{"seed":[36227,14591,30996,31864],"turns":31,"p1":"DJ Gible","p2":"Knight Ryan","p1team":[{"name":"Diancie","species":"Diancie","item":"diancite","ability":"Clear Body","moves":["earthpower","moonblast","ancientpower","protect"],"nature":"Timid","evs":{"hp":0,"atk":0,"def":0,"spa":252,"spd":4,"spe":252},"ivs":{"hp":31,"atk":31,"def":31,"spa":31,"spd":31,"spe":31}},{"name":"Tyranitar","species":"Tyranitar","item":"choicescarf","ability":"Sand Stream","moves":["stoneedge","pursuit","superpower","earthquake"],"nature":"Jolly","evs":{"hp":0,"atk":252,"def":0,"spa":0,"spd":4,"spe":252},"ivs":{"hp":31,"atk":31,"def":31,"spa":31,"spd":31,"spe":31}},{"name":"Omastar","species":"Omastar","item":"focussash","ability":"Weak Armor","moves":["shellsmash","icebeam","scald","ancientpower"],"nature":"Modest","evs":{"hp":0,"atk":0,"def":0,"spa":252,"spd":4,"spe":252},"ivs":{"hp":31,"atk":31,"def":31,"spa":31,"spd":31,"spe":31}},{"name":"Rhyperior","species":"Rhyperior","item":"weaknesspolicy","ability":"Solid Rock","moves":["earthquake","ironhead","poisonjab","stoneedge"],"nature":"Adamant","evs":{"hp":184,"atk":252,"def":64,"spa":0,"spd":8,"spe":0},"ivs":{"hp":31,"atk":31,"def":31,"spa":31,"spd":31,"spe":31}},{"name":"Terrakion","species":"Terrakion","item":"choicescarf","ability":"Justified","moves":["closecombat","stoneedge","zenheadbutt","poisonjab"],"nature":"Jolly","evs":{"hp":0,"atk":252,"def":0,"spa":0,"spd":4,"spe":252},"ivs":{"hp":31,"atk":31,"def":31,"spa":31,"spd":31,"spe":31}},{"name":"Shuckle","species":"Shuckle","item":"mentalherb","ability":"Sturdy","moves":["stickyweb","stealthrock","encore","toxic"],"nature":"Bold","evs":{"hp":248,"atk":0,"def":252,"spa":0,"spd":8,"spe":0},"ivs":{"hp":31,"atk":31,"def":31,"spa":31,"spd":31,"spe":31}}],"p2team":[{"name":"Breloom","species":"Breloom","item":"lifeorb","ability":"Technician","moves":["machpunch","bulletseed","swordsdance","spore"],"nature":"Jolly","evs":{"hp":0,"atk":252,"def":0,"spa":0,"spd":4,"spe":252},"gender":"M","ivs":{"hp":31,"atk":31,"def":31,"spa":31,"spd":31,"spe":31}},{"name":"Trevenant","species":"Trevenant","item":"lumberry","ability":"Harvest","moves":["willowisp","calmmind","shadowball","leechseed"],"nature":"Bold","evs":{"hp":248,"atk":0,"def":252,"spa":8,"spd":0,"spe":0},"gender":"F","shiny":true,"ivs":{"hp":31,"atk":31,"def":31,"spa":31,"spd":31,"spe":31}},{"name":"Venusaur","species":"Venusaur","item":"venusaurite","ability":"Chlorophyll","moves":["gigadrain","sludgebomb","earthquake","growth"],"nature":"Mild","evs":{"hp":0,"atk":4,"def":0,"spa":252,"spd":0,"spe":252},"gender":"M","ivs":{"hp":31,"atk":31,"def":31,"spa":31,"spd":31,"spe":31}},{"name":"Rotom-Mow","species":"Rotom-Mow","item":"sitrusberry","ability":"Levitate","moves":["discharge","leafstorm","hiddenpowerice","toxic"],"nature":"Modest","evs":{"hp":248,"atk":0,"def":0,"spa":252,"spd":8,"spe":0},"ivs":{"hp":31,"atk":30,"def":30,"spa":31,"spd":31,"spe":31}},{"name":"Ferrothorn","species":"Ferrothorn","item":"rockyhelmet","ability":"Iron Barbs","moves":["curse","gyroball","stealthrock","spikes"],"nature":"Relaxed","evs":{"hp":248,"atk":8,"def":252,"spa":0,"spd":0,"spe":0},"gender":"F","ivs":{"hp":31,"atk":31,"def":31,"spa":31,"spd":31,"spe":0}},{"name":"Serperior","species":"Serperior","item":"sitrusberry","ability":"Contrary","moves":["dragonpulse","leafstorm","hiddenpowerfire","glare"],"nature":"Timid","evs":{"hp":0,"atk":0,"def":0,"spa":252,"spd":4,"spe":252},"gender":"M","ivs":{"hp":31,"atk":30,"def":31,"spa":30,"spd":31,"spe":30},"shiny":true}],"log":["|player|p1|DJ Gible|198","|player|p2|Knight Ryan|170","|gametype|singles","|gen|6","|tier|Monotype","|rated","|rule|Baton Pass Clause: Limit one Baton Passer, can't pass Spe and other stats simultaneously","|rule|Swagger Clause: Swagger is banned","|rule|Same Type Clause: Pokémon in a team must share a type","|clearpoke","|poke|p1|Diancie","|poke|p1|Tyranitar, F","|poke|p1|Omastar, M","|poke|p1|Rhyperior, M","|poke|p1|Terrakion","|poke|p1|Shuckle, F","|poke|p2|Breloom, M","|poke|p2|Trevenant, F, shiny","|poke|p2|Venusaur, M","|poke|p2|Rotom-Mow","|poke|p2|Ferrothorn, F","|poke|p2|Serperior, M, shiny","|rule|Sleep Clause Mod: Limit one foe put to sleep","|rule|Species Clause: Limit one of each Pokémon","|rule|OHKO Clause: OHKO moves are banned","|rule|Moody Clause: Moody is banned","|rule|Evasion Moves Clause: Evasion moves are banned","|rule|Endless Battle Clause: Forcing endless battles is banned","|rule|HP Percentage Mod: HP is shown in percentages","|teampreview","|","|start","|switch|p1a: Shuckle|Shuckle, F|243/243","|switch|p2a: Breloom|Breloom, M|261/261","|turn|1","|","|move|p2a: Breloom|Spore|p1a: Shuckle","|-status|p1a: Shuckle|slp","|cant|p1a: Shuckle|slp","|","|turn|2","|","|move|p2a: Breloom|Swords Dance|p2a: Breloom","|-boost|p2a: Breloom|atk|2","|cant|p1a: Shuckle|slp","|","|turn|3","|","|move|p2a: Breloom|Swords Dance|p2a: Breloom","|-boost|p2a: Breloom|atk|2","|cant|p1a: Shuckle|slp","|","|turn|4","|","|move|p2a: Breloom|Swords Dance|p2a: Breloom","|-boost|p2a: Breloom|atk|2","|-curestatus|p1a: Shuckle|slp","|move|p1a: Shuckle|Encore|p2a: Breloom","|-start|p2a: Breloom|Encore","|","|turn|5","|","|move|p2a: Breloom|Swords Dance|p2a: Breloom","|-fail|p2a: Breloom","|move|p1a: Shuckle|Toxic|p2a: Breloom","|-status|p2a: Breloom|tox","|","|-damage|p2a: Breloom|245/261 tox|[from] psn","|turn|6","|","|move|p2a: Breloom|Swords Dance|p2a: Breloom","|-fail|p2a: Breloom","|move|p1a: Shuckle|Sticky Web|p2a: Breloom","|-sidestart|p2: Knight Ryan|move: Sticky Web","|","|-damage|p2a: Breloom|213/261 tox|[from] psn","|turn|7","|","|switch|p1a: Rhyperior|Rhyperior, M|417/417","|move|p2a: Breloom|Swords Dance|p2a: Breloom","|-fail|p2a: Breloom","|","|-damage|p2a: Breloom|165/261 tox|[from] psn","|-end|p2a: Breloom|Encore","|turn|8","|","|move|p2a: Breloom|Bullet Seed|p1a: Rhyperior","|-supereffective|p1a: Rhyperior","|-damage|p1a: Rhyperior|0 fnt","|-hitcount|p1a: Rhyperior|1","|-damage|p2a: Breloom|139/261 tox|[from] item: Life Orb","|faint|p1a: Rhyperior","|","|-damage|p2a: Breloom|75/261 tox|[from] psn","|","|switch|p1a: Diancie|Diancie|241/241","|turn|9","|","|detailschange|p1a: Diancie|Diancie-Mega","|-mega|p1a: Diancie|Diancie|Diancite","|move|p1a: Diancie|Protect|p1a: Diancie","|-singleturn|p1a: Diancie|Protect","|move|p2a: Breloom|Mach Punch|p1a: Diancie","|-activate|p1a: Diancie|Protect","|","|-damage|p2a: Breloom|0 fnt|[from] psn","|faint|p2a: Breloom","|","|switch|p2a: Venusaur|Venusaur, M|301/301","|-activate|p2a: Venusaur|move: Sticky Web","|-unboost|p2a: Venusaur|spe|1","|turn|10","|","|switch|p1a: Shuckle|Shuckle, F|243/243","|detailschange|p2a: Venusaur|Venusaur-Mega, M","|-mega|p2a: Venusaur|Venusaur|Venusaurite","|move|p2a: Venusaur|Giga Drain|p1a: Shuckle","|-damage|p1a: Shuckle|177/243","|","|turn|11","|","|move|p2a: Venusaur|Growth|p2a: Venusaur","|-boost|p2a: Venusaur|atk|1","|-boost|p2a: Venusaur|spa|1","|move|p1a: Shuckle|Stealth Rock|p2a: Venusaur","|-sidestart|p2: Knight Ryan|move: Stealth Rock","|","|turn|12","|","|move|p2a: Venusaur|Growth|p2a: Venusaur","|-boost|p2a: Venusaur|atk|1","|-boost|p2a: Venusaur|spa|1","|move|p1a: Shuckle|Encore|p2a: Venusaur","|-start|p2a: Venusaur|Encore","|","|turn|13","|","|switch|p1a: Omastar|Omastar, M|281/281","|move|p2a: Venusaur|Growth|p2a: Venusaur","|-boost|p2a: Venusaur|atk|1","|-boost|p2a: Venusaur|spa|1","|","|turn|14","|","|move|p1a: Omastar|Shell Smash|p1a: Omastar","|-unboost|p1a: Omastar|def|1","|-unboost|p1a: Omastar|spd|1","|-boost|p1a: Omastar|atk|2","|-boost|p1a: Omastar|spa|2","|-boost|p1a: Omastar|spe|2","|move|p2a: Venusaur|Growth|p2a: Venusaur","|-boost|p2a: Venusaur|atk|1","|-boost|p2a: Venusaur|spa|1","|","|turn|15","|","|move|p1a: Omastar|Shell Smash|p1a: Omastar","|-unboost|p1a: Omastar|def|1","|-unboost|p1a: Omastar|spd|1","|-boost|p1a: Omastar|atk|2","|-boost|p1a: Omastar|spa|2","|-boost|p1a: Omastar|spe|2","|move|p2a: Venusaur|Growth|p2a: Venusaur","|-boost|p2a: Venusaur|atk|1","|-boost|p2a: Venusaur|spa|1","|","|-end|p2a: Venusaur|Encore","|turn|16","|","|move|p1a: Omastar|Ice Beam|p2a: Venusaur","|-supereffective|p2a: Venusaur","|-damage|p2a: Venusaur|1/301","|move|p2a: Venusaur|Giga Drain|p1a: Omastar","|-supereffective|p1a: Omastar","|-enditem|p1a: Omastar|Focus Sash","|-damage|p1a: Omastar|1/281","|-heal|p2a: Venusaur|141/301|[from] drain|[of] p1a: Omastar","|","|turn|17","|","|move|p1a: Omastar|Ice Beam|p2a: Venusaur","|-supereffective|p2a: Venusaur","|-damage|p2a: Venusaur|0 fnt","|faint|p2a: Venusaur","|","|","|switch|p2a: Ferrothorn|Ferrothorn, F|351/351","|-activate|p2a: Ferrothorn|move: Sticky Web","|-unboost|p2a: Ferrothorn|spe|1","|-damage|p2a: Ferrothorn|330/351|[from] Stealth Rock","|turn|18","|","|move|p1a: Omastar|Ice Beam|p2a: Ferrothorn","|-damage|p2a: Ferrothorn|54/351","|move|p2a: Ferrothorn|Gyro Ball|p1a: Omastar","|-damage|p1a: Omastar|0 fnt","|faint|p1a: Omastar","|","|","|switch|p1a: Diancie|Diancie-Mega|241/241","|turn|19","|","|move|p1a: Diancie|Earth Power|p2a: Ferrothorn","|-damage|p2a: Ferrothorn|0 fnt","|faint|p2a: Ferrothorn","|","|","|switch|p2a: Rotom-Mow|Rotom-Mow|303/303","|-damage|p2a: Rotom-Mow|266/303|[from] Stealth Rock","|turn|20","|","|move|p1a: Diancie|Protect|p1a: Diancie","|-singleturn|p1a: Diancie|Protect","|move|p2a: Rotom-Mow|Discharge|p1a: Diancie","|-activate|p1a: Diancie|Protect","|","|turn|21","|","|move|p1a: Diancie|Ancient Power|p2a: Rotom-Mow","|-damage|p2a: Rotom-Mow|154/303","|move|p2a: Rotom-Mow|Discharge|p1a: Diancie","|-damage|p1a: Diancie|117/241","|","|turn|22","|","|move|p1a: Diancie|Moonblast|p2a: Rotom-Mow","|-damage|p2a: Rotom-Mow|0 fnt","|faint|p2a: Rotom-Mow","|","|","|switch|p2a: Trevenant|Trevenant, F, shiny|373/373","|-activate|p2a: Trevenant|move: Sticky Web","|-unboost|p2a: Trevenant|spe|1","|-damage|p2a: Trevenant|327/373|[from] Stealth Rock","|turn|23","|","|move|p1a: Diancie|Protect|p1a: Diancie","|-singleturn|p1a: Diancie|Protect","|move|p2a: Trevenant|Shadow Ball|p1a: Diancie","|-activate|p1a: Diancie|Protect","|","|turn|24","|","|move|p1a: Diancie|Moonblast|p2a: Trevenant","|-damage|p2a: Trevenant|80/373","|move|p2a: Trevenant|Shadow Ball|p1a: Diancie","|-damage|p1a: Diancie|57/241","|","|turn|25","|","|move|p1a: Diancie|Moonblast|p2a: Trevenant","|-damage|p2a: Trevenant|0 fnt","|faint|p2a: Trevenant","|","|","|switch|p2a: Serperior|Serperior, M, shiny|291/291","|-damage|p2a: Serperior|255/291|[from] Stealth Rock","|-activate|p2a: Serperior|move: Sticky Web","|-boost|p2a: Serperior|spe|1","|turn|26","|","|move|p1a: Diancie|Protect|p1a: Diancie","|-singleturn|p1a: Diancie|Protect","|move|p2a: Serperior|Leaf Storm|p1a: Diancie","|-activate|p1a: Diancie|Protect","|","|turn|27","|","|move|p2a: Serperior|Leaf Storm|p1a: Diancie","|-supereffective|p1a: Diancie","|-damage|p1a: Diancie|0 fnt","|-boost|p2a: Serperior|spa|2","|faint|p1a: Diancie","|","|","|switch|p1a: Tyranitar|Tyranitar, F|341/341","|-weather|Sandstorm","|turn|28","|","|move|p2a: Serperior|Leaf Storm|p1a: Tyranitar","|-supereffective|p1a: Tyranitar","|-damage|p1a: Tyranitar|0 fnt","|-boost|p2a: Serperior|spa|2","|faint|p1a: Tyranitar","|","|-weather|Sandstorm|[upkeep]","|-damage|p2a: Serperior|237/291|[from] sandstorm","|","|switch|p1a: Terrakion|Terrakion|323/323","|turn|29","|","|move|p2a: Serperior|Leaf Storm|p1a: Terrakion","|-supereffective|p1a: Terrakion","|-damage|p1a: Terrakion|0 fnt","|-boost|p2a: Serperior|spa|2","|faint|p1a: Terrakion","|","|-weather|Sandstorm|[upkeep]","|-damage|p2a: Serperior|219/291|[from] sandstorm","|","|switch|p1a: Shuckle|Shuckle, F|177/243","|turn|30","|","|move|p2a: Serperior|Dragon Pulse|p1a: Shuckle","|-damage|p1a: Shuckle|81/243","|move|p1a: Shuckle|Toxic|p2a: Serperior","|-status|p2a: Serperior|tox","|","|-weather|Sandstorm|[upkeep]","|-damage|p2a: Serperior|201/291 tox|[from] sandstorm","|-damage|p2a: Serperior|183/291 tox|[from] psn","|turn|31","|","|move|p2a: Serperior|Dragon Pulse|p1a: Shuckle","|-damage|p1a: Shuckle|0 fnt","|faint|p1a: Shuckle","|","|win|Knight Ryan"],"p1rating":{"entryid":"166635","serverid":"eos","formatid":"monotype","userid":"djgible","username":"DJ Gible","w":"26","l":32,"t":"0","gxe":46.9,"r":"1476.2724379568","rd":"48.427291672956","sigma":"0","rptime":"1441011600","rpr":1476.3683114565,"rprd":46.034413002755,"rpsigma":"0","acre":1096.5970330887,"lacre":1096.5970330887,"oldacre":"1121.4898011705"},"p2rating":{"entryid":"680905","serverid":"eos","formatid":"monotype","userid":"knightryan","username":"Knight Ryan","w":11,"l":"13","t":"0","gxe":48.5,"r":"1403.8094993324","rd":"97.799903656578","sigma":"0","rptime":"1441011600","rpr":1488.2982872788,"rprd":65.946383401113,"rpsigma":"0","acre":1147.8728257626,"lacre":1147.8728257626,"oldacre":"1122.9800576808"},"endType":"normal"}