{"seed":[10386,1283,50803,6136],"turns":19,"p1":"SLGoomy","p2":"Knight Ryan","p1team":[{"name":"Hippowdon","species":"Hippowdon","item":"leftovers","ability":"Sand Stream","moves":["stealthrock","earthquake","whirlwind","slackoff"],"nature":"Impish","evs":{"hp":248,"atk":8,"def":252,"spa":0,"spd":0,"spe":0},"ivs":{"hp":31,"atk":31,"def":31,"spa":31,"spd":31,"spe":31}},{"name":"Excadrill","species":"Excadrill","item":"choiceband","ability":"Sand Rush","moves":["ironhead","earthquake","rockslide","rapidspin"],"nature":"Jolly","evs":{"hp":0,"atk":252,"def":0,"spa":0,"spd":4,"spe":252},"ivs":{"hp":31,"atk":31,"def":31,"spa":31,"spd":31,"spe":31}},{"name":"Seismitoad","species":"Seismitoad","item":"assaultvest","ability":"Water Absorb","moves":["sludgewave","earthpower","scald","grassknot"],"nature":"","evs":{"hp":0,"atk":0,"def":0,"spa":0,"spd":0,"spe":0},"ivs":{"hp":31,"atk":31,"def":31,"spa":31,"spd":31,"spe":31}},{"name":"Mamoswine","species":"Mamoswine","item":"lifeorb","ability":"Snow Cloak","moves":["earthquake","iciclespear","iceshard","freezedry"],"nature":"Naive","evs":{"hp":0,"atk":252,"def":0,"spa":4,"spd":0,"spe":252},"ivs":{"hp":31,"atk":31,"def":31,"spa":31,"spd":31,"spe":31}},{"name":"Landorus-Therian","species":"Landorus-Therian","item":"leftovers","ability":"Intimidate","moves":["knockoff","swordsdance","rockpolish","earthquake"],"nature":"Adamant","evs":{"hp":0,"atk":252,"def":0,"spa":0,"spd":4,"spe":252},"ivs":{"hp":31,"atk":31,"def":31,"spa":31,"spd":31,"spe":31}},{"name":"Camerupt","species":"Camerupt","item":"cameruptite","ability":"Magma Armor","moves":["flamethrower","earthpower","rockslide","willowisp"],"nature":"Modest","evs":{"hp":248,"atk":8,"def":0,"spa":0,"spd":252,"spe":0},"ivs":{"hp":31,"atk":31,"def":31,"spa":31,"spd":31,"spe":31}}],"p2team":[{"name":"Breloom","species":"Breloom","item":"lifeorb","ability":"Technician","moves":["machpunch","bulletseed","swordsdance","spore"],"nature":"Jolly","evs":{"hp":0,"atk":252,"def":0,"spa":0,"spd":4,"spe":252},"gender":"M","ivs":{"hp":31,"atk":31,"def":31,"spa":31,"spd":31,"spe":31}},{"name":"Trevenant","species":"Trevenant","item":"lumberry","ability":"Harvest","moves":["willowisp","calmmind","shadowball","leechseed"],"nature":"Bold","evs":{"hp":248,"atk":0,"def":252,"spa":8,"spd":0,"spe":0},"gender":"F","shiny":true,"ivs":{"hp":31,"atk":31,"def":31,"spa":31,"spd":31,"spe":31}},{"name":"Venusaur","species":"Venusaur","item":"venusaurite","ability":"Chlorophyll","moves":["gigadrain","sludgebomb","earthquake","growth"],"nature":"Mild","evs":{"hp":0,"atk":4,"def":0,"spa":252,"spd":0,"spe":252},"gender":"M","ivs":{"hp":31,"atk":31,"def":31,"spa":31,"spd":31,"spe":31}},{"name":"Rotom-Mow","species":"Rotom-Mow","item":"sitrusberry","ability":"Levitate","moves":["discharge","leafstorm","hiddenpowerice","toxic"],"nature":"Modest","evs":{"hp":248,"atk":0,"def":0,"spa":252,"spd":8,"spe":0},"ivs":{"hp":31,"atk":30,"def":30,"spa":31,"spd":31,"spe":31}},{"name":"Ferrothorn","species":"Ferrothorn","item":"rockyhelmet","ability":"Iron Barbs","moves":["curse","gyroball","stealthrock","spikes"],"nature":"Relaxed","evs":{"hp":248,"atk":8,"def":252,"spa":0,"spd":0,"spe":0},"gender":"F","ivs":{"hp":31,"atk":31,"def":31,"spa":31,"spd":31,"spe":0}},{"name":"Serperior","species":"Serperior","item":"sitrusberry","ability":"Contrary","moves":["dragonpulse","leafstorm","hiddenpowerfire","glare"],"nature":"Timid","evs":{"hp":0,"atk":0,"def":0,"spa":252,"spd":4,"spe":252},"gender":"M","ivs":{"hp":31,"atk":30,"def":31,"spa":30,"spd":31,"spe":30},"shiny":true}],"log":["|player|p1|SLGoomy|269","|player|p2|Knight Ryan|170","|gametype|singles","|gen|6","|tier|Monotype","|rated","|rule|Baton Pass Clause: Limit one Baton Passer, can't pass Spe and other stats simultaneously","|rule|Swagger Clause: Swagger is banned","|rule|Same Type Clause: Pokémon in a team must share a type","|clearpoke","|poke|p1|Hippowdon, M","|poke|p1|Excadrill, M","|poke|p1|Seismitoad, M","|poke|p1|Mamoswine, M","|poke|p1|Landorus-Therian, M","|poke|p1|Camerupt, F","|poke|p2|Breloom, M","|poke|p2|Trevenant, F, shiny","|poke|p2|Venusaur, M","|poke|p2|Rotom-Mow","|poke|p2|Ferrothorn, F","|poke|p2|Serperior, M, shiny","|rule|Sleep Clause Mod: Limit one foe put to sleep","|rule|Species Clause: Limit one of each Pokémon","|rule|OHKO Clause: OHKO moves are banned","|rule|Moody Clause: Moody is banned","|rule|Evasion Moves Clause: Evasion moves are banned","|rule|Endless Battle Clause: Forcing endless battles is banned","|rule|HP Percentage Mod: HP is shown in percentages","|teampreview","|","|start","|switch|p1a: Hippowdon|Hippowdon, M|419/419","|switch|p2a: Serperior|Serperior, M, shiny|291/291","|-weather|Sandstorm","|turn|1","|","|move|p2a: Serperior|Leaf Storm|p1a: Hippowdon|[miss]","|-miss|p2a: Serperior|p1a: Hippowdon","|move|p1a: Hippowdon|Stealth Rock|p2a: Serperior","|-sidestart|p2: Knight Ryan|move: Stealth Rock","|","|-weather|Sandstorm|[upkeep]","|-damage|p2a: Serperior|273/291|[from] sandstorm","|turn|2","|","|move|p2a: Serperior|Leaf Storm|p1a: Hippowdon|[miss]","|-miss|p2a: Serperior|p1a: Hippowdon","|move|p1a: Hippowdon|Whirlwind|p2a: Serperior","|drag|p2a: Rotom-Mow|Rotom-Mow|303/303","|-damage|p2a: Rotom-Mow|266/303|[from] Stealth Rock","|","|-weather|Sandstorm|[upkeep]","|-damage|p2a: Rotom-Mow|248/303|[from] sandstorm","|turn|3","|","|move|p2a: Rotom-Mow|Toxic|p1a: Hippowdon|[miss]","|-miss|p2a: Rotom-Mow|p1a: Hippowdon","|move|p1a: Hippowdon|Whirlwind|p2a: Rotom-Mow","|drag|p2a: Breloom|Breloom, M|261/261","|-damage|p2a: Breloom|245/261|[from] Stealth Rock","|","|-weather|Sandstorm|[upkeep]","|-damage|p2a: Breloom|229/261|[from] sandstorm","|turn|4","|","|move|p2a: Breloom|Spore|p1a: Hippowdon","|-status|p1a: Hippowdon|slp","|cant|p1a: Hippowdon|slp","|","|-weather|Sandstorm|[upkeep]","|-damage|p2a: Breloom|213/261|[from] sandstorm","|turn|5","|","|switch|p1a: Camerupt|Camerupt, F|343/343","|move|p2a: Breloom|Swords Dance|p2a: Breloom","|-boost|p2a: Breloom|atk|2","|","|-weather|none","|turn|6","|","|detailschange|p1a: Camerupt|Camerupt-Mega, F","|-mega|p1a: Camerupt|Camerupt|Cameruptite","|move|p2a: Breloom|Bullet Seed|p1a: Camerupt","|-damage|p1a: Camerupt|156/343","|-damage|p1a: Camerupt|0 fnt","|-hitcount|p1a: Camerupt|2","|-damage|p2a: Breloom|187/261|[from] item: Life Orb","|faint|p1a: Camerupt","|","|","|switch|p1a: Mamoswine|Mamoswine, M|361/361","|turn|7","|","|move|p1a: Mamoswine|Ice Shard|p2a: Breloom","|-supereffective|p2a: Breloom","|-damage|p2a: Breloom|0 fnt","|-damage|p1a: Mamoswine|325/361|[from] item: Life Orb","|faint|p2a: Breloom","|","|","|switch|p2a: Venusaur|Venusaur, M|301/301","|-damage|p2a: Venusaur|264/301|[from] Stealth Rock","|turn|8","|","|detailschange|p2a: Venusaur|Venusaur-Mega, M","|-mega|p2a: Venusaur|Venusaur|Venusaurite","|move|p1a: Mamoswine|Icicle Spear|p2a: Venusaur","|-supereffective|p2a: Venusaur","|-damage|p2a: Venusaur|207/301","|-supereffective|p2a: Venusaur","|-damage|p2a: Venusaur|150/301","|-hitcount|p2a: Venusaur|2","|-damage|p1a: Mamoswine|289/361|[from] item: Life Orb","|move|p2a: Venusaur|Giga Drain|p1a: Mamoswine","|-supereffective|p1a: Mamoswine","|-damage|p1a: Mamoswine|0 fnt","|-heal|p2a: Venusaur|295/301|[from] drain|[of] p1a: Mamoswine","|faint|p1a: Mamoswine","|","|","|switch|p1a: Hippowdon|Hippowdon, M|419/419 slp","|-weather|Sandstorm","|turn|9","|","|move|p2a: Venusaur|Growth|p2a: Venusaur","|-boost|p2a: Venusaur|atk|1","|-boost|p2a: Venusaur|spa|1","|-curestatus|p1a: Hippowdon|slp","|move|p1a: Hippowdon|Whirlwind|p2a: Venusaur","|drag|p2a: Trevenant|Trevenant, F, shiny|373/373","|-damage|p2a: Trevenant|327/373|[from] Stealth Rock","|","|-weather|Sandstorm|[upkeep]","|-damage|p2a: Trevenant|304/373|[from] sandstorm","|turn|10","|","|move|p2a: Trevenant|Will-O-Wisp|p1a: Hippowdon","|-status|p1a: Hippowdon|brn","|move|p1a: Hippowdon|Whirlwind|p2a: Trevenant","|drag|p2a: Rotom-Mow|Rotom-Mow|248/303","|-damage|p2a: Rotom-Mow|211/303|[from] Stealth Rock","|","|-weather|Sandstorm|[upkeep]","|-damage|p2a: Rotom-Mow|193/303|[from] sandstorm","|-damage|p1a: Hippowdon|367/419 brn|[from] brn","|turn|11","|","|move|p2a: Rotom-Mow|Hidden Power|p1a: Hippowdon","|-crit|p1a: Hippowdon","|-supereffective|p1a: Hippowdon","|-damage|p1a: Hippowdon|89/419 brn","|move|p1a: Hippowdon|Whirlwind|p2a: Rotom-Mow","|drag|p2a: Venusaur|Venusaur-Mega, M|295/301","|-damage|p2a: Venusaur|258/301|[from] Stealth Rock","|","|-weather|Sandstorm|[upkeep]","|-damage|p2a: Venusaur|240/301|[from] sandstorm","|-heal|p1a: Hippowdon|115/419 brn|[from] item: Leftovers","|-damage|p1a: Hippowdon|63/419 brn|[from] brn","|turn|12","|","|move|p2a: Venusaur|Giga Drain|p1a: Hippowdon","|-supereffective|p1a: Hippowdon","|-damage|p1a: Hippowdon|0 fnt","|-heal|p2a: Venusaur|272/301|[from] drain|[of] p1a: Hippowdon","|faint|p1a: Hippowdon","|","|-weather|Sandstorm|[upkeep]","|-damage|p2a: Venusaur|254/301|[from] sandstorm","|","|switch|p1a: Landorus-Therian|Landorus-Therian, M|319/319","|-ability|p1a: Landorus-Therian|Intimidate","|-unboost|p2a: Venusaur|atk|1","|turn|13","|","|move|p1a: Landorus-Therian|Swords Dance|p1a: Landorus-Therian","|-boost|p1a: Landorus-Therian|atk|2","|move|p2a: Venusaur|Giga Drain|p1a: Landorus-Therian","|-damage|p1a: Landorus-Therian|148/319","|-heal|p2a: Venusaur|301/301|[from] drain|[of] p1a: Landorus-Therian","|","|-weather|none","|-heal|p1a: Landorus-Therian|167/319|[from] item: Leftovers","|turn|14","|","|move|p1a: Landorus-Therian|Earthquake|p2a: Venusaur","|-damage|p2a: Venusaur|0 fnt","|faint|p2a: Venusaur","|","|-heal|p1a: Landorus-Therian|186/319|[from] item: Leftovers","|","|switch|p2a: Rotom-Mow|Rotom-Mow|193/303","|-damage|p2a: Rotom-Mow|156/303|[from] Stealth Rock","|turn|15","|","|move|p1a: Landorus-Therian|Knock Off|p2a: Rotom-Mow","|-damage|p2a: Rotom-Mow|0 fnt","|-enditem|p2a: Rotom-Mow|Sitrus Berry|[from] move: Knock Off|[of] p1a: Landorus-Therian","|faint|p2a: Rotom-Mow","|","|-heal|p1a: Landorus-Therian|205/319|[from] item: Leftovers","|","|switch|p2a: Serperior|Serperior, M, shiny|273/291","|-damage|p2a: Serperior|237/291|[from] Stealth Rock","|turn|16","|","|move|p2a: Serperior|Leaf Storm|p1a: Landorus-Therian","|-damage|p1a: Landorus-Therian|15/319","|-boost|p2a: Serperior|spa|2","|move|p1a: Landorus-Therian|Knock Off|p2a: Serperior","|-damage|p2a: Serperior|0 fnt","|-enditem|p2a: Serperior|Sitrus Berry|[from] move: Knock Off|[of] p1a: Landorus-Therian","|faint|p2a: Serperior","|","|-heal|p1a: Landorus-Therian|34/319|[from] item: Leftovers","|","|switch|p2a: Ferrothorn|Ferrothorn, F|351/351","|-damage|p2a: Ferrothorn|330/351|[from] Stealth Rock","|turn|17","|","|move|p1a: Landorus-Therian|Earthquake|p2a: Ferrothorn","|-damage|p2a: Ferrothorn|83/351","|move|p2a: Ferrothorn|Spikes|p1a: Landorus-Therian","|-sidestart|p1: SLGoomy|Spikes","|","|-heal|p1a: Landorus-Therian|53/319|[from] item: Leftovers","|turn|18","|","|move|p1a: Landorus-Therian|Earthquake|p2a: Ferrothorn","|-damage|p2a: Ferrothorn|0 fnt","|faint|p2a: Ferrothorn","|","|-heal|p1a: Landorus-Therian|72/319|[from] item: Leftovers","|","|switch|p2a: Trevenant|Trevenant, F, shiny|304/373","|-damage|p2a: Trevenant|258/373|[from] Stealth Rock","|turn|19","|","|move|p1a: Landorus-Therian|Knock Off|p2a: Trevenant","|-supereffective|p2a: Trevenant","|-damage|p2a: Trevenant|0 fnt","|-enditem|p2a: Trevenant|Lum Berry|[from] move: Knock Off|[of] p1a: Landorus-Therian","|faint|p2a: Trevenant","|","|win|SLGoomy"],"p1rating":{"entryid":"547277","serverid":"eos","formatid":"monotype","userid":"slgoomy","username":"SLGoomy","w":7,"l":"9","t":"0","gxe":43,"r":"1429.4537151953","rd":"81.017784853226","sigma":"0","rptime":"1441011600","rpr":1446.0062282198,"rprd":75.68857589246,"rpsigma":"0","acre":1098.5741526662,"lacre":1098.5741526662,"oldacre":"1067.77045397"},"p2rating":{"entryid":"680905","serverid":"eos","formatid":"monotype","userid":"knightryan","username":"Knight Ryan","w":"4","l":8,"t":"0","gxe":41,"r":"1403.8094993324","rd":"97.799903656578","sigma":"0","rptime":"1441011600","rpr":1429.5698113553,"rprd":82.629762310173,"rpsigma":"0","acre":1056.4925158201,"lacre":1056.4925158201,"oldacre":"1079.061982233"},"endType":"normal"}