{"seed":[52033,9185,14317,62926],"turns":28,"p1":"Gym Ldr Mitsuka∆","p2":"Imp❇ Jk","p1team":[{"name":"Victreebel","species":"Victreebel","item":"salacberry","ability":"Gluttony","moves":["belch","substitute","gigadrain","knockoff"],"nature":"Naive","evs":{"hp":0,"atk":8,"def":0,"spa":252,"spd":0,"spe":248},"ivs":{"hp":31,"atk":31,"def":31,"spa":31,"spd":31,"spe":31}},{"name":"Venusaur","species":"Venusaur","item":"venusaurite","ability":"Overgrow","moves":["synthesis","earthquake","leechseed","sludgebomb"],"nature":"Sassy","evs":{"hp":248,"atk":8,"def":172,"spa":0,"spd":80,"spe":0},"ivs":{"hp":31,"atk":31,"def":31,"spa":31,"spd":31,"spe":31}},{"name":"Breloom","species":"Breloom","item":"focussash","ability":"Technician","moves":["spore","swordsdance","machpunch","rocktomb"],"nature":"Jolly","evs":{"hp":0,"atk":252,"def":0,"spa":0,"spd":4,"spe":252},"ivs":{"hp":31,"atk":31,"def":31,"spa":31,"spd":31,"spe":31}},{"name":"Celebi","species":"Celebi","item":"lifeorb","ability":"Natural Cure","moves":["psychic","earthpower","gigadrain","suckerpunch"],"nature":"Mild","evs":{"hp":252,"atk":72,"def":0,"spa":184,"spd":0,"spe":0},"ivs":{"hp":31,"atk":31,"def":31,"spa":31,"spd":31,"spe":31}},{"name":"Ferrothorn","species":"Ferrothorn","item":"occaberry","ability":"Iron Barbs","moves":["leechseed","stealthrock","gyroball","knockoff"],"nature":"Careful","evs":{"hp":248,"atk":8,"def":0,"spa":0,"spd":252,"spe":0},"ivs":{"hp":31,"atk":31,"def":31,"spa":31,"spd":31,"spe":0}},{"name":"Serperior","species":"Serperior","item":"lifeorb","ability":"Contrary","moves":["leafstorm","gigadrain","hiddenpowerfire","dragonpulse"],"nature":"Timid","evs":{"hp":0,"atk":0,"def":0,"spa":252,"spd":4,"spe":252},"ivs":{"hp":31,"atk":30,"def":31,"spa":30,"spd":31,"spe":30}}],"p2team":[{"name":"Cobalion","species":"Cobalion","item":"leftovers","ability":"Justified","moves":["thunderwave","ironhead","stealthrock","taunt"],"nature":"Impish","evs":{"hp":252,"atk":4,"def":252,"spa":0,"spd":0,"spe":0},"ivs":{"hp":31,"atk":31,"def":31,"spa":31,"spd":31,"spe":31}},{"name":"Scrafty","species":"Scrafty","item":"leftovers","ability":"Shed Skin","moves":["icepunch","crunch","drainpunch","bulkup"],"nature":"Careful","evs":{"hp":252,"atk":16,"def":0,"spa":0,"spd":240,"spe":0},"ivs":{"hp":31,"atk":31,"def":31,"spa":31,"spd":31,"spe":31}},{"name":"Hitmontop","species":"Hitmontop","item":"assaultvest","ability":"Intimidate","moves":["endeavor","seismictoss","suckerpunch","rapidspin"],"nature":"Impish","evs":{"hp":252,"atk":0,"def":64,"spa":0,"spd":192,"spe":0},"ivs":{"hp":31,"atk":31,"def":31,"spa":31,"spd":31,"spe":31}},{"name":"Infernape","species":"Infernape","item":"focussash","ability":"Blaze","moves":["flamethrower","vacuumwave","nastyplot","encore"],"nature":"Timid","evs":{"hp":0,"atk":0,"def":0,"spa":252,"spd":0,"spe":252},"ivs":{"hp":31,"atk":31,"def":31,"spa":31,"spd":31,"spe":31}},{"name":"Heracross","species":"Heracross","item":"heracronite","ability":"Moxie","moves":["bulletseed","pinmissile","rockblast","closecombat"],"nature":"Adamant","evs":{"hp":252,"atk":120,"def":136,"spa":0,"spd":0,"spe":0},"ivs":{"hp":31,"atk":31,"def":31,"spa":31,"spd":31,"spe":31}},{"name":"Terrakion","species":"Terrakion","item":"choicescarf","ability":"Justified","moves":["closecombat","stoneedge","earthquake","ironhead"],"nature":"Adamant","evs":{"hp":4,"atk":252,"def":0,"spa":0,"spd":0,"spe":252},"ivs":{"hp":31,"atk":31,"def":31,"spa":31,"spd":31,"spe":31}}],"log":["|player|p1|Gym Ldr Mitsuka∆|2","|player|p2|Imp❇ Jk|93","|gametype|singles","|gen|6","|tier|Monotype","|rated","|rule|Baton Pass Clause: Limit one Baton Passer, can't pass Spe and other stats simultaneously","|rule|Swagger Clause: Swagger is banned","|rule|Same Type Clause: Pokémon in a team must share a type","|clearpoke","|poke|p1|Victreebel, M","|poke|p1|Venusaur, M","|poke|p1|Breloom, F","|poke|p1|Celebi","|poke|p1|Ferrothorn, F","|poke|p1|Serperior, M","|poke|p2|Cobalion","|poke|p2|Scrafty, M","|poke|p2|Hitmontop, M","|poke|p2|Infernape, F","|poke|p2|Heracross, F","|poke|p2|Terrakion","|rule|Sleep Clause Mod: Limit one foe put to sleep","|rule|Species Clause: Limit one of each Pokémon","|rule|OHKO Clause: OHKO moves are banned","|rule|Moody Clause: Moody is banned","|rule|Evasion Moves Clause: Evasion moves are banned","|rule|Endless Battle Clause: Forcing endless battles is banned","|rule|HP Percentage Mod: HP is shown in percentages","|teampreview","|","|start","|switch|p1a: Ferrothorn|Ferrothorn, F|351/351","|switch|p2a: Cobalion|Cobalion|386/386","|turn|1","|","|move|p2a: Cobalion|Taunt|p1a: Ferrothorn","|-start|p1a: Ferrothorn|move: Taunt","|move|p1a: Ferrothorn|Gyro Ball|p2a: Cobalion","|-resisted|p2a: Cobalion","|-damage|p2a: Cobalion|336/386","|","|-heal|p2a: Cobalion|360/386|[from] item: Leftovers","|turn|2","|","|switch|p1a: Breloom|Breloom, F|261/261","|move|p2a: Cobalion|Stealth Rock|p1a: Breloom","|-sidestart|p1: Gym Ldr Mitsuka∆|move: Stealth Rock","|","|-heal|p2a: Cobalion|384/386|[from] item: Leftovers","|turn|3","|","|move|p1a: Breloom|Swords Dance|p1a: Breloom","|-boost|p1a: Breloom|atk|2","|move|p2a: Cobalion|Taunt|p1a: Breloom","|-start|p1a: Breloom|move: Taunt","|","|-heal|p2a: Cobalion|386/386|[from] item: Leftovers","|turn|4","|","|move|p1a: Breloom|Mach Punch|p2a: Cobalion","|-supereffective|p2a: Cobalion","|-damage|p2a: Cobalion|150/386","|move|p2a: Cobalion|Thunder Wave|p1a: Breloom","|-status|p1a: Breloom|par","|","|-heal|p2a: Cobalion|174/386|[from] item: Leftovers","|turn|5","|","|move|p1a: Breloom|Mach Punch|p2a: Cobalion","|-supereffective|p2a: Cobalion","|-damage|p2a: Cobalion|0 fnt","|faint|p2a: Cobalion","|","|","|switch|p2a: Heracross|Heracross, F|364/364","|turn|6","|","|detailschange|p2a: Heracross|Heracross-Mega, F","|-mega|p2a: Heracross|Heracross|Heracronite","|move|p2a: Heracross|Pin Missile|p1a: Breloom","|-damage|p1a: Breloom|185/261 par","|-damage|p1a: Breloom|112/261 par","|-damage|p1a: Breloom|34/261 par","|-damage|p1a: Breloom|0 fnt","|-hitcount|p1a: Breloom|4","|faint|p1a: Breloom","|","|","|switch|p1a: Ferrothorn|Ferrothorn, F|351/351","|-damage|p1a: Ferrothorn|330/351|[from] Stealth Rock","|turn|7","|","|switch|p2a: Scrafty|Scrafty, M|334/334","|move|p1a: Ferrothorn|Gyro Ball|p2a: Scrafty","|-damage|p2a: Scrafty|246/334","|","|-heal|p2a: Scrafty|266/334|[from] item: Leftovers","|turn|8","|","|move|p2a: Scrafty|Bulk Up|p2a: Scrafty","|-boost|p2a: Scrafty|atk|1","|-boost|p2a: Scrafty|def|1","|move|p1a: Ferrothorn|Stealth Rock|p2a: Scrafty","|-sidestart|p2: Imp❇ Jk|move: Stealth Rock","|","|-heal|p2a: Scrafty|286/334|[from] item: Leftovers","|turn|9","|","|move|p2a: Scrafty|Bulk Up|p2a: Scrafty","|-boost|p2a: Scrafty|atk|1","|-boost|p2a: Scrafty|def|1","|move|p1a: Ferrothorn|Leech Seed|p2a: Scrafty","|-start|p2a: Scrafty|move: Leech Seed","|","|-heal|p2a: Scrafty|306/334|[from] item: Leftovers","|-damage|p2a: Scrafty|265/334|[from] Leech Seed|[of] p1a: Ferrothorn","|-heal|p1a: Ferrothorn|351/351|[silent]","|turn|10","|","|switch|p1a: Venusaur|Venusaur, M|363/363","|-damage|p1a: Venusaur|318/363|[from] Stealth Rock","|move|p2a: Scrafty|Drain Punch|p1a: Venusaur","|-resisted|p1a: Venusaur","|-damage|p1a: Venusaur|234/363","|-heal|p2a: Scrafty|307/334|[from] drain|[of] p1a: Venusaur","|","|-heal|p2a: Scrafty|327/334|[from] item: Leftovers","|-damage|p2a: Scrafty|286/334|[from] Leech Seed|[of] p1a: Venusaur","|-heal|p1a: Venusaur|275/363|[silent]","|turn|11","|","|detailschange|p1a: Venusaur|Venusaur-Mega, M","|-mega|p1a: Venusaur|Venusaur|Venusaurite","|move|p1a: Venusaur|Sludge Bomb|p2a: Scrafty","|-damage|p2a: Scrafty|205/334","|move|p2a: Scrafty|Crunch|p1a: Venusaur","|-damage|p1a: Venusaur|145/363","|","|-heal|p2a: Scrafty|225/334|[from] item: Leftovers","|-damage|p2a: Scrafty|184/334|[from] Leech Seed|[of] p1a: Venusaur","|-heal|p1a: Venusaur|186/363|[silent]","|turn|12","|","|move|p1a: Venusaur|Sludge Bomb|p2a: Scrafty","|-damage|p2a: Scrafty|103/334","|-status|p2a: Scrafty|psn","|move|p2a: Scrafty|Crunch|p1a: Venusaur","|-damage|p1a: Venusaur|62/363","|-unboost|p1a: Venusaur|def|1","|","|-heal|p2a: Scrafty|123/334 psn|[from] item: Leftovers","|-damage|p2a: Scrafty|82/334 psn|[from] Leech Seed|[of] p1a: Venusaur","|-heal|p1a: Venusaur|103/363|[silent]","|-damage|p2a: Scrafty|41/334 psn|[from] psn","|turn|13","|","|move|p1a: Venusaur|Synthesis|p1a: Venusaur","|-heal|p1a: Venusaur|284/363","|move|p2a: Scrafty|Crunch|p1a: Venusaur","|-damage|p1a: Venusaur|77/363","|","|-heal|p2a: Scrafty|61/334 psn|[from] item: Leftovers","|-damage|p2a: Scrafty|20/334 psn|[from] Leech Seed|[of] p1a: Venusaur","|-heal|p1a: Venusaur|118/363|[silent]","|-damage|p2a: Scrafty|0 fnt|[from] psn","|faint|p2a: Scrafty","|","|switch|p2a: Hitmontop|Hitmontop, M|304/304","|-damage|p2a: Hitmontop|285/304|[from] Stealth Rock","|-ability|p2a: Hitmontop|Intimidate","|-unboost|p1a: Venusaur|atk|1","|turn|14","|","|switch|p1a: Ferrothorn|Ferrothorn, F|351/351","|-damage|p1a: Ferrothorn|330/351|[from] Stealth Rock","|move|p2a: Hitmontop|Rapid Spin|p1a: Ferrothorn","|-resisted|p1a: Ferrothorn","|-damage|p1a: Ferrothorn|324/351","|-damage|p2a: Hitmontop|247/304|[from] ability: Iron Barbs|[of] p1a: Ferrothorn","|-sideend|p2: Imp❇ Jk|Stealth Rock|[from] move: Rapid Spin|[of] p2a: Hitmontop","|","|turn|15","|","|switch|p2a: Infernape|Infernape, F|293/293","|move|p1a: Ferrothorn|Stealth Rock|p2a: Infernape","|-sidestart|p2: Imp❇ Jk|move: Stealth Rock","|","|turn|16","|","|move|p2a: Infernape|Flamethrower|p1a: Ferrothorn","|-supereffective|p1a: Ferrothorn","|-enditem|p1a: Ferrothorn|Occa Berry|[eat]","|-damage|p1a: Ferrothorn|142/351","|move|p1a: Ferrothorn|Gyro Ball|p2a: Infernape","|-resisted|p2a: Infernape","|-damage|p2a: Infernape|182/293","|","|turn|17","|","|move|p2a: Infernape|Flamethrower|p1a: Ferrothorn","|-supereffective|p1a: Ferrothorn","|-damage|p1a: Ferrothorn|0 fnt","|faint|p1a: Ferrothorn","|","|","|switch|p1a: Serperior|Serperior, M|291/291","|-damage|p1a: Serperior|255/291|[from] Stealth Rock","|turn|18","|","|move|p1a: Serperior|Leaf Storm|p2a: Infernape","|-resisted|p2a: Infernape","|-damage|p2a: Infernape|46/293","|-boost|p1a: Serperior|spa|2","|-damage|p1a: Serperior|226/291|[from] item: Life Orb","|move|p2a: Infernape|Flamethrower|p1a: Serperior","|-supereffective|p1a: Serperior","|-damage|p1a: Serperior|0 fnt","|faint|p1a: Serperior","|","|","|switch|p1a: Celebi|Celebi|404/404","|-damage|p1a: Celebi|354/404|[from] Stealth Rock","|turn|19","|","|move|p1a: Celebi|Sucker Punch|p2a: Infernape","|-resisted|p2a: Infernape","|-damage|p2a: Infernape|0 fnt","|-damage|p1a: Celebi|314/404|[from] item: Life Orb","|faint|p2a: Infernape","|","|","|switch|p2a: Hitmontop|Hitmontop, M|247/304","|-damage|p2a: Hitmontop|228/304|[from] Stealth Rock","|-ability|p2a: Hitmontop|Intimidate","|-unboost|p1a: Celebi|atk|1","|turn|20","|","|move|p1a: Celebi|Giga Drain|p2a: Hitmontop","|-damage|p2a: Hitmontop|153/304","|-heal|p1a: Celebi|352/404|[from] drain|[of] p2a: Hitmontop","|-damage|p1a: Celebi|312/404|[from] item: Life Orb","|move|p2a: Hitmontop|Rapid Spin|p1a: Celebi","|-damage|p1a: Celebi|293/404","|-sideend|p2: Imp❇ Jk|Stealth Rock|[from] move: Rapid Spin|[of] p2a: Hitmontop","|","|turn|21","|","|switch|p1a: Venusaur|Venusaur-Mega, M|118/363","|-damage|p1a: Venusaur|73/363|[from] Stealth Rock","|move|p2a: Hitmontop|Seismic Toss|p1a: Venusaur","|-damage|p1a: Venusaur|0 fnt","|faint|p1a: Venusaur","|","|","|switch|p1a: Victreebel|Victreebel, M|301/301","|-damage|p1a: Victreebel|264/301|[from] Stealth Rock","|turn|22","|","|move|p1a: Victreebel|Substitute|p1a: Victreebel","|-start|p1a: Victreebel|Substitute","|-damage|p1a: Victreebel|189/301","|move|p2a: Hitmontop|Seismic Toss|p1a: Victreebel","|-end|p1a: Victreebel|Substitute","|","|turn|23","|","|move|p1a: Victreebel|Substitute|p1a: Victreebel","|-start|p1a: Victreebel|Substitute","|-damage|p1a: Victreebel|114/301","|-enditem|p1a: Victreebel|Salac Berry|[eat]","|-boost|p1a: Victreebel|spe|1|[from] item: Salac Berry","|move|p2a: Hitmontop|Seismic Toss|p1a: Victreebel","|-end|p1a: Victreebel|Substitute","|","|turn|24","|","|move|p1a: Victreebel|Belch|p2a: Hitmontop","|-damage|p2a: Hitmontop|62/304","|move|p2a: Hitmontop|Seismic Toss|p1a: Victreebel","|-damage|p1a: Victreebel|14/301","|","|turn|25","|","|move|p2a: Hitmontop|Sucker Punch|p1a: Victreebel","|-damage|p1a: Victreebel|0 fnt","|faint|p1a: Victreebel","|","|","|switch|p1a: Celebi|Celebi|293/404","|-damage|p1a: Celebi|243/404|[from] Stealth Rock","|turn|26","|","|move|p1a: Celebi|Sucker Punch|p2a: Hitmontop","|-crit|p2a: Hitmontop","|-resisted|p2a: Hitmontop","|-damage|p2a: Hitmontop|0 fnt","|-damage|p1a: Celebi|203/404|[from] item: Life Orb","|faint|p2a: Hitmontop","|","|","|switch|p2a: Heracross|Heracross-Mega, F|364/364","|turn|27","|","|move|p1a: Celebi|Psychic|p2a: Heracross","|-supereffective|p2a: Heracross","|-damage|p2a: Heracross|0 fnt","|-damage|p1a: Celebi|163/404|[from] item: Life Orb","|faint|p2a: Heracross","|","|","|switch|p2a: Terrakion|Terrakion|324/324","|turn|28","|","|move|p2a: Terrakion|Iron Head|p1a: Celebi","|-damage|p1a: Celebi|55/404","|move|p1a: Celebi|Giga Drain|p2a: Terrakion","|-supereffective|p2a: Terrakion","|-damage|p2a: Terrakion|0 fnt","|-heal|p1a: Celebi|217/404|[from] drain|[of] p2a: Terrakion","|-damage|p1a: Celebi|177/404|[from] item: Life Orb","|faint|p2a: Terrakion","|","|win|Gym Ldr Mitsuka∆"],"p1rating":{"entryid":"379503","serverid":"eos","formatid":"monotype","userid":"gymldrmitsuka","username":"Gym Ldr Mitsuka∆","w":36,"l":"19","t":"0","gxe":63.7,"r":"1563.1648398293","rd":"55.125863875314","sigma":"0","rptime":"1441011600","rpr":1606.7327309927,"rprd":47.512794721978,"rpsigma":"0","acre":1312.1946495715,"lacre":1312.1946495715,"oldacre":"1294.1639043609"},"p2rating":{"entryid":"86215","serverid":"eos","formatid":"monotype","userid":"impjk","username":"Imp❇ Jk","w":"14","l":9,"t":"0","gxe":56.6,"r":"1554.5020911808","rd":"78.275046896375","sigma":"0","rptime":"1441011600","rpr":1550.9268907351,"rprd":68.441060207391,"rpsigma":"0","acre":1176.6456245889,"lacre":1176.6456245889,"oldacre":"1194.6763697995"},"endType":"normal"}