{"seed":[47994,63307,46256,35747],"turns":36,"p1":"GTX♅Bzumzum","p2":"Rain ☆ S.Herbs","p1team":[{"name":"Elec","species":"manectric","item":"manectite","ability":"Lightning Rod","moves":["thunderbolt","hiddenpowerice","flamethrower","voltswitch"],"nature":"Timid","evs":{"hp":0,"atk":0,"def":0,"spa":252,"spd":4,"spe":252},"gender":"M","ivs":{"hp":31,"atk":30,"def":30,"spa":31,"spd":31,"spe":31}},{"name":"Breezer","species":"rotomfrost","item":"leftovers","ability":"Levitate","moves":["blizzard","painsplit","protect","willowisp"],"nature":"Bold","evs":{"hp":244,"atk":0,"def":32,"spa":228,"spd":4,"spe":0},"ivs":{"hp":31,"atk":31,"def":30,"spa":30,"spd":30,"spe":30},"shiny":true},{"name":"MY ZONE!!!","species":"magnezone","item":"choicespecs","ability":"Sturdy","moves":["hiddenpowerice","flashcannon","triattack","voltswitch"],"nature":"Timid","evs":{"hp":248,"atk":0,"def":0,"spa":252,"spd":0,"spe":8},"ivs":{"hp":31,"atk":30,"def":30,"spa":31,"spd":31,"spe":31},"shiny":true},{"name":"Thundurus","species":"Thundurus","item":"lifeorb","ability":"Prankster","moves":["grassknot","psychic","embargo","raindance"],"nature":"Timid","evs":{"hp":0,"atk":0,"def":4,"spa":252,"spd":0,"spe":252},"ivs":{"hp":31,"atk":30,"def":30,"spa":31,"spd":31,"spe":31},"shiny":true},{"name":"Zapz","species":"zapdos","item":"leftovers","ability":"Pressure","moves":["heatwave","roost","hiddenpowergrass","defog"],"nature":"Modest","evs":{"hp":236,"atk":0,"def":16,"spa":252,"spd":0,"spe":4},"ivs":{"hp":31,"atk":30,"def":31,"spa":30,"spd":31,"spe":31},"shiny":true},{"name":"Plugg-in Failure","species":"electivire","item":"choicescarf","ability":"Vital Spirit","moves":["thunderpunch","earthquake","icepunch","rockslide"],"nature":"Jolly","evs":{"hp":0,"atk":252,"def":0,"spa":0,"spd":4,"spe":252},"gender":"M","shiny":true,"ivs":{"hp":31,"atk":31,"def":31,"spa":31,"spd":31,"spe":31}}],"p2team":[{"name":"Cofagrigus","species":"Cofagrigus","item":"leftovers","ability":"Mummy","moves":["toxicspikes","infestation","hex","willowisp"],"nature":"Calm","evs":{"hp":252,"atk":0,"def":0,"spa":4,"spd":252,"spe":0},"shiny":true,"ivs":{"hp":31,"atk":31,"def":31,"spa":31,"spd":31,"spe":31}},{"name":"Gengar","species":"Gengar","item":"lifeorb","ability":"Levitate","moves":["shadowball","sludgewave","focusblast","energyball"],"nature":"Timid","evs":{"hp":0,"atk":0,"def":0,"spa":252,"spd":4,"spe":252},"shiny":true,"ivs":{"hp":31,"atk":31,"def":31,"spa":31,"spd":31,"spe":31}},{"name":"Aegislash","species":"Aegislash","item":"leftovers","ability":"Stance Change","moves":["swordsdance","shadowsneak","sacredsword","kingsshield"],"nature":"Adamant","evs":{"hp":252,"atk":252,"def":0,"spa":0,"spd":4,"spe":0},"shiny":true,"ivs":{"hp":31,"atk":31,"def":31,"spa":31,"spd":31,"spe":31}},{"name":"Jellicent","species":"Jellicent","item":"leftovers","ability":"Water Absorb","moves":["recover","scald","willowisp","icebeam"],"nature":"Bold","evs":{"hp":252,"atk":0,"def":252,"spa":0,"spd":0,"spe":4},"ivs":{"hp":31,"atk":31,"def":31,"spa":31,"spd":31,"spe":31}},{"name":"Spiritomb","species":"Spiritomb","item":"leftovers","ability":"Infiltrator","moves":["confuseray","darkpulse","psychic","shadowsneak"],"nature":"Modest","evs":{"hp":252,"atk":4,"def":0,"spa":252,"spd":0,"spe":0},"ivs":{"hp":31,"atk":31,"def":31,"spa":31,"spd":31,"spe":31}},{"name":"Golurk","species":"Golurk","item":"choicescarf","ability":"No Guard","moves":["dynamicpunch","earthquake","icepunch","shadowpunch"],"nature":"Jolly","evs":{"hp":0,"atk":252,"def":0,"spa":0,"spd":4,"spe":252},"shiny":true,"ivs":{"hp":31,"atk":31,"def":31,"spa":31,"spd":31,"spe":31}}],"log":["|player|p1|GTX♅Bzumzum|225","|player|p2|Rain ☆ S.Herbs|154","|gametype|singles","|gen|6","|tier|Monotype","|rated","|rule|Baton Pass Clause: Limit one Baton Passer, can't pass Spe and other stats simultaneously","|rule|Swagger Clause: Swagger is banned","|rule|Same Type Clause: Pokémon in a team must share a type","|clearpoke","|poke|p1|Manectric, M","|poke|p1|Rotom-Frost, shiny","|poke|p1|Magnezone, shiny","|poke|p1|Thundurus, M, shiny","|poke|p1|Zapdos, shiny","|poke|p1|Electivire, M, shiny","|poke|p2|Cofagrigus, M, shiny","|poke|p2|Gengar, F, shiny","|poke|p2|Aegislash, F, shiny","|poke|p2|Jellicent, F","|poke|p2|Spiritomb, M","|poke|p2|Golurk, shiny","|rule|Sleep Clause Mod: Limit one foe put to sleep","|rule|Species Clause: Limit one of each Pokémon","|rule|OHKO Clause: OHKO moves are banned","|rule|Moody Clause: Moody is banned","|rule|Evasion Moves Clause: Evasion moves are banned","|rule|Endless Battle Clause: Forcing endless battles is banned","|rule|HP Percentage Mod: HP is shown in percentages","|teampreview","|","|start","|switch|p1a: MY ZONE!!!|Magnezone, shiny|343/343","|switch|p2a: Jellicent|Jellicent, F|404/404","|turn|1","|","|move|p1a: MY ZONE!!!|Volt Switch|p2a: Jellicent","|-supereffective|p2a: Jellicent","|-damage|p2a: Jellicent|60/404","|","|switch|p1a: Breezer|Rotom-Frost, shiny|302/302","|move|p2a: Jellicent|Will-O-Wisp|p1a: Breezer","|-status|p1a: Breezer|brn","|","|-heal|p2a: Jellicent|85/404|[from] item: Leftovers","|-damage|p1a: Breezer|265/302 brn|[from] brn","|turn|2","|","|switch|p2a: Cofagrigus|Cofagrigus, M, shiny|320/320","|move|p1a: Breezer|Blizzard|p2a: Cofagrigus","|-miss|p1a: Breezer|p2a: Cofagrigus","|","|-heal|p1a: Breezer|283/302 brn|[from] item: Leftovers","|-damage|p1a: Breezer|246/302 brn|[from] brn","|turn|3","|","|move|p1a: Breezer|Will-O-Wisp|p2a: Cofagrigus","|-status|p2a: Cofagrigus|brn","|move|p2a: Cofagrigus|Hex|p1a: Breezer","|-damage|p1a: Breezer|107/302 brn","|","|-heal|p1a: Breezer|125/302 brn|[from] item: Leftovers","|-damage|p1a: Breezer|88/302 brn|[from] brn","|-damage|p2a: Cofagrigus|280/320 brn|[from] brn","|turn|4","|","|move|p1a: Breezer|Pain Split|p2a: Cofagrigus","|-sethp|p2a: Cofagrigus|184/320 brn|p1a: Breezer|184/302 brn|[from] move: Pain Split","|move|p2a: Cofagrigus|Will-O-Wisp|p1a: Breezer","|-fail|p1a: Breezer|brn","|","|-heal|p1a: Breezer|202/302 brn|[from] item: Leftovers","|-heal|p2a: Cofagrigus|204/320 brn|[from] item: Leftovers","|-damage|p1a: Breezer|165/302 brn|[from] brn","|-damage|p2a: Cofagrigus|164/320 brn|[from] brn","|turn|5","|","|move|p1a: Breezer|Blizzard|p2a: Cofagrigus","|-damage|p2a: Cofagrigus|58/320 brn","|move|p2a: Cofagrigus|Infestation|p1a: Breezer","|-damage|p1a: Breezer|150/302 brn","|-activate|p1a: Breezer|move: Infestation|[of] p2a: Cofagrigus","|","|-heal|p1a: Breezer|168/302 brn|[from] item: Leftovers","|-heal|p2a: Cofagrigus|78/320 brn|[from] item: Leftovers","|-damage|p1a: Breezer|131/302 brn|[from] brn","|-damage|p2a: Cofagrigus|38/320 brn|[from] brn","|-damage|p1a: Breezer|94/302 brn|[from] move: Infestation|[partiallytrapped]","|turn|6","|","|switch|p2a: Jellicent|Jellicent, F|85/404","|move|p1a: Breezer|Protect|p1a: Breezer","|-fail|p1a: Breezer","|","|-heal|p1a: Breezer|112/302 brn|[from] item: Leftovers","|-heal|p2a: Jellicent|110/404|[from] item: Leftovers","|-damage|p1a: Breezer|75/302 brn|[from] brn","|turn|7","|","|switch|p2a: Cofagrigus|Cofagrigus, M, shiny|38/320 brn","|move|p1a: Breezer|Pain Split|p2a: Cofagrigus","|-sethp|p2a: Cofagrigus|56/320 brn|p1a: Breezer|56/302 brn|[from] move: Pain Split","|","|-heal|p1a: Breezer|74/302 brn|[from] item: Leftovers","|-heal|p2a: Cofagrigus|76/320 brn|[from] item: Leftovers","|-damage|p1a: Breezer|37/302 brn|[from] brn","|-damage|p2a: Cofagrigus|36/320 brn|[from] brn","|turn|8","|","|move|p1a: Breezer|Protect|p1a: Breezer","|-singleturn|p1a: Breezer|Protect","|move|p2a: Cofagrigus|Toxic Spikes|p1a: Breezer","|-sidestart|p1: GTX♅Bzumzum|move: Toxic Spikes","|","|-heal|p1a: Breezer|55/302 brn|[from] item: Leftovers","|-heal|p2a: Cofagrigus|56/320 brn|[from] item: Leftovers","|-damage|p1a: Breezer|18/302 brn|[from] brn","|-damage|p2a: Cofagrigus|16/320 brn|[from] brn","|turn|9","|","|switch|p1a: Zapz|Zapdos, shiny|380/380","|-ability|p1a: Zapz|Pressure","|move|p2a: Cofagrigus|Will-O-Wisp|p1a: Zapz","|-status|p1a: Zapz|brn","|","|-heal|p2a: Cofagrigus|36/320 brn|[from] item: Leftovers","|-damage|p1a: Zapz|333/380 brn|[from] brn","|-damage|p2a: Cofagrigus|0 fnt|[from] brn","|faint|p2a: Cofagrigus","|","|switch|p2a: Jellicent|Jellicent, F|110/404","|turn|10","|","|switch|p2a: Golurk|Golurk, shiny|319/319","|move|p1a: Zapz|Hidden Power|p2a: Golurk","|-supereffective|p2a: Golurk","|-damage|p2a: Golurk|151/319","|","|-heal|p1a: Zapz|356/380 brn|[from] item: Leftovers","|-damage|p1a: Zapz|309/380 brn|[from] brn","|turn|11","|","|move|p2a: Golurk|Dynamic Punch|p1a: Zapz","|-resisted|p1a: Zapz","|-damage|p1a: Zapz|249/380 brn","|-start|p1a: Zapz|confusion","|-activate|p1a: Zapz|confusion","|-damage|p1a: Zapz|234/380 brn|[from] confusion","|","|-heal|p1a: Zapz|257/380 brn|[from] item: Leftovers","|-damage|p1a: Zapz|210/380 brn|[from] brn","|turn|12","|","|switch|p2a: Aegislash|Aegislash, F, shiny|324/324","|-activate|p1a: Zapz|confusion","|move|p1a: Zapz|Defog|p2a: Aegislash","|-unboost|p2a: Aegislash|evasion|1","|-sideend|p1: GTX♅Bzumzum|Toxic Spikes|[from] move: Defog|[of] p1a: Zapz","|","|-heal|p1a: Zapz|233/380 brn|[from] item: Leftovers","|-damage|p1a: Zapz|186/380 brn|[from] brn","|turn|13","|","|-activate|p1a: Zapz|confusion","|-damage|p1a: Zapz|171/380 brn|[from] confusion","|move|p2a: Aegislash|Swords Dance|p2a: Aegislash","|-boost|p2a: Aegislash|atk|2","|","|-heal|p1a: Zapz|194/380 brn|[from] item: Leftovers","|-damage|p1a: Zapz|147/380 brn|[from] brn","|turn|14","|","|-formechange|p2a: Aegislash|Aegislash-Blade","|move|p2a: Aegislash|Shadow Sneak|p1a: Zapz","|-damage|p1a: Zapz|0 fnt","|faint|p1a: Zapz","|","|","|switch|p1a: MY ZONE!!!|Magnezone, shiny|343/343","|turn|15","|","|-formechange|p2a: Aegislash|Aegislash","|move|p2a: Aegislash|King's Shield|p2a: Aegislash","|-singleturn|p2a: Aegislash|Protect","|move|p1a: MY ZONE!!!|Volt Switch|p2a: Aegislash","|-activate|p2a: Aegislash|Protect","|","|turn|16","|","|move|p1a: MY ZONE!!!|Volt Switch|p2a: Aegislash","|-damage|p2a: Aegislash|203/324","|","|switch|p1a: Breezer|Rotom-Frost, shiny|18/302 brn","|move|p2a: Aegislash|Swords Dance|p2a: Aegislash","|-boost|p2a: Aegislash|atk|2","|","|-heal|p1a: Breezer|36/302 brn|[from] item: Leftovers","|-heal|p2a: Aegislash|223/324|[from] item: Leftovers","|-damage|p1a: Breezer|0 fnt|[from] brn","|faint|p1a: Breezer","|","|switch|p1a: MY ZONE!!!|Magnezone, shiny|343/343","|turn|17","|","|move|p2a: Aegislash|King's Shield|p2a: Aegislash","|-singleturn|p2a: Aegislash|Protect","|move|p1a: MY ZONE!!!|Volt Switch|p2a: Aegislash","|-activate|p2a: Aegislash|Protect","|","|-heal|p2a: Aegislash|243/324|[from] item: Leftovers","|turn|18","|","|move|p1a: MY ZONE!!!|Volt Switch|p2a: Aegislash","|-damage|p2a: Aegislash|107/324","|","|switch|p1a: Elec|Manectric, M|281/281","|-formechange|p2a: Aegislash|Aegislash-Blade","|move|p2a: Aegislash|Sacred Sword|p1a: Elec","|-damage|p1a: Elec|0 fnt","|faint|p1a: Elec","|","|-heal|p2a: Aegislash|127/324|[from] item: Leftovers","|","|switch|p1a: Plugg-in Failure|Electivire, M, shiny|291/291","|turn|19","|","|-formechange|p2a: Aegislash|Aegislash","|move|p2a: Aegislash|King's Shield|p2a: Aegislash","|-singleturn|p2a: Aegislash|Protect","|move|p1a: Plugg-in Failure|Earthquake|p2a: Aegislash","|-activate|p2a: Aegislash|Protect","|","|-heal|p2a: Aegislash|147/324|[from] item: Leftovers","|turn|20","|","|switch|p2a: Gengar|Gengar, F, shiny|261/261","|move|p1a: Plugg-in Failure|Earthquake|p2a: Gengar","|-immune|p2a: Gengar|[msg]","|","|turn|21","|","|switch|p1a: MY ZONE!!!|Magnezone, shiny|343/343","|move|p2a: Gengar|Sludge Wave|p1a: MY ZONE!!!","|-immune|p1a: MY ZONE!!!|[msg]","|","|turn|22","|","|switch|p2a: Spiritomb|Spiritomb, M|304/304","|move|p1a: MY ZONE!!!|Volt Switch|p2a: Spiritomb","|-damage|p2a: Spiritomb|114/304","|","|switch|p1a: Thundurus|Thundurus, M, shiny|299/299","|","|-heal|p2a: Spiritomb|133/304|[from] item: Leftovers","|turn|23","|","|switch|p2a: Jellicent|Jellicent, F|110/404","|move|p1a: Thundurus|Embargo|p2a: Jellicent","|-start|p2a: Jellicent|Embargo","|","|turn|24","|","|move|p1a: Thundurus|Psychic|p2a: Jellicent","|-damage|p2a: Jellicent|0 fnt","|-damage|p1a: Thundurus|270/299|[from] item: Life Orb","|faint|p2a: Jellicent","|","|","|switch|p2a: Golurk|Golurk, shiny|151/319","|turn|25","|","|move|p1a: Thundurus|Grass Knot|p2a: Golurk","|-supereffective|p2a: Golurk","|-damage|p2a: Golurk|0 fnt","|-damage|p1a: Thundurus|241/299|[from] item: Life Orb","|faint|p2a: Golurk","|","|","|switch|p2a: Spiritomb|Spiritomb, M|133/304","|turn|26","|","|move|p1a: Thundurus|Embargo|p2a: Spiritomb","|-start|p2a: Spiritomb|Embargo","|move|p2a: Spiritomb|Confuse Ray|p1a: Thundurus","|-start|p1a: Thundurus|confusion","|","|turn|27","|","|switch|p1a: MY ZONE!!!|Magnezone, shiny|343/343","|move|p2a: Spiritomb|Dark Pulse|p1a: MY ZONE!!!","|-damage|p1a: MY ZONE!!!|214/343","|","|turn|28","|","|move|p1a: MY ZONE!!!|Flash Cannon|p2a: Spiritomb","|-damage|p2a: Spiritomb|0 fnt","|faint|p2a: Spiritomb","|","|","|switch|p2a: Aegislash|Aegislash, F, shiny|147/324","|turn|29","|","|switch|p1a: Plugg-in Failure|Electivire, M, shiny|291/291","|-formechange|p2a: Aegislash|Aegislash-Blade","|move|p2a: Aegislash|Sacred Sword|p1a: Plugg-in Failure","|-damage|p1a: Plugg-in Failure|117/291","|","|-heal|p2a: Aegislash|167/324|[from] item: Leftovers","|turn|30","|","|-formechange|p2a: Aegislash|Aegislash","|move|p2a: Aegislash|King's Shield|p2a: Aegislash","|-singleturn|p2a: Aegislash|Protect","|move|p1a: Plugg-in Failure|Earthquake|p2a: Aegislash","|-activate|p2a: Aegislash|Protect","|","|-heal|p2a: Aegislash|187/324|[from] item: Leftovers","|turn|31","|","|switch|p2a: Gengar|Gengar, F, shiny|261/261","|move|p1a: Plugg-in Failure|Earthquake|p2a: Gengar","|-immune|p2a: Gengar|[msg]","|","|turn|32","|","|switch|p1a: Thundurus|Thundurus, M, shiny|241/299","|move|p2a: Gengar|Shadow Ball|p1a: Thundurus","|-damage|p1a: Thundurus|25/299","|-unboost|p1a: Thundurus|spd|1","|-damage|p2a: Gengar|235/261|[from] item: Life Orb","|","|turn|33","|","|move|p1a: Thundurus|Psychic|p2a: Gengar","|-supereffective|p2a: Gengar","|-damage|p2a: Gengar|0 fnt","|-damage|p1a: Thundurus|0 fnt|[from] item: Life Orb","|faint|p2a: Gengar","|faint|p1a: Thundurus","|","|","|switch|p1a: MY ZONE!!!|Magnezone, shiny|214/343","|switch|p2a: Aegislash|Aegislash, F, shiny|187/324","|turn|34","|","|move|p1a: MY ZONE!!!|Flash Cannon|p2a: Aegislash","|-resisted|p2a: Aegislash","|-damage|p2a: Aegislash|106/324","|-formechange|p2a: Aegislash|Aegislash-Blade","|move|p2a: Aegislash|Sacred Sword|p1a: MY ZONE!!!","|-supereffective|p1a: MY ZONE!!!","|-damage|p1a: MY ZONE!!!|0 fnt","|faint|p1a: MY ZONE!!!","|","|-heal|p2a: Aegislash|126/324|[from] item: Leftovers","|","|switch|p1a: Plugg-in Failure|Electivire, M, shiny|117/291","|turn|35","|","|-formechange|p2a: Aegislash|Aegislash","|move|p2a: Aegislash|King's Shield|p2a: Aegislash","|-singleturn|p2a: Aegislash|Protect","|move|p1a: Plugg-in Failure|Earthquake|p2a: Aegislash","|-activate|p2a: Aegislash|Protect","|","|-heal|p2a: Aegislash|146/324|[from] item: Leftovers","|turn|36","|","|-formechange|p2a: Aegislash|Aegislash-Blade","|move|p2a: Aegislash|Shadow Sneak|p1a: Plugg-in Failure","|-damage|p1a: Plugg-in Failure|0 fnt","|faint|p1a: Plugg-in Failure","|","|win|Rain ☆ S.Herbs"],"p1rating":{"entryid":"1463","serverid":"eos","formatid":"monotype","userid":"gtxbzumzum","username":"GTX♅Bzumzum","w":"24","l":64,"t":"0","gxe":28.7,"r":"1330.5038667007","rd":"40.610307562888","sigma":"0","rptime":"1441011600","rpr":1327.3663537317,"rprd":40.37029850433,"rpsigma":"0","acre":1050.62431613,"lacre":1050.62431613,"oldacre":"1074.6501535928"},"p2rating":{"entryid":"61538","serverid":"eos","formatid":"monotype","userid":"rainsherbs","username":"Rain ☆ S.Herbs","w":21,"l":"28","t":"0","gxe":43,"r":"1448.1545459613","rd":"51.404550968663","sigma":"0","rptime":"1441011600","rpr":1446.8650886179,"rprd":49.458029710485,"rpsigma":"0","acre":1068.5890559094,"lacre":1068.5890559094,"oldacre":"1028.0149182596"},"endType":"normal"}