{"seed":[16432,53705,19982,45004],"turns":23,"p1":"Knight Ryan","p2":"Rain ☆ S.Herbs","p1team":[{"name":"Breloom","species":"Breloom","item":"lifeorb","ability":"Technician","moves":["machpunch","bulletseed","swordsdance","spore"],"nature":"Jolly","evs":{"hp":0,"atk":252,"def":0,"spa":0,"spd":4,"spe":252},"gender":"M","ivs":{"hp":31,"atk":31,"def":31,"spa":31,"spd":31,"spe":31}},{"name":"Trevenant","species":"Trevenant","item":"lumberry","ability":"Harvest","moves":["willowisp","calmmind","shadowball","leechseed"],"nature":"Bold","evs":{"hp":248,"atk":0,"def":252,"spa":8,"spd":0,"spe":0},"gender":"F","shiny":true,"ivs":{"hp":31,"atk":31,"def":31,"spa":31,"spd":31,"spe":31}},{"name":"Venusaur","species":"Venusaur","item":"venusaurite","ability":"Chlorophyll","moves":["gigadrain","sludgebomb","earthquake","growth"],"nature":"Mild","evs":{"hp":0,"atk":4,"def":0,"spa":252,"spd":0,"spe":252},"gender":"M","ivs":{"hp":31,"atk":31,"def":31,"spa":31,"spd":31,"spe":31}},{"name":"Rotom-Mow","species":"Rotom-Mow","item":"sitrusberry","ability":"Levitate","moves":["discharge","leafstorm","hiddenpowerice","toxic"],"nature":"Modest","evs":{"hp":248,"atk":0,"def":0,"spa":252,"spd":8,"spe":0},"ivs":{"hp":31,"atk":30,"def":30,"spa":31,"spd":31,"spe":31}},{"name":"Ferrothorn","species":"Ferrothorn","item":"rockyhelmet","ability":"Iron Barbs","moves":["curse","gyroball","stealthrock","spikes"],"nature":"Relaxed","evs":{"hp":248,"atk":8,"def":252,"spa":0,"spd":0,"spe":0},"gender":"F","ivs":{"hp":31,"atk":31,"def":31,"spa":31,"spd":31,"spe":0}},{"name":"Serperior","species":"Serperior","item":"sitrusberry","ability":"Contrary","moves":["dragonpulse","leafstorm","hiddenpowerfire","glare"],"nature":"Timid","evs":{"hp":0,"atk":0,"def":0,"spa":252,"spd":4,"spe":252},"gender":"M","ivs":{"hp":31,"atk":30,"def":31,"spa":30,"spd":31,"spe":30},"shiny":true}],"p2team":[{"name":"Cofagrigus","species":"Cofagrigus","item":"leftovers","ability":"Mummy","moves":["toxicspikes","infestation","hex","willowisp"],"nature":"Calm","evs":{"hp":252,"atk":0,"def":0,"spa":4,"spd":252,"spe":0},"shiny":true,"ivs":{"hp":31,"atk":31,"def":31,"spa":31,"spd":31,"spe":31}},{"name":"Gengar","species":"Gengar","item":"lifeorb","ability":"Levitate","moves":["shadowball","sludgewave","focusblast","energyball"],"nature":"Timid","evs":{"hp":0,"atk":0,"def":0,"spa":252,"spd":4,"spe":252},"shiny":true,"ivs":{"hp":31,"atk":31,"def":31,"spa":31,"spd":31,"spe":31}},{"name":"Aegislash","species":"Aegislash","item":"leftovers","ability":"Stance Change","moves":["swordsdance","shadowsneak","sacredsword","kingsshield"],"nature":"Adamant","evs":{"hp":252,"atk":252,"def":0,"spa":0,"spd":4,"spe":0},"shiny":true,"ivs":{"hp":31,"atk":31,"def":31,"spa":31,"spd":31,"spe":31}},{"name":"Jellicent","species":"Jellicent","item":"leftovers","ability":"Water Absorb","moves":["recover","scald","willowisp","icebeam"],"nature":"Bold","evs":{"hp":252,"atk":0,"def":252,"spa":0,"spd":0,"spe":4},"ivs":{"hp":31,"atk":31,"def":31,"spa":31,"spd":31,"spe":31}},{"name":"Spiritomb","species":"Spiritomb","item":"leftovers","ability":"Infiltrator","moves":["confuseray","darkpulse","psychic","shadowsneak"],"nature":"Modest","evs":{"hp":252,"atk":4,"def":0,"spa":252,"spd":0,"spe":0},"ivs":{"hp":31,"atk":31,"def":31,"spa":31,"spd":31,"spe":31}},{"name":"Golurk","species":"Golurk","item":"choicescarf","ability":"No Guard","moves":["dynamicpunch","earthquake","icepunch","shadowpunch"],"nature":"Jolly","evs":{"hp":0,"atk":252,"def":0,"spa":0,"spd":4,"spe":252},"shiny":true,"ivs":{"hp":31,"atk":31,"def":31,"spa":31,"spd":31,"spe":31}}],"log":["|player|p1|Knight Ryan|170","|player|p2|Rain ☆ S.Herbs|154","|gametype|singles","|gen|6","|tier|Monotype","|rated","|rule|Baton Pass Clause: Limit one Baton Passer, can't pass Spe and other stats simultaneously","|rule|Swagger Clause: Swagger is banned","|rule|Same Type Clause: Pokémon in a team must share a type","|clearpoke","|poke|p1|Breloom, M","|poke|p1|Trevenant, F, shiny","|poke|p1|Venusaur, M","|poke|p1|Rotom-Mow","|poke|p1|Ferrothorn, F","|poke|p1|Serperior, M, shiny","|poke|p2|Cofagrigus, M, shiny","|poke|p2|Gengar, F, shiny","|poke|p2|Aegislash, F, shiny","|poke|p2|Jellicent, F","|poke|p2|Spiritomb, M","|poke|p2|Golurk, shiny","|rule|Sleep Clause Mod: Limit one foe put to sleep","|rule|Species Clause: Limit one of each Pokémon","|rule|OHKO Clause: OHKO moves are banned","|rule|Moody Clause: Moody is banned","|rule|Evasion Moves Clause: Evasion moves are banned","|rule|Endless Battle Clause: Forcing endless battles is banned","|rule|HP Percentage Mod: HP is shown in percentages","|teampreview","|","|start","|switch|p1a: Ferrothorn|Ferrothorn, F|351/351","|switch|p2a: Cofagrigus|Cofagrigus, M, shiny|320/320","|turn|1","|","|move|p2a: Cofagrigus|Infestation|p1a: Ferrothorn","|-damage|p1a: Ferrothorn|336/351","|-damage|p2a: Cofagrigus|280/320|[from] ability: Iron Barbs|[of] p1a: Ferrothorn","|-damage|p2a: Cofagrigus|227/320|[from] item: Rocky Helmet|[of] p1a: Ferrothorn","|-activate|p1a: Ferrothorn|move: Infestation|[of] p2a: Cofagrigus","|move|p1a: Ferrothorn|Stealth Rock|p2a: Cofagrigus","|-sidestart|p2: Rain ☆ S.Herbs|move: Stealth Rock","|","|-heal|p2a: Cofagrigus|247/320|[from] item: Leftovers","|-damage|p1a: Ferrothorn|293/351|[from] move: Infestation|[partiallytrapped]","|turn|2","|","|move|p2a: Cofagrigus|Will-O-Wisp|p1a: Ferrothorn","|-status|p1a: Ferrothorn|brn","|move|p1a: Ferrothorn|Spikes|p2a: Cofagrigus","|-sidestart|p2: Rain ☆ S.Herbs|Spikes","|","|-heal|p2a: Cofagrigus|267/320|[from] item: Leftovers","|-damage|p1a: Ferrothorn|250/351 brn|[from] brn","|-damage|p1a: Ferrothorn|207/351 brn|[from] move: Infestation|[partiallytrapped]","|turn|3","|","|move|p2a: Cofagrigus|Toxic Spikes|p1a: Ferrothorn","|-sidestart|p1: Knight Ryan|move: Toxic Spikes","|move|p1a: Ferrothorn|Spikes|p2a: Cofagrigus","|-sidestart|p2: Rain ☆ S.Herbs|Spikes","|","|-heal|p2a: Cofagrigus|287/320|[from] item: Leftovers","|-damage|p1a: Ferrothorn|164/351 brn|[from] brn","|-damage|p1a: Ferrothorn|121/351 brn|[from] move: Infestation|[partiallytrapped]","|turn|4","|","|move|p2a: Cofagrigus|Toxic Spikes|p1a: Ferrothorn","|-sidestart|p1: Knight Ryan|move: Toxic Spikes","|move|p1a: Ferrothorn|Spikes|p2a: Cofagrigus","|-sidestart|p2: Rain ☆ S.Herbs|Spikes","|","|-heal|p2a: Cofagrigus|307/320|[from] item: Leftovers","|-damage|p1a: Ferrothorn|78/351 brn|[from] brn","|-damage|p1a: Ferrothorn|35/351 brn|[from] move: Infestation|[partiallytrapped]","|turn|5","|","|move|p2a: Cofagrigus|Hex|p1a: Ferrothorn","|-damage|p1a: Ferrothorn|0 fnt","|faint|p1a: Ferrothorn","|","|-heal|p2a: Cofagrigus|320/320|[from] item: Leftovers","|","|switch|p1a: Venusaur|Venusaur, M|301/301","|-sideend|p1: Knight Ryan|move: Toxic Spikes|[of] p1a: Venusaur","|turn|6","|","|move|p1a: Venusaur|Sludge Bomb|p2a: Cofagrigus","|-resisted|p2a: Cofagrigus","|-damage|p2a: Cofagrigus|269/320","|move|p2a: Cofagrigus|Will-O-Wisp|p1a: Venusaur","|-status|p1a: Venusaur|brn","|","|-heal|p2a: Cofagrigus|289/320|[from] item: Leftovers","|-damage|p1a: Venusaur|264/301 brn|[from] brn","|turn|7","|","|move|p1a: Venusaur|Growth|p1a: Venusaur","|-boost|p1a: Venusaur|atk|1","|-boost|p1a: Venusaur|spa|1","|move|p2a: Cofagrigus|Infestation|p1a: Venusaur","|-damage|p1a: Venusaur|248/301 brn","|-activate|p1a: Venusaur|move: Infestation|[of] p2a: Cofagrigus","|","|-heal|p2a: Cofagrigus|309/320|[from] item: Leftovers","|-damage|p1a: Venusaur|211/301 brn|[from] brn","|-damage|p1a: Venusaur|174/301 brn|[from] move: Infestation|[partiallytrapped]","|turn|8","|","|detailschange|p1a: Venusaur|Venusaur-Mega, M","|-mega|p1a: Venusaur|Venusaur|Venusaurite","|move|p1a: Venusaur|Giga Drain|p2a: Cofagrigus","|-damage|p2a: Cofagrigus|162/320","|-heal|p1a: Venusaur|248/301 brn|[from] drain|[of] p2a: Cofagrigus","|move|p2a: Cofagrigus|Hex|p1a: Venusaur","|-damage|p1a: Venusaur|113/301 brn","|","|-heal|p2a: Cofagrigus|182/320|[from] item: Leftovers","|-damage|p1a: Venusaur|76/301 brn|[from] brn","|-damage|p1a: Venusaur|39/301 brn|[from] move: Infestation|[partiallytrapped]","|turn|9","|","|move|p1a: Venusaur|Giga Drain|p2a: Cofagrigus","|-damage|p2a: Cofagrigus|31/320","|-heal|p1a: Venusaur|115/301 brn|[from] drain|[of] p2a: Cofagrigus","|move|p2a: Cofagrigus|Hex|p1a: Venusaur","|-damage|p1a: Venusaur|0 fnt","|faint|p1a: Venusaur","|","|-heal|p2a: Cofagrigus|51/320|[from] item: Leftovers","|","|switch|p1a: Rotom-Mow|Rotom-Mow|303/303","|turn|10","|","|move|p1a: Rotom-Mow|Discharge|p2a: Cofagrigus","|-damage|p2a: Cofagrigus|0 fnt","|faint|p2a: Cofagrigus","|","|","|switch|p2a: Gengar|Gengar, F, shiny|261/261","|-damage|p2a: Gengar|229/261|[from] Stealth Rock","|turn|11","|","|move|p2a: Gengar|Sludge Wave|p1a: Rotom-Mow","|-supereffective|p1a: Rotom-Mow","|-damage|p1a: Rotom-Mow|0 fnt","|-damage|p2a: Gengar|203/261|[from] item: Life Orb","|faint|p1a: Rotom-Mow","|","|","|switch|p1a: Trevenant|Trevenant, F, shiny|373/373","|turn|12","|","|switch|p2a: Spiritomb|Spiritomb, M|304/304","|-damage|p2a: Spiritomb|228/304|[from] Spikes","|-damage|p2a: Spiritomb|190/304|[from] Stealth Rock","|move|p1a: Trevenant|Shadow Ball|p2a: Spiritomb","|-damage|p2a: Spiritomb|127/304","|","|-heal|p2a: Spiritomb|146/304|[from] item: Leftovers","|turn|13","|","|move|p1a: Trevenant|Leech Seed|p2a: Spiritomb","|-start|p2a: Spiritomb|move: Leech Seed","|move|p2a: Spiritomb|Confuse Ray|p1a: Trevenant","|-start|p1a: Trevenant|confusion","|-enditem|p1a: Trevenant|Lum Berry|[eat]","|-end|p1a: Trevenant|confusion","|","|-heal|p2a: Spiritomb|165/304|[from] item: Leftovers","|-damage|p2a: Spiritomb|127/304|[from] Leech Seed|[of] p1a: Trevenant","|-item|p1a: Trevenant|Lum Berry|[from] ability: Harvest","|turn|14","|","|move|p1a: Trevenant|Calm Mind|p1a: Trevenant","|-boost|p1a: Trevenant|spa|1","|-boost|p1a: Trevenant|spd|1","|move|p2a: Spiritomb|Dark Pulse|p1a: Trevenant","|-supereffective|p1a: Trevenant","|-damage|p1a: Trevenant|169/373","|","|-heal|p2a: Spiritomb|146/304|[from] item: Leftovers","|-damage|p2a: Spiritomb|108/304|[from] Leech Seed|[of] p1a: Trevenant","|-heal|p1a: Trevenant|207/373|[silent]","|turn|15","|","|switch|p2a: Jellicent|Jellicent, F|404/404","|-damage|p2a: Jellicent|303/404|[from] Spikes","|-damage|p2a: Jellicent|253/404|[from] Stealth Rock","|move|p1a: Trevenant|Shadow Ball|p2a: Jellicent","|-supereffective|p2a: Jellicent","|-damage|p2a: Jellicent|65/404","|","|-heal|p2a: Jellicent|90/404|[from] item: Leftovers","|turn|16","|","|move|p2a: Jellicent|Will-O-Wisp|p1a: Trevenant","|-status|p1a: Trevenant|brn","|-enditem|p1a: Trevenant|Lum Berry|[eat]","|-curestatus|p1a: Trevenant|brn","|move|p1a: Trevenant|Shadow Ball|p2a: Jellicent","|-crit|p2a: Jellicent","|-supereffective|p2a: Jellicent","|-damage|p2a: Jellicent|0 fnt","|faint|p2a: Jellicent","|","|-item|p1a: Trevenant|Lum Berry|[from] ability: Harvest","|","|switch|p2a: Aegislash|Aegislash, F, shiny|324/324","|-damage|p2a: Aegislash|304/324|[from] Stealth Rock","|-damage|p2a: Aegislash|223/324|[from] Spikes","|turn|17","|","|-formechange|p2a: Aegislash|Aegislash-Blade","|move|p2a: Aegislash|Shadow Sneak|p1a: Trevenant","|-supereffective|p1a: Trevenant","|-damage|p1a: Trevenant|49/373","|move|p1a: Trevenant|Will-O-Wisp|p2a: Aegislash","|-status|p2a: Aegislash|brn","|","|-heal|p2a: Aegislash|243/324 brn|[from] item: Leftovers","|-damage|p2a: Aegislash|203/324 brn|[from] brn","|turn|18","|","|move|p2a: Aegislash|Shadow Sneak|p1a: Trevenant","|-crit|p1a: Trevenant","|-supereffective|p1a: Trevenant","|-damage|p1a: Trevenant|0 fnt","|faint|p1a: Trevenant","|","|-heal|p2a: Aegislash|223/324 brn|[from] item: Leftovers","|-damage|p2a: Aegislash|183/324 brn|[from] brn","|","|switch|p1a: Serperior|Serperior, M, shiny|291/291","|turn|19","|","|-formechange|p2a: Aegislash|Aegislash","|move|p2a: Aegislash|King's Shield|p2a: Aegislash","|-singleturn|p2a: Aegislash|Protect","|move|p1a: Serperior|Leaf Storm|p2a: Aegislash","|-activate|p2a: Aegislash|Protect","|","|-heal|p2a: Aegislash|203/324 brn|[from] item: Leftovers","|-damage|p2a: Aegislash|163/324 brn|[from] brn","|turn|20","|","|move|p1a: Serperior|Leaf Storm|p2a: Aegislash","|-resisted|p2a: Aegislash","|-damage|p2a: Aegislash|103/324 brn","|-boost|p1a: Serperior|spa|2","|move|p2a: Aegislash|Swords Dance|p2a: Aegislash","|-boost|p2a: Aegislash|atk|2","|","|-heal|p2a: Aegislash|123/324 brn|[from] item: Leftovers","|-damage|p2a: Aegislash|83/324 brn|[from] brn","|turn|21","|","|-formechange|p2a: Aegislash|Aegislash-Blade","|move|p2a: Aegislash|Shadow Sneak|p1a: Serperior","|-damage|p1a: Serperior|198/291","|move|p1a: Serperior|Hidden Power|p2a: Aegislash","|-supereffective|p2a: Aegislash","|-damage|p2a: Aegislash|0 fnt","|faint|p2a: Aegislash","|","|","|switch|p2a: Gengar|Gengar, F, shiny|203/261","|-damage|p2a: Gengar|171/261|[from] Stealth Rock","|turn|22","|","|move|p1a: Serperior|Dragon Pulse|p2a: Gengar","|-damage|p2a: Gengar|3/261","|move|p2a: Gengar|Sludge Wave|p1a: Serperior","|-supereffective|p1a: Serperior","|-damage|p1a: Serperior|0 fnt","|-damage|p2a: Gengar|0 fnt|[from] item: Life Orb","|faint|p1a: Serperior","|faint|p2a: Gengar","|","|","|switch|p1a: Breloom|Breloom, M|261/261","|switch|p2a: Spiritomb|Spiritomb, M|108/304","|-damage|p2a: Spiritomb|32/304|[from] Spikes","|-damage|p2a: Spiritomb|0 fnt|[from] Stealth Rock","|faint|p2a: Spiritomb","|","|switch|p2a: Golurk|Golurk, shiny|319/319","|-damage|p2a: Golurk|300/319|[from] Stealth Rock","|-damage|p2a: Golurk|221/319|[from] Spikes","|turn|23","|","|move|p2a: Golurk|Dynamic Punch|p1a: Breloom","|-damage|p1a: Breloom|122/261","|-start|p1a: Breloom|confusion","|-activate|p1a: Breloom|confusion","|move|p1a: Breloom|Bullet Seed|p2a: Golurk","|-supereffective|p2a: Golurk","|-damage|p2a: Golurk|8/319","|-crit|p2a: Golurk","|-supereffective|p2a: Golurk","|-damage|p2a: Golurk|0 fnt","|-hitcount|p2a: Golurk|2","|-damage|p1a: Breloom|96/261|[from] item: Life Orb","|faint|p2a: Golurk","|","|win|Knight Ryan"],"p1rating":{"entryid":"680905","serverid":"eos","formatid":"monotype","userid":"knightryan","username":"Knight Ryan","w":1,"l":"4","t":"0","gxe":40,"r":"1500","rd":"130","sigma":"0","rptime":"1440925200","rpr":1420.3214067943,"rprd":101.26874529777,"rpsigma":"0","acre":1042.4169107252,"lacre":1042.4169107252,"oldacre":"1000"},"p2rating":{"entryid":"61538","serverid":"eos","formatid":"monotype","userid":"rainsherbs","username":"Rain ☆ S.Herbs","w":"19","l":26,"t":"0","gxe":43.2,"r":"1475.0811862586","rd":"53.599358220025","sigma":"0","rptime":"1440925200","rpr":1448.1545459613,"rprd":51.404550968663,"rpsigma":"0","acre":1007.0711020472,"lacre":1007.0711020472,"oldacre":"1021.0186238158"},"endType":"normal"}