{"seed":[64681,54472,24122,1358],"turns":25,"p1":"Knight Ryan","p2":"Gym Ldr Mitsuka∆","p1team":[{"name":"Breloom","species":"Breloom","item":"lifeorb","ability":"Technician","moves":["machpunch","bulletseed","swordsdance","spore"],"nature":"Jolly","evs":{"hp":0,"atk":252,"def":0,"spa":0,"spd":4,"spe":252},"gender":"M","ivs":{"hp":31,"atk":31,"def":31,"spa":31,"spd":31,"spe":31}},{"name":"Trevenant","species":"Trevenant","item":"lumberry","ability":"Harvest","moves":["willowisp","calmmind","shadowball","leechseed"],"nature":"Bold","evs":{"hp":248,"atk":0,"def":252,"spa":8,"spd":0,"spe":0},"gender":"F","shiny":true,"ivs":{"hp":31,"atk":31,"def":31,"spa":31,"spd":31,"spe":31}},{"name":"Venusaur","species":"Venusaur","item":"venusaurite","ability":"Chlorophyll","moves":["gigadrain","sludgebomb","earthquake","growth"],"nature":"Mild","evs":{"hp":0,"atk":4,"def":0,"spa":252,"spd":0,"spe":252},"gender":"M","ivs":{"hp":31,"atk":31,"def":31,"spa":31,"spd":31,"spe":31}},{"name":"Rotom-Mow","species":"Rotom-Mow","item":"sitrusberry","ability":"Levitate","moves":["discharge","leafstorm","hiddenpowerice","toxic"],"nature":"Modest","evs":{"hp":248,"atk":0,"def":0,"spa":252,"spd":8,"spe":0},"ivs":{"hp":31,"atk":30,"def":30,"spa":31,"spd":31,"spe":31}},{"name":"Ferrothorn","species":"Ferrothorn","item":"rockyhelmet","ability":"Iron Barbs","moves":["curse","gyroball","stealthrock","spikes"],"nature":"Relaxed","evs":{"hp":248,"atk":8,"def":252,"spa":0,"spd":0,"spe":0},"gender":"F","ivs":{"hp":31,"atk":31,"def":31,"spa":31,"spd":31,"spe":0}},{"name":"Serperior","species":"Serperior","item":"sitrusberry","ability":"Contrary","moves":["dragonpulse","leafstorm","hiddenpowerfire","glare"],"nature":"Timid","evs":{"hp":0,"atk":0,"def":0,"spa":252,"spd":4,"spe":252},"gender":"M","ivs":{"hp":31,"atk":30,"def":31,"spa":30,"spd":31,"spe":30},"shiny":true}],"p2team":[{"name":"Victreebel","species":"Victreebel","item":"salacberry","ability":"Gluttony","moves":["belch","knockoff","gigadrain","sleeppowder"],"nature":"Rash","evs":{"hp":0,"atk":8,"def":0,"spa":252,"spd":0,"spe":248},"ivs":{"hp":31,"atk":31,"def":31,"spa":31,"spd":31,"spe":31}},{"name":"Venusaur","species":"Venusaur","item":"venusaurite","ability":"Overgrow","moves":["synthesis","earthquake","leechseed","sludgebomb"],"nature":"Sassy","evs":{"hp":248,"atk":8,"def":172,"spa":0,"spd":80,"spe":0},"ivs":{"hp":31,"atk":31,"def":31,"spa":31,"spd":31,"spe":31}},{"name":"Breloom","species":"Breloom","item":"focussash","ability":"Technician","moves":["spore","swordsdance","machpunch","rocktomb"],"nature":"Jolly","evs":{"hp":0,"atk":252,"def":0,"spa":0,"spd":4,"spe":252},"ivs":{"hp":31,"atk":31,"def":31,"spa":31,"spd":31,"spe":31}},{"name":"Celebi","species":"Celebi","item":"lifeorb","ability":"Natural Cure","moves":["psychic","earthpower","gigadrain","suckerpunch"],"nature":"Rash","evs":{"hp":252,"atk":72,"def":0,"spa":184,"spd":0,"spe":0},"ivs":{"hp":31,"atk":31,"def":31,"spa":31,"spd":31,"spe":31}},{"name":"Ferrothorn","species":"Ferrothorn","item":"occaberry","ability":"Iron Barbs","moves":["leechseed","stealthrock","gyroball","knockoff"],"nature":"Careful","evs":{"hp":248,"atk":8,"def":0,"spa":0,"spd":252,"spe":0},"ivs":{"hp":31,"atk":31,"def":31,"spa":31,"spd":31,"spe":0}},{"name":"Serperior","species":"Serperior","item":"lifeorb","ability":"Contrary","moves":["leafstorm","frenzyplant","hiddenpowerfire","dragonpulse"],"nature":"Timid","evs":{"hp":0,"atk":0,"def":0,"spa":252,"spd":4,"spe":252},"ivs":{"hp":31,"atk":30,"def":31,"spa":30,"spd":31,"spe":30}}],"log":["|player|p1|Knight Ryan|170","|player|p2|Gym Ldr Mitsuka∆|2","|gametype|singles","|gen|6","|tier|Monotype","|rated","|rule|Baton Pass Clause: Limit one Baton Passer, can't pass Spe and other stats simultaneously","|rule|Swagger Clause: Swagger is banned","|rule|Same Type Clause: Pokémon in a team must share a type","|clearpoke","|poke|p1|Breloom, M","|poke|p1|Trevenant, F, shiny","|poke|p1|Venusaur, M","|poke|p1|Rotom-Mow","|poke|p1|Ferrothorn, F","|poke|p1|Serperior, M, shiny","|poke|p2|Victreebel, F","|poke|p2|Venusaur, M","|poke|p2|Breloom, F","|poke|p2|Celebi","|poke|p2|Ferrothorn, F","|poke|p2|Serperior, F","|rule|Sleep Clause Mod: Limit one foe put to sleep","|rule|Species Clause: Limit one of each Pokémon","|rule|OHKO Clause: OHKO moves are banned","|rule|Moody Clause: Moody is banned","|rule|Evasion Moves Clause: Evasion moves are banned","|rule|Endless Battle Clause: Forcing endless battles is banned","|rule|HP Percentage Mod: HP is shown in percentages","|teampreview","|","|start","|switch|p1a: Trevenant|Trevenant, F, shiny|373/373","|switch|p2a: Breloom|Breloom, F|261/261","|turn|1","|","|switch|p2a: Victreebel|Victreebel, F|301/301","|move|p1a: Trevenant|Will-O-Wisp|p2a: Victreebel","|-status|p2a: Victreebel|brn","|","|-damage|p2a: Victreebel|264/301 brn|[from] brn","|turn|2","|","|move|p2a: Victreebel|Knock Off|p1a: Trevenant","|-supereffective|p1a: Trevenant","|-damage|p1a: Trevenant|301/373","|-enditem|p1a: Trevenant|Lum Berry|[from] move: Knock Off|[of] p2a: Victreebel","|move|p1a: Trevenant|Calm Mind|p1a: Trevenant","|-boost|p1a: Trevenant|spa|1","|-boost|p1a: Trevenant|spd|1","|","|-damage|p2a: Victreebel|227/301 brn|[from] brn","|turn|3","|","|switch|p2a: Serperior|Serperior, F|291/291","|move|p1a: Trevenant|Shadow Ball|p2a: Serperior","|-damage|p2a: Serperior|195/291","|","|turn|4","|","|move|p2a: Serperior|Leaf Storm|p1a: Trevenant","|-resisted|p1a: Trevenant","|-damage|p1a: Trevenant|215/373","|-boost|p2a: Serperior|spa|2","|-damage|p2a: Serperior|166/291|[from] item: Life Orb","|move|p1a: Trevenant|Will-O-Wisp|p2a: Serperior","|-status|p2a: Serperior|brn","|","|-damage|p2a: Serperior|130/291 brn|[from] brn","|turn|5","|","|move|p2a: Serperior|Hidden Power|p1a: Trevenant","|-supereffective|p1a: Trevenant","|-damage|p1a: Trevenant|12/373","|-damage|p2a: Serperior|101/291 brn|[from] item: Life Orb","|move|p1a: Trevenant|Shadow Ball|p2a: Serperior","|-damage|p2a: Serperior|0 fnt","|faint|p2a: Serperior","|","|","|switch|p2a: Victreebel|Victreebel, F|227/301 brn","|turn|6","|","|move|p2a: Victreebel|Giga Drain|p1a: Trevenant","|-resisted|p1a: Trevenant","|-damage|p1a: Trevenant|0 fnt","|-heal|p2a: Victreebel|233/301 brn|[from] drain|[of] p1a: Trevenant","|faint|p1a: Trevenant","|","|-damage|p2a: Victreebel|196/301 brn|[from] brn","|","|switch|p1a: Ferrothorn|Ferrothorn, F|351/351","|turn|7","|","|switch|p2a: Ferrothorn|Ferrothorn, F|351/351","|move|p1a: Ferrothorn|Stealth Rock|p2a: Ferrothorn","|-sidestart|p2: Gym Ldr Mitsuka∆|move: Stealth Rock","|","|turn|8","|","|move|p2a: Ferrothorn|Stealth Rock|p1a: Ferrothorn","|-sidestart|p1: Knight Ryan|move: Stealth Rock","|move|p1a: Ferrothorn|Spikes|p2a: Ferrothorn","|-sidestart|p2: Gym Ldr Mitsuka∆|Spikes","|","|turn|9","|","|switch|p2a: Breloom|Breloom, F|261/261","|-damage|p2a: Breloom|245/261|[from] Stealth Rock","|-damage|p2a: Breloom|213/261|[from] Spikes","|move|p1a: Ferrothorn|Spikes|p2a: Breloom","|-sidestart|p2: Gym Ldr Mitsuka∆|Spikes","|","|turn|10","|","|move|p2a: Breloom|Swords Dance|p2a: Breloom","|-boost|p2a: Breloom|atk|2","|move|p1a: Ferrothorn|Curse|p1a: Ferrothorn","|-unboost|p1a: Ferrothorn|spe|1","|-boost|p1a: Ferrothorn|atk|1","|-boost|p1a: Ferrothorn|def|1","|","|turn|11","|","|move|p2a: Breloom|Mach Punch|p1a: Ferrothorn","|-supereffective|p1a: Ferrothorn","|-damage|p1a: Ferrothorn|193/351","|-damage|p2a: Breloom|181/261|[from] ability: Iron Barbs|[of] p1a: Ferrothorn","|-damage|p2a: Breloom|138/261|[from] item: Rocky Helmet|[of] p1a: Ferrothorn","|move|p1a: Ferrothorn|Curse|p1a: Ferrothorn","|-unboost|p1a: Ferrothorn|spe|1","|-boost|p1a: Ferrothorn|atk|1","|-boost|p1a: Ferrothorn|def|1","|","|turn|12","|","|move|p2a: Breloom|Swords Dance|p2a: Breloom","|-boost|p2a: Breloom|atk|2","|move|p1a: Ferrothorn|Spikes|p2a: Breloom","|-sidestart|p2: Gym Ldr Mitsuka∆|Spikes","|","|turn|13","|","|move|p2a: Breloom|Mach Punch|p1a: Ferrothorn","|-supereffective|p1a: Ferrothorn","|-damage|p1a: Ferrothorn|17/351","|-damage|p2a: Breloom|106/261|[from] ability: Iron Barbs|[of] p1a: Ferrothorn","|-damage|p2a: Breloom|63/261|[from] item: Rocky Helmet|[of] p1a: Ferrothorn","|move|p1a: Ferrothorn|Gyro Ball|p2a: Breloom","|-damage|p2a: Breloom|0 fnt","|faint|p2a: Breloom","|","|","|switch|p2a: Venusaur|Venusaur, M|363/363","|-damage|p2a: Venusaur|273/363|[from] Spikes","|-damage|p2a: Venusaur|228/363|[from] Stealth Rock","|turn|14","|","|detailschange|p2a: Venusaur|Venusaur-Mega, M","|-mega|p2a: Venusaur|Venusaur|Venusaurite","|move|p2a: Venusaur|Earthquake|p1a: Ferrothorn","|-damage|p1a: Ferrothorn|0 fnt","|faint|p1a: Ferrothorn","|","|","|switch|p1a: Venusaur|Venusaur, M|301/301","|-damage|p1a: Venusaur|264/301|[from] Stealth Rock","|turn|15","|","|detailschange|p1a: Venusaur|Venusaur-Mega, M","|-mega|p1a: Venusaur|Venusaur|Venusaurite","|move|p1a: Venusaur|Sludge Bomb|p2a: Venusaur","|-damage|p2a: Venusaur|99/363","|move|p2a: Venusaur|Synthesis|p2a: Venusaur","|-heal|p2a: Venusaur|280/363","|","|turn|16","|","|move|p1a: Venusaur|Sludge Bomb|p2a: Venusaur","|-damage|p2a: Venusaur|166/363","|move|p2a: Venusaur|Sludge Bomb|p1a: Venusaur","|-damage|p1a: Venusaur|153/301","|","|turn|17","|","|move|p1a: Venusaur|Earthquake|p2a: Venusaur","|-damage|p2a: Venusaur|106/363","|move|p2a: Venusaur|Sludge Bomb|p1a: Venusaur","|-damage|p1a: Venusaur|41/301","|","|turn|18","|","|move|p1a: Venusaur|Sludge Bomb|p2a: Venusaur","|-damage|p2a: Venusaur|0 fnt","|faint|p2a: Venusaur","|","|","|switch|p2a: Victreebel|Victreebel, F|196/301 brn","|-damage|p2a: Victreebel|159/301 brn|[from] Stealth Rock","|-damage|p2a: Victreebel|84/301 brn|[from] Spikes","|-enditem|p2a: Victreebel|Salac Berry|[eat]","|-boost|p2a: Victreebel|spe|1|[from] item: Salac Berry","|turn|19","|","|move|p2a: Victreebel|Belch|p1a: Venusaur","|-damage|p1a: Venusaur|0 fnt","|faint|p1a: Venusaur","|","|-damage|p2a: Victreebel|47/301 brn|[from] brn","|","|switch|p1a: Breloom|Breloom, M|261/261","|-damage|p1a: Breloom|245/261|[from] Stealth Rock","|turn|20","|","|move|p2a: Victreebel|Belch|p1a: Breloom","|-supereffective|p1a: Breloom","|-damage|p1a: Breloom|0 fnt","|faint|p1a: Breloom","|","|-damage|p2a: Victreebel|10/301 brn|[from] brn","|","|switch|p1a: Serperior|Serperior, M, shiny|291/291","|-damage|p1a: Serperior|255/291|[from] Stealth Rock","|turn|21","|","|move|p2a: Victreebel|Belch|p1a: Serperior","|-supereffective|p1a: Serperior","|-damage|p1a: Serperior|0 fnt","|faint|p1a: Serperior","|","|-damage|p2a: Victreebel|0 fnt|[from] brn","|faint|p2a: Victreebel","|","|switch|p1a: Rotom-Mow|Rotom-Mow|303/303","|switch|p2a: Ferrothorn|Ferrothorn, F|351/351","|-damage|p1a: Rotom-Mow|266/303|[from] Stealth Rock","|-damage|p2a: Ferrothorn|264/351|[from] Spikes","|-damage|p2a: Ferrothorn|243/351|[from] Stealth Rock","|turn|22","|","|move|p1a: Rotom-Mow|Discharge|p2a: Ferrothorn","|-resisted|p2a: Ferrothorn","|-damage|p2a: Ferrothorn|195/351","|move|p2a: Ferrothorn|Knock Off|p1a: Rotom-Mow","|-damage|p1a: Rotom-Mow|197/303","|-enditem|p1a: Rotom-Mow|Sitrus Berry|[from] move: Knock Off|[of] p2a: Ferrothorn","|","|turn|23","|","|move|p1a: Rotom-Mow|Discharge|p2a: Ferrothorn","|-resisted|p2a: Ferrothorn","|-damage|p2a: Ferrothorn|154/351","|move|p2a: Ferrothorn|Gyro Ball|p1a: Rotom-Mow","|-crit|p1a: Rotom-Mow","|-resisted|p1a: Rotom-Mow","|-damage|p1a: Rotom-Mow|99/303","|","|turn|24","|","|move|p1a: Rotom-Mow|Discharge|p2a: Ferrothorn","|-resisted|p2a: Ferrothorn","|-damage|p2a: Ferrothorn|108/351","|move|p2a: Ferrothorn|Gyro Ball|p1a: Rotom-Mow","|-crit|p1a: Rotom-Mow","|-resisted|p1a: Rotom-Mow","|-damage|p1a: Rotom-Mow|14/303","|","|turn|25","|","|move|p1a: Rotom-Mow|Discharge|p2a: Ferrothorn","|-resisted|p2a: Ferrothorn","|-damage|p2a: Ferrothorn|65/351","|move|p2a: Ferrothorn|Gyro Ball|p1a: Rotom-Mow","|-resisted|p1a: Rotom-Mow","|-damage|p1a: Rotom-Mow|0 fnt","|faint|p1a: Rotom-Mow","|","|win|Gym Ldr Mitsuka∆"],"p1rating":{"entryid":"680905","serverid":"eos","formatid":"monotype","userid":"knightryan","username":"Knight Ryan","w":"8","l":11,"t":"0","gxe":46,"r":"1403.8094993324","rd":"97.799903656578","sigma":"0","rptime":"1441011600","rpr":1468.8548620457,"rprd":71.605053189394,"rpsigma":"0","acre":1108.6876807162,"lacre":1108.6876807162,"oldacre":"1125.9434180678"},"p2rating":{"entryid":"379503","serverid":"eos","formatid":"monotype","userid":"gymldrmitsuka","username":"Gym Ldr Mitsuka∆","w":30,"l":"18","t":"0","gxe":61.2,"r":"1563.1648398293","rd":"55.125863875314","sigma":"0","rptime":"1441011600","rpr":1586.4559923311,"rprd":50.472545983955,"rpsigma":"0","acre":1254.4798327944,"lacre":1254.4798327944,"oldacre":"1237.2240954428"},"endType":"normal"}