{"seed":[33219,30174,24396,20649],"turns":21,"p1":"Knight Ryan","p2":"FaeWarden","p1team":[{"name":"Azumarill","species":"Azumarill","item":"sitrusberry","ability":"Huge Power","moves":["aquajet","playrough","icepunch","bellydrum"],"nature":"Adamant","evs":{"hp":252,"atk":252,"def":0,"spa":0,"spd":4,"spe":0},"gender":"F","shiny":true,"ivs":{"hp":31,"atk":31,"def":31,"spa":31,"spd":31,"spe":31}},{"name":"Kingdra","species":"Kingdra","item":"scopelens","ability":"Sniper","moves":["focusenergy","dragonpulse","scald","icebeam"],"nature":"Modest","evs":{"hp":248,"atk":0,"def":0,"spa":252,"spd":8,"spe":0},"gender":"M","ivs":{"hp":31,"atk":31,"def":31,"spa":31,"spd":31,"spe":31}},{"name":"Cloyster","species":"Cloyster","item":"whiteherb","ability":"Skill Link","moves":["rockblast","iciclespear","surf","shellsmash"],"nature":"Naughty","evs":{"hp":0,"atk":252,"def":0,"spa":4,"spd":0,"spe":252},"gender":"F","shiny":true,"ivs":{"hp":31,"atk":31,"def":31,"spa":31,"spd":31,"spe":31}},{"name":"Swampert","species":"Swampert","item":"swampertite","ability":"Torrent","moves":["earthquake","rockslide","poweruppunch","waterfall"],"nature":"Adamant","evs":{"hp":248,"atk":252,"def":0,"spa":0,"spd":8,"spe":0},"gender":"M","ivs":{"hp":31,"atk":31,"def":31,"spa":31,"spd":31,"spe":31}},{"name":"Keldeo","species":"Keldeo","item":"leftovers","ability":"Justified","moves":["sacredsword","aquajet","swordsdance","aerialace"],"nature":"Jolly","evs":{"hp":0,"atk":252,"def":0,"spa":0,"spd":4,"spe":252},"ivs":{"hp":31,"atk":31,"def":31,"spa":31,"spd":31,"spe":31}},{"name":"Barbaracle","species":"Barbaracle","item":"whiteherb","ability":"Tough Claws","moves":["shellsmash","crosschop","xscissor","earthquake"],"nature":"Adamant","evs":{"hp":0,"atk":252,"def":0,"spa":0,"spd":4,"spe":252},"gender":"M","ivs":{"hp":31,"atk":31,"def":31,"spa":31,"spd":31,"spe":31}}],"p2team":[{"name":"Dragonite","species":"Dragonite","item":"weaknesspolicy","ability":"Multiscale","moves":["dragondance","firepunch","extremespeed","dragonclaw"],"nature":"Jolly","evs":{"hp":4,"atk":252,"def":0,"spa":0,"spd":0,"spe":252},"ivs":{"hp":31,"atk":31,"def":31,"spa":31,"spd":31,"spe":31}},{"name":"Garchomp","species":"Garchomp","item":"choicescarf","ability":"Rough Skin","moves":["dracometeor","earthquake","stoneedge","dragonclaw"],"nature":"Jolly","evs":{"hp":4,"atk":252,"def":0,"spa":0,"spd":0,"spe":252},"ivs":{"hp":31,"atk":31,"def":31,"spa":31,"spd":31,"spe":31}},{"name":"Goodra","species":"Goodra","item":"assaultvest","ability":"Gooey","moves":["dracometeor","fireblast","sludgewave","thunderbolt"],"nature":"Modest","evs":{"hp":248,"atk":0,"def":0,"spa":252,"spd":8,"spe":0},"ivs":{"hp":31,"atk":31,"def":31,"spa":31,"spd":31,"spe":31}},{"name":"Latias","species":"Latias","item":"focussash","ability":"Levitate","moves":["defog","dragonpulse","psyshock","healingwish"],"nature":"Timid","evs":{"hp":0,"atk":0,"def":0,"spa":252,"spd":4,"spe":252},"ivs":{"hp":31,"atk":31,"def":31,"spa":31,"spd":31,"spe":31}},{"name":"Druddigon","species":"Druddigon","item":"rockyhelmet","ability":"Rough Skin","moves":["dragontail","suckerpunch","glare","stealthrock"],"nature":"Adamant","evs":{"hp":248,"atk":252,"def":0,"spa":0,"spd":8,"spe":0},"ivs":{"hp":31,"atk":31,"def":31,"spa":31,"spd":31,"spe":31}},{"name":"Kyurem-Black","species":"Kyurem-Black","item":"leftovers","ability":"Teravolt","moves":["roost","ironhead","dragonclaw","zenheadbutt"],"nature":"Adamant","evs":{"hp":252,"atk":252,"def":0,"spa":0,"spd":4,"spe":0},"ivs":{"hp":31,"atk":31,"def":31,"spa":31,"spd":31,"spe":31}}],"log":["|player|p1|Knight Ryan|170","|player|p2|FaeWarden|233","|gametype|singles","|gen|6","|tier|Monotype","|rated","|rule|Baton Pass Clause: Limit one Baton Passer, can't pass Spe and other stats simultaneously","|rule|Swagger Clause: Swagger is banned","|rule|Same Type Clause: Pokémon in a team must share a type","|clearpoke","|poke|p1|Azumarill, F, shiny","|poke|p1|Kingdra, M","|poke|p1|Cloyster, F, shiny","|poke|p1|Swampert, M","|poke|p1|Keldeo","|poke|p1|Barbaracle, M","|poke|p2|Dragonite, F","|poke|p2|Garchomp, M","|poke|p2|Goodra, F","|poke|p2|Latias, F","|poke|p2|Druddigon, M","|poke|p2|Kyurem-Black","|rule|Sleep Clause Mod: Limit one foe put to sleep","|rule|Species Clause: Limit one of each Pokémon","|rule|OHKO Clause: OHKO moves are banned","|rule|Moody Clause: Moody is banned","|rule|Evasion Moves Clause: Evasion moves are banned","|rule|Endless Battle Clause: Forcing endless battles is banned","|rule|HP Percentage Mod: HP is shown in percentages","|teampreview","|","|start","|switch|p1a: Barbaracle|Barbaracle, M|285/285","|switch|p2a: Druddigon|Druddigon, M|357/357","|turn|1","|","|move|p1a: Barbaracle|Shell Smash|p1a: Barbaracle","|-unboost|p1a: Barbaracle|def|1","|-unboost|p1a: Barbaracle|spd|1","|-boost|p1a: Barbaracle|atk|2","|-boost|p1a: Barbaracle|spa|2","|-boost|p1a: Barbaracle|spe|2","|-enditem|p1a: Barbaracle|White Herb","|-restoreboost|p1a: Barbaracle|[silent]","|move|p2a: Druddigon|Glare|p1a: Barbaracle","|-status|p1a: Barbaracle|par","|","|turn|2","|","|cant|p1a: Barbaracle|par","|move|p2a: Druddigon|Dragon Tail|p1a: Barbaracle","|-damage|p1a: Barbaracle|192/285 par","|drag|p1a: Kingdra|Kingdra, M|353/353","|","|turn|3","|","|move|p1a: Kingdra|Ice Beam|p2a: Druddigon","|-supereffective|p2a: Druddigon","|-damage|p2a: Druddigon|139/357","|move|p2a: Druddigon|Glare|p1a: Kingdra","|-status|p1a: Kingdra|par","|","|turn|4","|","|move|p2a: Druddigon|Stealth Rock|p1a: Kingdra","|-sidestart|p1: Knight Ryan|move: Stealth Rock","|move|p1a: Kingdra|Ice Beam|p2a: Druddigon","|-supereffective|p2a: Druddigon","|-damage|p2a: Druddigon|0 fnt","|faint|p2a: Druddigon","|","|","|switch|p2a: Kyurem-Black|Kyurem-Black|454/454","|-ability|p2a: Kyurem-Black|Teravolt","|turn|5","|","|move|p2a: Kyurem-Black|Dragon Claw|p1a: Kingdra","|-supereffective|p1a: Kingdra","|-damage|p1a: Kingdra|0 fnt","|faint|p1a: Kingdra","|","|","|switch|p1a: Keldeo|Keldeo|323/323","|-damage|p1a: Keldeo|303/323|[from] Stealth Rock","|turn|6","|","|move|p1a: Keldeo|Sacred Sword|p2a: Kyurem-Black","|-supereffective|p2a: Kyurem-Black","|-damage|p2a: Kyurem-Black|250/454","|move|p2a: Kyurem-Black|Zen Headbutt|p1a: Keldeo","|-supereffective|p1a: Keldeo","|-damage|p1a: Keldeo|23/323","|","|-heal|p1a: Keldeo|43/323|[from] item: Leftovers","|-heal|p2a: Kyurem-Black|278/454|[from] item: Leftovers","|turn|7","|","|move|p1a: Keldeo|Sacred Sword|p2a: Kyurem-Black","|-supereffective|p2a: Kyurem-Black","|-damage|p2a: Kyurem-Black|66/454","|move|p2a: Kyurem-Black|Zen Headbutt|p1a: Keldeo","|-supereffective|p1a: Keldeo","|-damage|p1a: Keldeo|0 fnt","|faint|p1a: Keldeo","|","|-heal|p2a: Kyurem-Black|94/454|[from] item: Leftovers","|","|switch|p1a: Swampert|Swampert, M|403/403","|-damage|p1a: Swampert|378/403|[from] Stealth Rock","|turn|8","|","|detailschange|p1a: Swampert|Swampert-Mega, M","|-mega|p1a: Swampert|Swampert|Swampertite","|move|p2a: Kyurem-Black|Roost|p2a: Kyurem-Black","|-heal|p2a: Kyurem-Black|321/454","|move|p1a: Swampert|Power-Up Punch|p2a: Kyurem-Black","|-supereffective|p2a: Kyurem-Black","|-damage|p2a: Kyurem-Black|201/454","|-boost|p1a: Swampert|atk|1","|","|-heal|p2a: Kyurem-Black|229/454|[from] item: Leftovers","|turn|9","|","|move|p2a: Kyurem-Black|Dragon Claw|p1a: Swampert","|-damage|p1a: Swampert|200/403","|move|p1a: Swampert|Power-Up Punch|p2a: Kyurem-Black","|-supereffective|p2a: Kyurem-Black","|-damage|p2a: Kyurem-Black|63/454","|-boost|p1a: Swampert|atk|1","|","|-heal|p2a: Kyurem-Black|91/454|[from] item: Leftovers","|turn|10","|","|move|p2a: Kyurem-Black|Dragon Claw|p1a: Swampert","|-damage|p1a: Swampert|25/403","|move|p1a: Swampert|Power-Up Punch|p2a: Kyurem-Black","|-supereffective|p2a: Kyurem-Black","|-damage|p2a: Kyurem-Black|0 fnt","|-boost|p1a: Swampert|atk|1","|faint|p2a: Kyurem-Black","|","|","|switch|p2a: Dragonite|Dragonite, F|324/324","|turn|11","|","|move|p2a: Dragonite|Extreme Speed|p1a: Swampert","|-damage|p1a: Swampert|0 fnt","|faint|p1a: Swampert","|","|","|switch|p1a: Cloyster|Cloyster, F, shiny|241/241","|-damage|p1a: Cloyster|181/241|[from] Stealth Rock","|turn|12","|","|move|p2a: Dragonite|Dragon Dance|p2a: Dragonite","|-boost|p2a: Dragonite|atk|1","|-boost|p2a: Dragonite|spe|1","|move|p1a: Cloyster|Shell Smash|p1a: Cloyster","|-unboost|p1a: Cloyster|def|1","|-unboost|p1a: Cloyster|spd|1","|-boost|p1a: Cloyster|atk|2","|-boost|p1a: Cloyster|spa|2","|-boost|p1a: Cloyster|spe|2","|-enditem|p1a: Cloyster|White Herb","|-restoreboost|p1a: Cloyster|[silent]","|","|turn|13","|","|move|p1a: Cloyster|Icicle Spear|p2a: Dragonite","|-supereffective|p2a: Dragonite","|-damage|p2a: Dragonite|160/324","|-enditem|p2a: Dragonite|Weakness Policy","|-boost|p2a: Dragonite|atk|2|[from] item: Weakness Policy","|-boost|p2a: Dragonite|spa|2|[from] item: Weakness Policy","|-supereffective|p2a: Dragonite","|-damage|p2a: Dragonite|0 fnt","|-hitcount|p2a: Dragonite|2","|faint|p2a: Dragonite","|","|","|switch|p2a: Goodra|Goodra, F|383/383","|turn|14","|","|move|p1a: Cloyster|Icicle Spear|p2a: Goodra","|-supereffective|p2a: Goodra","|-damage|p2a: Goodra|177/383","|-supereffective|p2a: Goodra","|-damage|p2a: Goodra|0 fnt","|-hitcount|p2a: Goodra|2","|faint|p2a: Goodra","|","|","|switch|p2a: Garchomp|Garchomp, M|358/358","|turn|15","|","|move|p2a: Garchomp|Stone Edge|p1a: Cloyster","|-crit|p1a: Cloyster","|-supereffective|p1a: Cloyster","|-damage|p1a: Cloyster|0 fnt","|faint|p1a: Cloyster","|","|","|switch|p1a: Barbaracle|Barbaracle, M|192/285 par","|-damage|p1a: Barbaracle|157/285 par|[from] Stealth Rock","|turn|16","|","|move|p2a: Garchomp|Stone Edge|p1a: Barbaracle","|-damage|p1a: Barbaracle|57/285 par","|move|p1a: Barbaracle|Cross Chop|p2a: Garchomp","|-damage|p2a: Garchomp|195/358","|-damage|p1a: Barbaracle|22/285 par|[from] ability: Rough Skin|[of] p2a: Garchomp","|","|turn|17","|","|move|p2a: Garchomp|Stone Edge|p1a: Barbaracle","|-damage|p1a: Barbaracle|0 fnt","|faint|p1a: Barbaracle","|","|","|switch|p1a: Azumarill|Azumarill, F, shiny|404/404","|-damage|p1a: Azumarill|354/404|[from] Stealth Rock","|turn|18","|","|move|p2a: Garchomp|Stone Edge|p1a: Azumarill|[miss]","|-miss|p2a: Garchomp|p1a: Azumarill","|move|p1a: Azumarill|Play Rough|p2a: Garchomp|[miss]","|-miss|p1a: Azumarill|p2a: Garchomp","|","|turn|19","|","|switch|p2a: Latias|Latias, F|301/301","|move|p1a: Azumarill|Play Rough|p2a: Latias","|-supereffective|p2a: Latias","|-enditem|p2a: Latias|Focus Sash","|-damage|p2a: Latias|1/301","|","|turn|20","|","|move|p1a: Azumarill|Aqua Jet|p2a: Latias","|-resisted|p2a: Latias","|-damage|p2a: Latias|0 fnt","|faint|p2a: Latias","|","|","|switch|p2a: Garchomp|Garchomp, M|195/358","|turn|21","|","|move|p2a: Garchomp|Stone Edge|p1a: Azumarill","|-damage|p1a: Azumarill|217/404","|move|p1a: Azumarill|Ice Punch|p2a: Garchomp","|-supereffective|p2a: Garchomp","|-damage|p2a: Garchomp|0 fnt","|-damage|p1a: Azumarill|167/404|[from] ability: Rough Skin|[of] p2a: Garchomp","|faint|p2a: Garchomp","|","|win|Knight Ryan"],"p1rating":{"entryid":"680905","serverid":"eos","formatid":"monotype","userid":"knightryan","username":"Knight Ryan","w":18,"l":"21","t":"0","gxe":47,"r":"1403.8094993324","rd":"97.799903656578","sigma":"0","rptime":"1441011600","rpr":1476.9088610831,"rprd":54.400838729218,"rpsigma":"0","acre":1114.3474813202,"lacre":1114.3474813202,"oldacre":"1093.3583318657"},"p2rating":{"entryid":"707583","serverid":"eos","formatid":"monotype","userid":"faewarden","username":"FaeWarden","w":"1","l":2,"t":"0","gxe":44.5,"r":"1500","rd":"130","sigma":"0","rptime":"1441011600","rpr":1456.5556984377,"rprd":111.0453988225,"rpsigma":"0","acre":1014.41938619,"lacre":1014.41938619,"oldacre":"1025.5928130844"},"endType":"normal"}