{"seed":[4355,20225,15135,5574],"turns":20,"p1":"Void Neo - ⒶⒻⓀ","p2":"Primal Geo","p1team":[{"name":"Miller","species":"skarmory","item":"rockyhelmet","ability":"Sturdy","moves":["bravebird","stealthrock","whirlwind","roost"],"nature":"Impish","evs":{"hp":248,"atk":0,"def":252,"spa":0,"spd":0,"spe":8},"ivs":{"hp":31,"atk":31,"def":31,"spa":31,"spd":31,"spe":31}},{"name":"Andrea","species":"togekiss","item":"choicescarf","ability":"Serene Grace","moves":["airslash","dazzlinggleam","aurasphere","trick"],"nature":"Timid","evs":{"hp":4,"atk":0,"def":0,"spa":252,"spd":0,"spe":252},"ivs":{"hp":31,"atk":31,"def":31,"spa":31,"spd":31,"spe":31}},{"name":"Cyron","species":"zapdos","item":"leftovers","ability":"Pressure","moves":["discharge","heatwave","defog","roost"],"nature":"Calm","evs":{"hp":252,"atk":0,"def":0,"spa":4,"spd":252,"spe":0},"ivs":{"hp":31,"atk":31,"def":31,"spa":31,"spd":31,"spe":31}},{"name":"Ohnta","species":"gyarados","item":"gyaradosite","ability":"Intimidate","moves":["dragondance","substitute","icefang","earthquake"],"nature":"Jolly","evs":{"hp":0,"atk":252,"def":0,"spa":0,"spd":4,"spe":252},"ivs":{"hp":31,"atk":31,"def":31,"spa":31,"spd":31,"spe":31}},{"name":"Rafique","species":"landorustherian","item":"choicescarf","ability":"Intimidate","moves":["uturn","earthquake","stoneedge","knockoff"],"nature":"Jolly","evs":{"hp":0,"atk":252,"def":0,"spa":0,"spd":4,"spe":252},"ivs":{"hp":31,"atk":31,"def":31,"spa":31,"spd":31,"spe":31}},{"name":"Shari","species":"dragonite","item":"choiceband","ability":"Multiscale","moves":["outrage","firepunch","brickbreak","extremespeed"],"nature":"Adamant","evs":{"hp":4,"atk":252,"def":0,"spa":0,"spd":0,"spe":252},"ivs":{"hp":31,"atk":31,"def":31,"spa":31,"spd":31,"spe":31}}],"p2team":[{"name":"Nosepass","species":"Nosepass","item":"berryjuice","ability":"Sturdy","moves":["painsplit","toxic","stealthrock","protect"],"nature":"Naive","evs":{"hp":0,"atk":252,"def":0,"spa":0,"spd":0,"spe":252},"shiny":true,"level":1,"ivs":{"hp":31,"atk":31,"def":31,"spa":31,"spd":31,"spe":31}},{"name":"Archeops","species":"Archeops","item":"focussash","ability":"Defeatist","moves":["endeavor","quickattack","uturn","acrobatics"],"nature":"Lonely","evs":{"hp":4,"atk":252,"def":0,"spa":0,"spd":0,"spe":252},"ivs":{"hp":31,"atk":31,"def":31,"spa":31,"spd":31,"spe":31}},{"name":"Terrakion","species":"Terrakion","item":"choicescarf","ability":"Justified","moves":["closecombat","rockslide","earthquake","poisonjab"],"nature":"Adamant","evs":{"hp":4,"atk":252,"def":0,"spa":0,"spd":0,"spe":252},"ivs":{"hp":31,"atk":31,"def":31,"spa":31,"spd":31,"spe":31}},{"name":"Cradily","species":"Cradily","item":"leftovers","ability":"Storm Drain","moves":["gigadrain","toxic","stockpile","recover"],"nature":"Bold","evs":{"hp":128,"atk":0,"def":252,"spa":0,"spd":128,"spe":0},"ivs":{"hp":31,"atk":31,"def":31,"spa":31,"spd":31,"spe":31}},{"name":"Diancie","species":"Diancie","item":"diancite","ability":"Clear Body","moves":["diamondstorm","moonblast","calmmind","protect"],"nature":"Timid","evs":{"hp":0,"atk":128,"def":0,"spa":128,"spd":0,"spe":252},"ivs":{"hp":31,"atk":31,"def":31,"spa":31,"spd":31,"spe":31}},{"name":"Tyranitar","species":"Tyranitar","item":"leftovers","ability":"Sand Stream","moves":["taunt","stealthrock","pursuit","earthquake"],"nature":"Impish","evs":{"hp":128,"atk":128,"def":252,"spa":0,"spd":0,"spe":0},"ivs":{"hp":31,"atk":31,"def":31,"spa":31,"spd":31,"spe":31}}],"log":["|player|p1|Void Neo - ⒶⒻⓀ|voidneo.png","|player|p2|Primal Geo|primalgeo.png","|gametype|singles","|gen|6","|tier|Monotype","|rated","|rule|Baton Pass Clause: Limit one Baton Passer, can't pass Spe and other stats simultaneously","|rule|Swagger Clause: Swagger is banned","|rule|Same Type Clause: Pokémon in a team must share a type","|clearpoke","|poke|p1|Skarmory, M","|poke|p1|Togekiss, M","|poke|p1|Zapdos","|poke|p1|Gyarados, M","|poke|p1|Landorus-Therian, M","|poke|p1|Dragonite, F","|poke|p2|Nosepass, L1, M, shiny","|poke|p2|Archeops, M","|poke|p2|Terrakion","|poke|p2|Cradily, F","|poke|p2|Diancie","|poke|p2|Tyranitar, M","|rule|Sleep Clause Mod: Limit one foe put to sleep","|rule|Species Clause: Limit one of each Pokémon","|rule|OHKO Clause: OHKO moves are banned","|rule|Moody Clause: Moody is banned","|rule|Evasion Moves Clause: Evasion moves are banned","|rule|Endless Battle Clause: Forcing endless battles is banned","|rule|HP Percentage Mod: HP is shown in percentages","|teampreview","|","|start","|switch|p1a: Rafique|Landorus-Therian, M|319/319","|switch|p2a: Tyranitar|Tyranitar, M|373/373","|-ability|p1a: Rafique|Intimidate","|-unboost|p2a: Tyranitar|atk|1","|-weather|Sandstorm","|turn|1","|","|switch|p2a: Archeops|Archeops, M|292/292","|move|p1a: Rafique|U-turn|p2a: Archeops","|-resisted|p2a: Archeops","|-damage|p2a: Archeops|219/292","|","|switch|p1a: Miller|Skarmory, M|333/333","|","|-weather|Sandstorm|[upkeep]","|turn|2","|","|move|p2a: Archeops|U-turn|p1a: Miller","|-resisted|p1a: Miller","|-damage|p1a: Miller|318/333","|-damage|p2a: Archeops|171/292|[from] item: Rocky Helmet|[of] p1a: Miller","|","|switch|p2a: Tyranitar|Tyranitar, M|373/373","|move|p1a: Miller|Stealth Rock|p2a: Tyranitar","|-sidestart|p2: Primal Geo|move: Stealth Rock","|","|-weather|Sandstorm|[upkeep]","|turn|3","|","|switch|p1a: Rafique|Landorus-Therian, M|319/319","|-ability|p1a: Rafique|Intimidate","|-unboost|p2a: Tyranitar|atk|1","|move|p2a: Tyranitar|Taunt|p1a: Rafique","|-start|p1a: Rafique|move: Taunt","|","|-weather|Sandstorm|[upkeep]","|turn|4","|","|switch|p2a: Archeops|Archeops, M|171/292","|-damage|p2a: Archeops|98/292|[from] Stealth Rock","|move|p1a: Rafique|U-turn|p2a: Archeops","|-resisted|p2a: Archeops","|-damage|p2a: Archeops|25/292","|","|switch|p1a: Miller|Skarmory, M|318/333","|","|-weather|Sandstorm|[upkeep]","|turn|5","|","|move|p2a: Archeops|Endeavor|p1a: Miller","|-damage|p1a: Miller|25/333","|-damage|p2a: Archeops|0 fnt|[from] item: Rocky Helmet|[of] p1a: Miller","|faint|p2a: Archeops","|move|p1a: Miller|Whirlwind|p2: Archeops|[notarget]","|-notarget","|","|-weather|none","|","|switch|p2a: Diancie|Diancie|241/241","|-damage|p2a: Diancie|211/241|[from] Stealth Rock","|turn|6","|","|detailschange|p2a: Diancie|Diancie-Mega","|-mega|p2a: Diancie|Diancie|Diancite","|move|p2a: Diancie|Diamond Storm|p1a: Miller","|-damage|p1a: Miller|0 fnt","|faint|p1a: Miller","|","|","|switch|p1a: Rafique|Landorus-Therian, M|319/319","|-ability|p1a: Rafique|Intimidate","|-unboost|p2a: Diancie|atk|1","|turn|7","|","|move|p2a: Diancie|Protect|p2a: Diancie","|-singleturn|p2a: Diancie|Protect","|move|p1a: Rafique|Earthquake|p2a: Diancie","|-activate|p2a: Diancie|Protect","|","|turn|8","|","|move|p1a: Rafique|Earthquake|p2a: Diancie","|-supereffective|p2a: Diancie","|-damage|p2a: Diancie|0 fnt","|faint|p2a: Diancie","|","|","|switch|p2a: Cradily|Cradily, F|345/345","|-damage|p2a: Cradily|302/345|[from] Stealth Rock","|turn|9","|","|switch|p1a: Andrea|Togekiss, M|312/312","|move|p2a: Cradily|Toxic|p1a: Andrea","|-status|p1a: Andrea|tox","|","|-heal|p2a: Cradily|323/345|[from] item: Leftovers","|-damage|p1a: Andrea|293/312 tox|[from] psn","|turn|10","|","|move|p1a: Andrea|Air Slash|p2a: Cradily","|-damage|p2a: Cradily|217/345","|cant|p2a: Cradily|flinch","|","|-heal|p2a: Cradily|238/345|[from] item: Leftovers","|-damage|p1a: Andrea|255/312 tox|[from] psn","|turn|11","|","|move|p1a: Andrea|Air Slash|p2a: Cradily","|-damage|p2a: Cradily|130/345","|cant|p2a: Cradily|flinch","|","|-heal|p2a: Cradily|151/345|[from] item: Leftovers","|-damage|p1a: Andrea|198/312 tox|[from] psn","|turn|12","|","|move|p1a: Andrea|Air Slash|p2a: Cradily","|-damage|p2a: Cradily|40/345","|move|p2a: Cradily|Recover|p2a: Cradily","|-heal|p2a: Cradily|213/345","|","|-heal|p2a: Cradily|234/345|[from] item: Leftovers","|-damage|p1a: Andrea|122/312 tox|[from] psn","|turn|13","|","|move|p1a: Andrea|Air Slash|p2a: Cradily","|-damage|p2a: Cradily|120/345","|move|p2a: Cradily|Stockpile|p2a: Cradily","|-start|p2a: Cradily|stockpile1","|-boost|p2a: Cradily|def|1","|-boost|p2a: Cradily|spd|1","|","|-heal|p2a: Cradily|141/345|[from] item: Leftovers","|-damage|p1a: Andrea|27/312 tox|[from] psn","|turn|14","|","|move|p1a: Andrea|Air Slash|p2a: Cradily","|-damage|p2a: Cradily|65/345","|cant|p2a: Cradily|flinch","|","|-heal|p2a: Cradily|86/345|[from] item: Leftovers","|-damage|p1a: Andrea|0 fnt|[from] psn","|faint|p1a: Andrea","|","|switch|p1a: Shari|Dragonite, F|324/324","|turn|15","|","|move|p1a: Shari|Brick Break|p2a: Cradily","|-supereffective|p2a: Cradily","|-damage|p2a: Cradily|0 fnt","|faint|p2a: Cradily","|","|","|switch|p2a: Tyranitar|Tyranitar, M|373/373","|-damage|p2a: Tyranitar|327/373|[from] Stealth Rock","|-weather|Sandstorm","|turn|16","|","|move|p1a: Shari|Brick Break|p2a: Tyranitar","|-supereffective|p2a: Tyranitar","|-damage|p2a: Tyranitar|0 fnt","|faint|p2a: Tyranitar","|","|-weather|Sandstorm|[upkeep]","|-damage|p1a: Shari|304/324|[from] sandstorm","|","|switch|p2a: Nosepass|Nosepass, L1, M, shiny|11/11","|-damage|p2a: Nosepass|10/11|[from] Stealth Rock","|turn|17","|","|move|p1a: Shari|Brick Break|p2a: Nosepass","|-supereffective|p2a: Nosepass","|-damage|p2a: Nosepass|0 fnt","|faint|p2a: Nosepass","|","|-weather|Sandstorm|[upkeep]","|-damage|p1a: Shari|284/324|[from] sandstorm","|","|switch|p2a: Terrakion|Terrakion|324/324","|-damage|p2a: Terrakion|304/324|[from] Stealth Rock","|turn|18","|","|switch|p1a: Cyron|Zapdos|384/384","|-ability|p1a: Cyron|Pressure","|move|p2a: Terrakion|Rock Slide|p1a: Cyron","|-supereffective|p1a: Cyron","|-damage|p1a: Cyron|60/384","|","|-weather|Sandstorm|[upkeep]","|-damage|p1a: Cyron|36/384|[from] sandstorm","|-heal|p1a: Cyron|60/384|[from] item: Leftovers","|turn|19","|","|move|p2a: Terrakion|Rock Slide|p1a: Cyron","|-supereffective|p1a: Cyron","|-damage|p1a: Cyron|0 fnt","|faint|p1a: Cyron","|","|-weather|Sandstorm|[upkeep]","|","|switch|p1a: Rafique|Landorus-Therian, M|319/319","|-ability|p1a: Rafique|Intimidate","|-unboost|p2a: Terrakion|atk|1","|turn|20","|","|move|p2a: Terrakion|Rock Slide|p1a: Rafique","|-crit|p1a: Rafique","|-damage|p1a: Rafique|69/319","|move|p1a: Rafique|Earthquake|p2a: Terrakion","|-crit|p2a: Terrakion","|-supereffective|p2a: Terrakion","|-damage|p2a: Terrakion|0 fnt","|faint|p2a: Terrakion","|","|win|Void Neo - ⒶⒻⓀ"],"p1rating":{"entryid":"413977","serverid":"eos","formatid":"monotype","userid":"voidneo","username":"Void Neo","w":25,"l":"3","t":"0","gxe":79.9,"r":"1752.692490646","rd":"66.349776160969","sigma":"0","rptime":"1441011600","rpr":1763.5329007187,"rprd":64.798735476598,"rpsigma":"0","acre":1376.3858658468,"lacre":1376.3858658468,"oldacre":"1369.3195162372"},"p2rating":{"entryid":"523888","serverid":"eos","formatid":"monotype","userid":"primalgeo","username":"Primal Geo","w":"4","l":5,"t":"0","gxe":49.8,"r":"1498.0399351262","rd":"107.20585211877","sigma":"0","rptime":"1441011600","rpr":1498.3364410284,"rprd":91.021462764357,"rpsigma":"0","acre":1093.1086790524,"lacre":1093.1086790524,"oldacre":"1101.9416160644"},"endType":"normal"}