{"seed":[64963,29700,22597,46462],"turns":22,"p1":"Rain ☆ Fae","p2":"imp jk","p1team":[{"name":"Medicham","species":"Medicham","item":"choiceband","ability":"Pure Power","moves":["highjumpkick","zenheadbutt","icepunch","bulletpunch"],"nature":"Jolly","evs":{"hp":0,"atk":252,"def":0,"spa":0,"spd":4,"spe":252},"ivs":{"hp":31,"atk":31,"def":31,"spa":31,"spd":31,"spe":31}},{"name":"Hawlucha","species":"Hawlucha","item":"powerherb","ability":"Unburden","moves":["skyattack","highjumpkick","acrobatics","zenheadbutt"],"nature":"Adamant","evs":{"hp":0,"atk":252,"def":0,"spa":0,"spd":4,"spe":252},"shiny":true,"ivs":{"hp":31,"atk":31,"def":31,"spa":31,"spd":31,"spe":31}},{"name":"Conkeldurr","species":"Conkeldurr","item":"assaultvest","ability":"Guts","moves":["machpunch","drainpunch","knockoff","icepunch"],"nature":"Adamant","evs":{"hp":248,"atk":252,"def":0,"spa":0,"spd":8,"spe":0},"shiny":true,"ivs":{"hp":31,"atk":31,"def":31,"spa":31,"spd":31,"spe":31}},{"name":"Keldeo","species":"Keldeo","item":"choicespecs","ability":"Justified","moves":["hydropump","scald","secretsword","icywind"],"nature":"Timid","evs":{"hp":0,"atk":0,"def":0,"spa":252,"spd":4,"spe":252},"ivs":{"hp":31,"atk":31,"def":31,"spa":31,"spd":31,"spe":31}},{"name":"Cobalion","species":"Cobalion","item":"leftovers","ability":"Justified","moves":["thunderwave","stealthrock","ironhead","taunt"],"nature":"Jolly","evs":{"hp":252,"atk":0,"def":48,"spa":0,"spd":0,"spe":208},"ivs":{"hp":31,"atk":31,"def":31,"spa":31,"spd":31,"spe":31}},{"name":"Terrakion","species":"Terrakion","item":"choicescarf","ability":"Justified","moves":["stoneedge","closecombat","earthquake","ironhead"],"nature":"Jolly","evs":{"hp":0,"atk":252,"def":0,"spa":0,"spd":4,"spe":252},"ivs":{"hp":31,"atk":31,"def":31,"spa":31,"spd":31,"spe":31}}],"p2team":[{"name":"Cobalion","species":"Cobalion","item":"leftovers","ability":"Justified","moves":["thunderwave","ironhead","stealthrock","taunt"],"nature":"Impish","evs":{"hp":252,"atk":4,"def":252,"spa":0,"spd":0,"spe":0},"ivs":{"hp":31,"atk":31,"def":31,"spa":31,"spd":31,"spe":31}},{"name":"Scrafty","species":"Scrafty","item":"leftovers","ability":"Shed Skin","moves":["icepunch","crunch","drainpunch","bulkup"],"nature":"Careful","evs":{"hp":252,"atk":4,"def":0,"spa":0,"spd":252,"spe":0},"ivs":{"hp":31,"atk":31,"def":31,"spa":31,"spd":31,"spe":31}},{"name":"Hitmontop","species":"Hitmontop","item":"assaultvest","ability":"Intimidate","moves":["endeavor","seismictoss","suckerpunch","rapidspin"],"nature":"Impish","evs":{"hp":252,"atk":0,"def":64,"spa":0,"spd":192,"spe":0},"ivs":{"hp":31,"atk":31,"def":31,"spa":31,"spd":31,"spe":31}},{"name":"Infernape","species":"Infernape","item":"focussash","ability":"Blaze","moves":["flamethrower","vacuumwave","nastyplot","encore"],"nature":"Timid","evs":{"hp":0,"atk":0,"def":0,"spa":252,"spd":0,"spe":252},"ivs":{"hp":31,"atk":31,"def":31,"spa":31,"spd":31,"spe":31}},{"name":"Heracross","species":"Heracross","item":"heracronite","ability":"Moxie","moves":["bulletseed","pinmissile","rockblast","closecombat"],"nature":"Adamant","evs":{"hp":252,"atk":124,"def":132,"spa":0,"spd":0,"spe":0},"ivs":{"hp":31,"atk":31,"def":31,"spa":31,"spd":31,"spe":31}},{"name":"Terrakion","species":"Terrakion","item":"choicescarf","ability":"Justified","moves":["closecombat","stoneedge","earthquake","ironhead"],"nature":"Adamant","evs":{"hp":4,"atk":252,"def":0,"spa":0,"spd":0,"spe":252},"ivs":{"hp":31,"atk":31,"def":31,"spa":31,"spd":31,"spe":31}}],"log":["|player|p1|Rain ☆ Fae|rainfae.png","|player|p2|imp jk|93","|gametype|singles","|gen|6","|tier|Monotype","|rated","|rule|Baton Pass Clause: Limit one Baton Passer, can't pass Spe and other stats simultaneously","|rule|Swagger Clause: Swagger is banned","|rule|Same Type Clause: Pokémon in a team must share a type","|clearpoke","|poke|p1|Medicham, F","|poke|p1|Hawlucha, F, shiny","|poke|p1|Conkeldurr, F, shiny","|poke|p1|Keldeo","|poke|p1|Cobalion","|poke|p1|Terrakion","|poke|p2|Cobalion","|poke|p2|Scrafty, F","|poke|p2|Hitmontop, M","|poke|p2|Infernape, F","|poke|p2|Heracross, F","|poke|p2|Terrakion","|rule|Sleep Clause Mod: Limit one foe put to sleep","|rule|Species Clause: Limit one of each Pokémon","|rule|OHKO Clause: OHKO moves are banned","|rule|Moody Clause: Moody is banned","|rule|Evasion Moves Clause: Evasion moves are banned","|rule|Endless Battle Clause: Forcing endless battles is banned","|rule|HP Percentage Mod: HP is shown in percentages","|teampreview","|","|start","|switch|p1a: Cobalion|Cobalion|386/386","|switch|p2a: Cobalion|Cobalion|386/386","|turn|1","|","|move|p1a: Cobalion|Taunt|p2a: Cobalion","|-start|p2a: Cobalion|move: Taunt","|cant|p2a: Cobalion|move: Taunt|Taunt","|","|turn|2","|","|switch|p2a: Hitmontop|Hitmontop, M|304/304","|-ability|p2a: Hitmontop|Intimidate","|-unboost|p1a: Cobalion|atk|1","|move|p1a: Cobalion|Thunder Wave|p2a: Hitmontop","|-status|p2a: Hitmontop|par","|","|turn|3","|","|switch|p1a: Keldeo|Keldeo|323/323","|move|p2a: Hitmontop|Seismic Toss|p1a: Keldeo","|-damage|p1a: Keldeo|223/323","|","|turn|4","|","|move|p1a: Keldeo|Hydro Pump|p2a: Hitmontop","|-crit|p2a: Hitmontop","|-damage|p2a: Hitmontop|82/304 par","|move|p2a: Hitmontop|Seismic Toss|p1a: Keldeo","|-damage|p1a: Keldeo|123/323","|","|turn|5","|","|move|p1a: Keldeo|Hydro Pump|p2a: Hitmontop","|-damage|p2a: Hitmontop|0 fnt","|faint|p2a: Hitmontop","|","|","|switch|p2a: Scrafty|Scrafty, F|334/334","|turn|6","|","|move|p1a: Keldeo|Hydro Pump|p2a: Scrafty","|-damage|p2a: Scrafty|135/334","|move|p2a: Scrafty|Drain Punch|p1a: Keldeo","|-damage|p1a: Keldeo|27/323","|-heal|p2a: Scrafty|183/334|[from] drain|[of] p1a: Keldeo","|","|-heal|p2a: Scrafty|203/334|[from] item: Leftovers","|turn|7","|","|move|p1a: Keldeo|Hydro Pump|p2a: Scrafty|[miss]","|-miss|p1a: Keldeo|p2a: Scrafty","|move|p2a: Scrafty|Drain Punch|p1a: Keldeo","|-damage|p1a: Keldeo|0 fnt","|-heal|p2a: Scrafty|217/334|[from] drain|[of] p1a: Keldeo","|faint|p1a: Keldeo","|","|-heal|p2a: Scrafty|237/334|[from] item: Leftovers","|","|switch|p1a: Hawlucha|Hawlucha, F, shiny|297/297","|turn|8","|","|move|p1a: Hawlucha|Sky Attack|p2a: Scrafty|[still]","|-prepare|p1a: Hawlucha|Sky Attack|p2a: Scrafty","|-enditem|p1a: Hawlucha|Power Herb","|-anim|p1a: Hawlucha|Sky Attack|p2a: Scrafty","|-supereffective|p2a: Scrafty","|-damage|p2a: Scrafty|0 fnt","|faint|p2a: Scrafty","|","|","|switch|p2a: Cobalion|Cobalion|386/386","|turn|9","|","|move|p1a: Hawlucha|High Jump Kick|p2a: Cobalion|[miss]","|-miss|p1a: Hawlucha|p2a: Cobalion","|-damage|p1a: Hawlucha|149/297|[from] highjumpkick","|move|p2a: Cobalion|Thunder Wave|p1a: Hawlucha","|-status|p1a: Hawlucha|par","|","|turn|10","|","|move|p2a: Cobalion|Stealth Rock|p1a: Hawlucha","|-sidestart|p1: Rain ☆ Fae|move: Stealth Rock","|cant|p1a: Hawlucha|par","|","|turn|11","|","|move|p2a: Cobalion|Iron Head|p1a: Hawlucha","|-damage|p1a: Hawlucha|40/297 par","|move|p1a: Hawlucha|High Jump Kick|p2a: Cobalion","|-supereffective|p2a: Cobalion","|-damage|p2a: Cobalion|150/386","|","|-heal|p2a: Cobalion|174/386|[from] item: Leftovers","|turn|12","|","|move|p2a: Cobalion|Iron Head|p1a: Hawlucha","|-damage|p1a: Hawlucha|0 fnt","|faint|p1a: Hawlucha","|","|-heal|p2a: Cobalion|198/386|[from] item: Leftovers","|","|switch|p1a: Conkeldurr|Conkeldurr, F, shiny|413/413","|-damage|p1a: Conkeldurr|388/413|[from] Stealth Rock","|turn|13","|","|move|p2a: Cobalion|Iron Head|p1a: Conkeldurr","|-crit|p1a: Conkeldurr","|-damage|p1a: Conkeldurr|244/413","|cant|p1a: Conkeldurr|flinch","|","|-heal|p2a: Cobalion|222/386|[from] item: Leftovers","|turn|14","|","|move|p2a: Cobalion|Iron Head|p1a: Conkeldurr","|-damage|p1a: Conkeldurr|160/413","|move|p1a: Conkeldurr|Drain Punch|p2a: Cobalion","|-supereffective|p2a: Cobalion","|-damage|p2a: Cobalion|24/386","|-heal|p1a: Conkeldurr|259/413|[from] drain|[of] p2a: Cobalion","|","|-heal|p2a: Cobalion|48/386|[from] item: Leftovers","|turn|15","|","|move|p1a: Conkeldurr|Mach Punch|p2a: Cobalion","|-supereffective|p2a: Cobalion","|-damage|p2a: Cobalion|0 fnt","|faint|p2a: Cobalion","|","|","|switch|p2a: Heracross|Heracross, F|364/364","|turn|16","|","|detailschange|p2a: Heracross|Heracross-Mega, F","|-mega|p2a: Heracross|Heracross|Heracronite","|move|p2a: Heracross|Close Combat|p1a: Conkeldurr","|-damage|p1a: Conkeldurr|0 fnt","|-unboost|p2a: Heracross|def|1","|-unboost|p2a: Heracross|spd|1","|faint|p1a: Conkeldurr","|","|","|switch|p1a: Medicham|Medicham, F|261/261","|-damage|p1a: Medicham|245/261|[from] Stealth Rock","|turn|17","|","|move|p1a: Medicham|Zen Headbutt|p2a: Heracross","|-supereffective|p2a: Heracross","|-damage|p2a: Heracross|0 fnt","|faint|p2a: Heracross","|","|","|switch|p2a: Infernape|Infernape, F|293/293","|turn|18","|","|move|p2a: Infernape|Flamethrower|p1a: Medicham","|-crit|p1a: Medicham","|-damage|p1a: Medicham|0 fnt","|faint|p1a: Medicham","|","|","|switch|p1a: Terrakion|Terrakion|323/323","|-damage|p1a: Terrakion|303/323|[from] Stealth Rock","|turn|19","|","|move|p1a: Terrakion|Earthquake|p2a: Infernape","|-supereffective|p2a: Infernape","|-enditem|p2a: Infernape|Focus Sash","|-damage|p2a: Infernape|1/293","|move|p2a: Infernape|Nasty Plot|p2a: Infernape","|-boost|p2a: Infernape|spa|2","|","|turn|20","|","|move|p2a: Infernape|Vacuum Wave|p1a: Terrakion","|-supereffective|p1a: Terrakion","|-damage|p1a: Terrakion|51/323","|move|p1a: Terrakion|Earthquake|p2a: Infernape","|-supereffective|p2a: Infernape","|-damage|p2a: Infernape|0 fnt","|faint|p2a: Infernape","|","|","|switch|p2a: Terrakion|Terrakion|324/324","|turn|21","|","|move|p1a: Terrakion|Earthquake|p2a: Terrakion","|-supereffective|p2a: Terrakion","|-damage|p2a: Terrakion|50/324","|move|p2a: Terrakion|Close Combat|p1a: Terrakion","|-supereffective|p1a: Terrakion","|-damage|p1a: Terrakion|0 fnt","|-unboost|p2a: Terrakion|def|1","|-unboost|p2a: Terrakion|spd|1","|faint|p1a: Terrakion","|","|","|switch|p1a: Cobalion|Cobalion|386/386","|-damage|p1a: Cobalion|374/386|[from] Stealth Rock","|turn|22","|","|move|p2a: Terrakion|Close Combat|p1a: Cobalion","|-supereffective|p1a: Cobalion","|-damage|p1a: Cobalion|14/386","|-unboost|p2a: Terrakion|def|1","|-unboost|p2a: Terrakion|spd|1","|move|p1a: Cobalion|Iron Head|p2a: Terrakion","|-supereffective|p2a: Terrakion","|-damage|p2a: Terrakion|0 fnt","|faint|p2a: Terrakion","|","|win|Rain ☆ Fae"],"p1rating":{"entryid":"544452","serverid":"eos","formatid":"monotype","userid":"rainfae","username":"Rain ☆ Fae","w":3,"l":"1","t":"0","gxe":57.1,"r":"1540.1606143388","rd":"123.40150317888","sigma":"0","rptime":"1441011600","rpr":1556.3141891592,"rprd":107.03308821146,"rpsigma":"0","acre":1095.7987144157,"lacre":1095.7987144157,"oldacre":"1054.7278007357"},"p2rating":{"entryid":"86215","serverid":"eos","formatid":"monotype","userid":"impjk","username":"Imp❇ Jk","w":"11","l":8,"t":"0","gxe":54.2,"r":"1554.5020911808","rd":"78.275046896375","sigma":"0","rptime":"1441011600","rpr":1532.0222880585,"rprd":73.626201691483,"rpsigma":"0","acre":1126.8878228915,"lacre":1126.8878228915,"oldacre":"1159.1855906932"},"endType":"normal"}