{"seed":[24777,41743,3243,26434],"turns":25,"p1":"InfernalxCrown","p2":"Knight Ryan","p1team":[{"name":"Aegislash","species":"Aegislash","item":"weaknesspolicy","ability":"Stance Change","moves":["shadowball","shadowsneak","kingsshield","sacredsword"],"nature":"Brave","evs":{"hp":252,"atk":76,"def":0,"spa":176,"spd":4,"spe":0},"ivs":{"hp":31,"atk":31,"def":31,"spa":31,"spd":31,"spe":0},"shiny":true},{"name":"Sableye","species":"Sableye","item":"leftovers","ability":"Prankster","moves":["willowisp","recover","taunt","knockoff"],"nature":"Careful","evs":{"hp":252,"atk":0,"def":84,"spa":0,"spd":168,"spe":4},"ivs":{"hp":31,"atk":0,"def":31,"spa":31,"spd":31,"spe":31}},{"name":"Golurk","species":"Golurk","item":"focussash","ability":"No Guard","moves":["stealthrock","curse","dynamicpunch","stoneedge"],"nature":"Adamant","evs":{"hp":4,"atk":252,"def":0,"spa":0,"spd":0,"spe":252},"shiny":true,"ivs":{"hp":31,"atk":31,"def":31,"spa":31,"spd":31,"spe":31}},{"name":"Jellicent","species":"Jellicent","item":"leftovers","ability":"Cursed Body","moves":["acidarmor","toxic","recover","scald"],"nature":"Calm","evs":{"hp":252,"atk":0,"def":4,"spa":0,"spd":252,"spe":0},"gender":"M","ivs":{"hp":31,"atk":0,"def":31,"spa":31,"spd":31,"spe":31}},{"name":"Chandelure","species":"Chandelure","item":"choicescarf","ability":"Infiltrator","moves":["flamethrower","shadowball","energyball","trick"],"nature":"Timid","evs":{"hp":0,"atk":0,"def":4,"spa":252,"spd":0,"spe":252},"ivs":{"hp":31,"atk":0,"def":31,"spa":31,"spd":31,"spe":31},"shiny":true},{"name":"Gengar","species":"Gengar","item":"choicespecs","ability":"Levitate","moves":["dazzlinggleam","shadowball","thunderbolt","sludgewave"],"nature":"Timid","evs":{"hp":4,"atk":0,"def":0,"spa":252,"spd":0,"spe":252},"ivs":{"hp":31,"atk":0,"def":31,"spa":31,"spd":31,"spe":31}}],"p2team":[{"name":"Azumarill","species":"Azumarill","item":"sitrusberry","ability":"Huge Power","moves":["aquajet","playrough","icepunch","bellydrum"],"nature":"Adamant","evs":{"hp":252,"atk":252,"def":0,"spa":0,"spd":4,"spe":0},"gender":"F","shiny":true,"ivs":{"hp":31,"atk":31,"def":31,"spa":31,"spd":31,"spe":31}},{"name":"Kingdra","species":"Kingdra","item":"scopelens","ability":"Sniper","moves":["focusenergy","dragonpulse","scald","icebeam"],"nature":"Modest","evs":{"hp":248,"atk":0,"def":0,"spa":252,"spd":8,"spe":0},"gender":"M","ivs":{"hp":31,"atk":31,"def":31,"spa":31,"spd":31,"spe":31}},{"name":"Cloyster","species":"Cloyster","item":"whiteherb","ability":"Skill Link","moves":["rockblast","iciclespear","surf","shellsmash"],"nature":"Naughty","evs":{"hp":0,"atk":252,"def":0,"spa":4,"spd":0,"spe":252},"gender":"F","shiny":true,"ivs":{"hp":31,"atk":31,"def":31,"spa":31,"spd":31,"spe":31}},{"name":"Swampert","species":"Swampert","item":"swampertite","ability":"Torrent","moves":["earthquake","rockslide","poweruppunch","waterfall"],"nature":"Adamant","evs":{"hp":248,"atk":252,"def":0,"spa":0,"spd":8,"spe":0},"gender":"M","ivs":{"hp":31,"atk":31,"def":31,"spa":31,"spd":31,"spe":31}},{"name":"Keldeo","species":"Keldeo","item":"leftovers","ability":"Justified","moves":["sacredsword","aquajet","swordsdance","aerialace"],"nature":"Jolly","evs":{"hp":0,"atk":252,"def":0,"spa":0,"spd":4,"spe":252},"ivs":{"hp":31,"atk":31,"def":31,"spa":31,"spd":31,"spe":31}},{"name":"Barbaracle","species":"Barbaracle","item":"whiteherb","ability":"Tough Claws","moves":["shellsmash","crosschop","xscissor","earthquake"],"nature":"Adamant","evs":{"hp":0,"atk":252,"def":0,"spa":0,"spd":4,"spe":252},"gender":"M","ivs":{"hp":31,"atk":31,"def":31,"spa":31,"spd":31,"spe":31}}],"log":["|player|p1|InfernalxCrown|infernalxcrown.png","|player|p2|Knight Ryan|170","|gametype|singles","|gen|6","|tier|Monotype","|rated","|rule|Baton Pass Clause: Limit one Baton Passer, can't pass Spe and other stats simultaneously","|rule|Swagger Clause: Swagger is banned","|rule|Same Type Clause: Pokémon in a team must share a type","|clearpoke","|poke|p1|Aegislash, M, shiny","|poke|p1|Sableye, M","|poke|p1|Golurk, shiny","|poke|p1|Jellicent, M","|poke|p1|Chandelure, M, shiny","|poke|p1|Gengar, M","|poke|p2|Azumarill, F, shiny","|poke|p2|Kingdra, M","|poke|p2|Cloyster, F, shiny","|poke|p2|Swampert, M","|poke|p2|Keldeo","|poke|p2|Barbaracle, M","|rule|Sleep Clause Mod: Limit one foe put to sleep","|rule|Species Clause: Limit one of each Pokémon","|rule|OHKO Clause: OHKO moves are banned","|rule|Moody Clause: Moody is banned","|rule|Evasion Moves Clause: Evasion moves are banned","|rule|Endless Battle Clause: Forcing endless battles is banned","|rule|HP Percentage Mod: HP is shown in percentages","|teampreview","|","|start","|switch|p1a: Chandelure|Chandelure, M, shiny|261/261","|switch|p2a: Azumarill|Azumarill, F, shiny|404/404","|turn|1","|","|switch|p1a: Sableye|Sableye, M|304/304","|move|p2a: Azumarill|Belly Drum|p2a: Azumarill","|-damage|p2a: Azumarill|202/404","|-setboost|p2a: Azumarill|atk|6|[from] move: Belly Drum","|-enditem|p2a: Azumarill|Sitrus Berry|[eat]","|-heal|p2a: Azumarill|303/404|[from] item: Sitrus Berry","|","|turn|2","|","|move|p1a: Sableye|Will-O-Wisp|p2a: Azumarill","|-status|p2a: Azumarill|brn","|move|p2a: Azumarill|Play Rough|p1a: Sableye","|-crit|p1a: Sableye","|-supereffective|p1a: Sableye","|-damage|p1a: Sableye|0 fnt","|faint|p1a: Sableye","|","|-damage|p2a: Azumarill|253/404 brn|[from] brn","|","|switch|p1a: Aegislash|Aegislash, M, shiny|324/324","|turn|3","|","|move|p1a: Aegislash|King's Shield|p1a: Aegislash","|-singleturn|p1a: Aegislash|Protect","|move|p2a: Azumarill|Aqua Jet|p1a: Aegislash","|-activate|p1a: Aegislash|Protect","|-unboost|p2a: Azumarill|atk|2","|","|-damage|p2a: Azumarill|203/404 brn|[from] brn","|turn|4","|","|move|p2a: Azumarill|Play Rough|p1a: Aegislash","|-resisted|p1a: Aegislash","|-damage|p1a: Aegislash|229/324","|-formechange|p1a: Aegislash|Aegislash-Blade","|move|p1a: Aegislash|Shadow Ball|p2a: Azumarill","|-damage|p2a: Azumarill|10/404 brn","|","|-damage|p2a: Azumarill|0 fnt|[from] brn","|faint|p2a: Azumarill","|","|switch|p2a: Swampert|Swampert, M|403/403","|turn|5","|","|-formechange|p1a: Aegislash|Aegislash","|move|p1a: Aegislash|King's Shield|p1a: Aegislash","|-singleturn|p1a: Aegislash|Protect","|move|p2a: Swampert|Earthquake|p1a: Aegislash","|-activate|p1a: Aegislash|Protect","|","|turn|6","|","|switch|p1a: Chandelure|Chandelure, M, shiny|261/261","|move|p2a: Swampert|Earthquake|p1a: Chandelure","|-supereffective|p1a: Chandelure","|-damage|p1a: Chandelure|0 fnt","|faint|p1a: Chandelure","|","|","|switch|p1a: Gengar|Gengar, M|262/262","|turn|7","|","|detailschange|p2a: Swampert|Swampert-Mega, M","|-mega|p2a: Swampert|Swampert|Swampertite","|move|p1a: Gengar|Shadow Ball|p2a: Swampert","|-damage|p2a: Swampert|210/403","|move|p2a: Swampert|Waterfall|p1a: Gengar","|-damage|p1a: Gengar|0 fnt","|faint|p1a: Gengar","|","|","|switch|p1a: Golurk|Golurk, shiny|320/320","|turn|8","|","|move|p1a: Golurk|Dynamic Punch|p2a: Swampert","|-damage|p2a: Swampert|103/403","|-start|p2a: Swampert|confusion","|-activate|p2a: Swampert|confusion","|move|p2a: Swampert|Waterfall|p1a: Golurk","|-supereffective|p1a: Golurk","|-enditem|p1a: Golurk|Focus Sash","|-damage|p1a: Golurk|1/320","|","|turn|9","|","|move|p1a: Golurk|Dynamic Punch|p2a: Swampert","|-damage|p2a: Swampert|0 fnt","|faint|p2a: Swampert","|","|","|switch|p2a: Kingdra|Kingdra, M|353/353","|turn|10","|","|move|p1a: Golurk|Dynamic Punch|p2a: Kingdra","|-damage|p2a: Kingdra|213/353","|-start|p2a: Kingdra|confusion","|-activate|p2a: Kingdra|confusion","|-damage|p2a: Kingdra|185/353|[from] confusion","|","|turn|11","|","|move|p1a: Golurk|Stealth Rock|p2a: Kingdra","|-sidestart|p2: Knight Ryan|move: Stealth Rock","|-end|p2a: Kingdra|confusion","|move|p2a: Kingdra|Focus Energy|p2a: Kingdra","|-start|p2a: Kingdra|move: Focus Energy","|","|turn|12","|","|move|p1a: Golurk|Curse|p2a: Kingdra","|-start|p2a: Kingdra|Curse|[of] p1a: Golurk","|-damage|p1a: Golurk|0 fnt","|faint|p1a: Golurk","|move|p2a: Kingdra|Scald|p1: Golurk|[notarget]","|-notarget","|","|-damage|p2a: Kingdra|97/353|[from] Curse","|","|switch|p1a: Aegislash|Aegislash, M, shiny|229/324","|turn|13","|","|move|p1a: Aegislash|King's Shield|p1a: Aegislash","|-singleturn|p1a: Aegislash|Protect","|move|p2a: Kingdra|Scald|p1a: Aegislash","|-activate|p1a: Aegislash|Protect","|","|-damage|p2a: Kingdra|9/353|[from] Curse","|turn|14","|","|-formechange|p1a: Aegislash|Aegislash-Blade","|move|p1a: Aegislash|Shadow Sneak|p2a: Kingdra","|-damage|p2a: Kingdra|0 fnt","|faint|p2a: Kingdra","|","|","|switch|p2a: Barbaracle|Barbaracle, M|285/285","|-damage|p2a: Barbaracle|250/285|[from] Stealth Rock","|turn|15","|","|move|p2a: Barbaracle|Shell Smash|p2a: Barbaracle","|-unboost|p2a: Barbaracle|def|1","|-unboost|p2a: Barbaracle|spd|1","|-boost|p2a: Barbaracle|atk|2","|-boost|p2a: Barbaracle|spa|2","|-boost|p2a: Barbaracle|spe|2","|-enditem|p2a: Barbaracle|White Herb","|-restoreboost|p2a: Barbaracle|[silent]","|move|p1a: Aegislash|Sacred Sword|p2a: Barbaracle","|-supereffective|p2a: Barbaracle","|-damage|p2a: Barbaracle|48/285","|","|turn|16","|","|move|p1a: Aegislash|Shadow Sneak|p2a: Barbaracle","|-damage|p2a: Barbaracle|0 fnt","|faint|p2a: Barbaracle","|","|","|switch|p2a: Cloyster|Cloyster, F, shiny|241/241","|-damage|p2a: Cloyster|181/241|[from] Stealth Rock","|turn|17","|","|move|p2a: Cloyster|Surf|p1a: Aegislash","|-damage|p1a: Aegislash|66/324","|move|p1a: Aegislash|Sacred Sword|p2a: Cloyster","|-supereffective|p2a: Cloyster","|-damage|p2a: Cloyster|31/241","|","|turn|18","|","|move|p1a: Aegislash|Shadow Sneak|p2a: Cloyster","|-damage|p2a: Cloyster|0 fnt","|faint|p2a: Cloyster","|","|","|switch|p2a: Keldeo|Keldeo|323/323","|-damage|p2a: Keldeo|303/323|[from] Stealth Rock","|turn|19","|","|switch|p1a: Jellicent|Jellicent, M|404/404","|move|p2a: Keldeo|Aqua Jet|p1a: Jellicent","|-resisted|p1a: Jellicent","|-damage|p1a: Jellicent|374/404","|","|-heal|p2a: Keldeo|323/323|[from] item: Leftovers","|-heal|p1a: Jellicent|399/404|[from] item: Leftovers","|turn|20","|","|move|p2a: Keldeo|Swords Dance|p2a: Keldeo","|-boost|p2a: Keldeo|atk|2","|move|p1a: Jellicent|Toxic|p2a: Keldeo","|-status|p2a: Keldeo|tox","|","|-heal|p1a: Jellicent|404/404|[from] item: Leftovers","|-damage|p2a: Keldeo|303/323 tox|[from] psn","|turn|21","|","|move|p2a: Keldeo|Swords Dance|p2a: Keldeo","|-boost|p2a: Keldeo|atk|2","|move|p1a: Jellicent|Acid Armor|p1a: Jellicent","|-boost|p1a: Jellicent|def|2","|","|-heal|p2a: Keldeo|323/323 tox|[from] item: Leftovers","|-damage|p2a: Keldeo|283/323 tox|[from] psn","|turn|22","|","|move|p2a: Keldeo|Aerial Ace|p1a: Jellicent","|-damage|p1a: Jellicent|305/404","|-start|p2a: Keldeo|Disable|Aerial Ace","|move|p1a: Jellicent|Acid Armor|p1a: Jellicent","|-boost|p1a: Jellicent|def|2","|","|-heal|p2a: Keldeo|303/323 tox|[from] item: Leftovers","|-heal|p1a: Jellicent|330/404|[from] item: Leftovers","|-damage|p2a: Keldeo|243/323 tox|[from] psn","|turn|23","|","|move|p2a: Keldeo|Swords Dance|p2a: Keldeo","|-boost|p2a: Keldeo|atk|2","|move|p1a: Jellicent|Acid Armor|p1a: Jellicent","|-boost|p1a: Jellicent|def|2","|","|-heal|p2a: Keldeo|263/323 tox|[from] item: Leftovers","|-heal|p1a: Jellicent|355/404|[from] item: Leftovers","|-damage|p2a: Keldeo|183/323 tox|[from] psn","|turn|24","|","|move|p2a: Keldeo|Aqua Jet|p1a: Jellicent","|-crit|p1a: Jellicent","|-resisted|p1a: Jellicent","|-damage|p1a: Jellicent|155/404","|move|p1a: Jellicent|Scald|p2a: Keldeo","|-resisted|p2a: Keldeo","|-damage|p2a: Keldeo|137/323 tox","|","|-heal|p2a: Keldeo|157/323 tox|[from] item: Leftovers","|-heal|p1a: Jellicent|180/404|[from] item: Leftovers","|-damage|p2a: Keldeo|57/323 tox|[from] psn","|turn|25","|","|move|p2a: Keldeo|Aqua Jet|p1a: Jellicent","|-resisted|p1a: Jellicent","|-damage|p1a: Jellicent|145/404","|move|p1a: Jellicent|Recover|p1a: Jellicent","|-heal|p1a: Jellicent|347/404","|","|-heal|p2a: Keldeo|77/323 tox|[from] item: Leftovers","|-heal|p1a: Jellicent|372/404|[from] item: Leftovers","|-damage|p2a: Keldeo|0 fnt|[from] psn","|faint|p2a: Keldeo","|","|win|InfernalxCrown"],"p1rating":{"entryid":"412860","serverid":"eos","formatid":"monotype","userid":"infernalxcrown","username":"InfernalxCrown","w":2,"l":"1","t":"0","gxe":53.3,"r":"1459.8393856612","rd":"123.94231767275","sigma":"0","rptime":"1441011600","rpr":1526.1829363139,"rprd":112.17156206171,"rpsigma":"0","acre":1083.7002582046,"lacre":1083.7002582046,"oldacre":"1044.8899870267"},"p2rating":{"entryid":"680905","serverid":"eos","formatid":"monotype","userid":"knightryan","username":"Knight Ryan","w":"16","l":20,"t":"0","gxe":45.9,"r":"1403.8094993324","rd":"97.799903656578","sigma":"0","rptime":"1441011600","rpr":1468.9500299482,"rprd":56.230925603385,"rpsigma":"0","acre":1074.1680629582,"lacre":1074.1680629582,"oldacre":"1103.3342428296"},"endType":"normal"}