{"seed":[25274,14787,4970,53573],"turns":25,"p1":"Knight Ryan","p2":"imp jk","p1team":[{"name":"Breloom","species":"Breloom","item":"lifeorb","ability":"Technician","moves":["machpunch","bulletseed","swordsdance","spore"],"nature":"Jolly","evs":{"hp":0,"atk":252,"def":0,"spa":0,"spd":4,"spe":252},"gender":"M","ivs":{"hp":31,"atk":31,"def":31,"spa":31,"spd":31,"spe":31}},{"name":"Trevenant","species":"Trevenant","item":"lumberry","ability":"Harvest","moves":["willowisp","calmmind","shadowball","leechseed"],"nature":"Bold","evs":{"hp":248,"atk":0,"def":252,"spa":8,"spd":0,"spe":0},"gender":"F","shiny":true,"ivs":{"hp":31,"atk":31,"def":31,"spa":31,"spd":31,"spe":31}},{"name":"Venusaur","species":"Venusaur","item":"venusaurite","ability":"Chlorophyll","moves":["gigadrain","sludgebomb","earthquake","growth"],"nature":"Mild","evs":{"hp":0,"atk":4,"def":0,"spa":252,"spd":0,"spe":252},"gender":"M","ivs":{"hp":31,"atk":31,"def":31,"spa":31,"spd":31,"spe":31}},{"name":"Rotom-Mow","species":"Rotom-Mow","item":"sitrusberry","ability":"Levitate","moves":["discharge","leafstorm","hiddenpowerice","toxic"],"nature":"Modest","evs":{"hp":248,"atk":0,"def":0,"spa":252,"spd":8,"spe":0},"ivs":{"hp":31,"atk":30,"def":30,"spa":31,"spd":31,"spe":31}},{"name":"Ferrothorn","species":"Ferrothorn","item":"rockyhelmet","ability":"Iron Barbs","moves":["curse","gyroball","stealthrock","spikes"],"nature":"Relaxed","evs":{"hp":248,"atk":8,"def":252,"spa":0,"spd":0,"spe":0},"gender":"F","ivs":{"hp":31,"atk":31,"def":31,"spa":31,"spd":31,"spe":0}},{"name":"Serperior","species":"Serperior","item":"sitrusberry","ability":"Contrary","moves":["dragonpulse","leafstorm","hiddenpowerfire","glare"],"nature":"Timid","evs":{"hp":0,"atk":0,"def":0,"spa":252,"spd":4,"spe":252},"gender":"M","ivs":{"hp":31,"atk":30,"def":31,"spa":30,"spd":31,"spe":30},"shiny":true}],"p2team":[{"name":"Cobalion","species":"Cobalion","item":"leftovers","ability":"Justified","moves":["thunderwave","ironhead","stealthrock","taunt"],"nature":"Impish","evs":{"hp":252,"atk":4,"def":252,"spa":0,"spd":0,"spe":0},"ivs":{"hp":31,"atk":31,"def":31,"spa":31,"spd":31,"spe":31}},{"name":"Scrafty","species":"Scrafty","item":"leftovers","ability":"Shed Skin","moves":["icepunch","crunch","drainpunch","bulkup"],"nature":"Careful","evs":{"hp":252,"atk":4,"def":0,"spa":0,"spd":252,"spe":0},"ivs":{"hp":31,"atk":31,"def":31,"spa":31,"spd":31,"spe":31}},{"name":"Hitmontop","species":"Hitmontop","item":"assaultvest","ability":"Intimidate","moves":["endeavor","seismictoss","suckerpunch","rapidspin"],"nature":"Impish","evs":{"hp":252,"atk":0,"def":64,"spa":0,"spd":192,"spe":0},"ivs":{"hp":31,"atk":31,"def":31,"spa":31,"spd":31,"spe":31}},{"name":"Infernape","species":"Infernape","item":"focussash","ability":"Blaze","moves":["flamethrower","vacuumwave","nastyplot","encore"],"nature":"Timid","evs":{"hp":0,"atk":0,"def":0,"spa":252,"spd":0,"spe":252},"ivs":{"hp":31,"atk":31,"def":31,"spa":31,"spd":31,"spe":31}},{"name":"Heracross","species":"Heracross","item":"heracronite","ability":"Moxie","moves":["bulletseed","pinmissile","rockblast","closecombat"],"nature":"Adamant","evs":{"hp":252,"atk":124,"def":132,"spa":0,"spd":0,"spe":0},"ivs":{"hp":31,"atk":31,"def":31,"spa":31,"spd":31,"spe":31}},{"name":"Terrakion","species":"Terrakion","item":"choicescarf","ability":"Justified","moves":["closecombat","stoneedge","earthquake","ironhead"],"nature":"Adamant","evs":{"hp":4,"atk":252,"def":0,"spa":0,"spd":0,"spe":252},"ivs":{"hp":31,"atk":31,"def":31,"spa":31,"spd":31,"spe":31}}],"log":["|player|p1|Knight Ryan|170","|player|p2|imp jk|93","|gametype|singles","|gen|6","|tier|Monotype","|rated","|rule|Baton Pass Clause: Limit one Baton Passer, can't pass Spe and other stats simultaneously","|rule|Swagger Clause: Swagger is banned","|rule|Same Type Clause: Pokémon in a team must share a type","|clearpoke","|poke|p1|Breloom, M","|poke|p1|Trevenant, F, shiny","|poke|p1|Venusaur, M","|poke|p1|Rotom-Mow","|poke|p1|Ferrothorn, F","|poke|p1|Serperior, M, shiny","|poke|p2|Cobalion","|poke|p2|Scrafty, M","|poke|p2|Hitmontop, M","|poke|p2|Infernape, M","|poke|p2|Heracross, M","|poke|p2|Terrakion","|rule|Sleep Clause Mod: Limit one foe put to sleep","|rule|Species Clause: Limit one of each Pokémon","|rule|OHKO Clause: OHKO moves are banned","|rule|Moody Clause: Moody is banned","|rule|Evasion Moves Clause: Evasion moves are banned","|rule|Endless Battle Clause: Forcing endless battles is banned","|rule|HP Percentage Mod: HP is shown in percentages","|teampreview","|","|start","|switch|p1a: Rotom-Mow|Rotom-Mow|303/303","|switch|p2a: Cobalion|Cobalion|386/386","|turn|1","|","|move|p2a: Cobalion|Stealth Rock|p1a: Rotom-Mow","|-sidestart|p1: Knight Ryan|move: Stealth Rock","|move|p1a: Rotom-Mow|Discharge|p2a: Cobalion","|-damage|p2a: Cobalion|212/386","|","|-heal|p2a: Cobalion|236/386|[from] item: Leftovers","|turn|2","|","|switch|p2a: Scrafty|Scrafty, M|334/334","|move|p1a: Rotom-Mow|Discharge|p2a: Scrafty","|-damage|p2a: Scrafty|240/334","|-status|p2a: Scrafty|par","|","|-heal|p2a: Scrafty|260/334 par|[from] item: Leftovers","|turn|3","|","|move|p1a: Rotom-Mow|Discharge|p2a: Scrafty","|-damage|p2a: Scrafty|163/334 par","|move|p2a: Scrafty|Ice Punch|p1a: Rotom-Mow","|-supereffective|p1a: Rotom-Mow","|-damage|p1a: Rotom-Mow|205/303","|","|-activate|p2a: Scrafty|ability: Shed Skin","|-curestatus|p2a: Scrafty|par","|-heal|p2a: Scrafty|183/334|[from] item: Leftovers","|turn|4","|","|move|p1a: Rotom-Mow|Discharge|p2a: Scrafty","|-damage|p2a: Scrafty|89/334","|-status|p2a: Scrafty|par","|move|p2a: Scrafty|Drain Punch|p1a: Rotom-Mow","|-damage|p1a: Rotom-Mow|135/303","|-heal|p2a: Scrafty|124/334 par|[from] drain|[of] p1a: Rotom-Mow","|-enditem|p1a: Rotom-Mow|Sitrus Berry|[eat]","|-heal|p1a: Rotom-Mow|210/303|[from] item: Sitrus Berry","|","|-heal|p2a: Scrafty|144/334 par|[from] item: Leftovers","|turn|5","|","|move|p1a: Rotom-Mow|Discharge|p2a: Scrafty","|-damage|p2a: Scrafty|48/334 par","|cant|p2a: Scrafty|par","|","|-activate|p2a: Scrafty|ability: Shed Skin","|-curestatus|p2a: Scrafty|par","|-heal|p2a: Scrafty|68/334|[from] item: Leftovers","|turn|6","|","|move|p1a: Rotom-Mow|Discharge|p2a: Scrafty","|-damage|p2a: Scrafty|0 fnt","|faint|p2a: Scrafty","|","|","|switch|p2a: Infernape|Infernape, M|293/293","|turn|7","|","|move|p2a: Infernape|Flamethrower|p1a: Rotom-Mow","|-supereffective|p1a: Rotom-Mow","|-damage|p1a: Rotom-Mow|0 fnt","|faint|p1a: Rotom-Mow","|","|","|switch|p1a: Venusaur|Venusaur, M|301/301","|-damage|p1a: Venusaur|264/301|[from] Stealth Rock","|turn|8","|","|switch|p2a: Cobalion|Cobalion|236/386","|detailschange|p1a: Venusaur|Venusaur-Mega, M","|-mega|p1a: Venusaur|Venusaur|Venusaurite","|move|p1a: Venusaur|Earthquake|p2a: Cobalion","|-supereffective|p2a: Cobalion","|-damage|p2a: Cobalion|146/386","|","|-heal|p2a: Cobalion|170/386|[from] item: Leftovers","|turn|9","|","|move|p1a: Venusaur|Growth|p1a: Venusaur","|-boost|p1a: Venusaur|atk|1","|-boost|p1a: Venusaur|spa|1","|move|p2a: Cobalion|Thunder Wave|p1a: Venusaur","|-status|p1a: Venusaur|par","|","|-heal|p2a: Cobalion|194/386|[from] item: Leftovers","|turn|10","|","|move|p2a: Cobalion|Taunt|p1a: Venusaur","|-start|p1a: Venusaur|move: Taunt","|cant|p1a: Venusaur|move: Taunt|Growth","|","|-heal|p2a: Cobalion|218/386|[from] item: Leftovers","|turn|11","|","|move|p2a: Cobalion|Iron Head|p1a: Venusaur","|-damage|p1a: Venusaur|189/301 par","|cant|p1a: Venusaur|par","|","|-heal|p2a: Cobalion|242/386|[from] item: Leftovers","|turn|12","|","|move|p2a: Cobalion|Iron Head|p1a: Venusaur","|-damage|p1a: Venusaur|104/301 par","|cant|p1a: Venusaur|par","|","|-heal|p2a: Cobalion|266/386|[from] item: Leftovers","|-end|p1a: Venusaur|move: Taunt","|turn|13","|","|move|p2a: Cobalion|Taunt|p1a: Venusaur","|-start|p1a: Venusaur|move: Taunt","|move|p1a: Venusaur|Earthquake|p2a: Cobalion","|-supereffective|p2a: Cobalion","|-damage|p2a: Cobalion|126/386","|","|-heal|p2a: Cobalion|150/386|[from] item: Leftovers","|turn|14","|","|move|p2a: Cobalion|Iron Head|p1a: Venusaur","|-damage|p1a: Venusaur|26/301 par","|cant|p1a: Venusaur|flinch","|","|-heal|p2a: Cobalion|174/386|[from] item: Leftovers","|turn|15","|","|move|p2a: Cobalion|Iron Head|p1a: Venusaur","|-damage|p1a: Venusaur|0 fnt","|faint|p1a: Venusaur","|","|-heal|p2a: Cobalion|198/386|[from] item: Leftovers","|","|switch|p1a: Breloom|Breloom, M|261/261","|-damage|p1a: Breloom|245/261|[from] Stealth Rock","|turn|16","|","|move|p1a: Breloom|Mach Punch|p2a: Cobalion","|-supereffective|p2a: Cobalion","|-damage|p2a: Cobalion|26/386","|-damage|p1a: Breloom|219/261|[from] item: Life Orb","|move|p2a: Cobalion|Taunt|p1a: Breloom","|-start|p1a: Breloom|move: Taunt","|","|-heal|p2a: Cobalion|50/386|[from] item: Leftovers","|turn|17","|","|move|p1a: Breloom|Mach Punch|p2a: Cobalion","|-supereffective|p2a: Cobalion","|-damage|p2a: Cobalion|0 fnt","|-damage|p1a: Breloom|193/261|[from] item: Life Orb","|faint|p2a: Cobalion","|","|","|switch|p2a: Heracross|Heracross, M|364/364","|turn|18","|","|switch|p1a: Ferrothorn|Ferrothorn, F|351/351","|-damage|p1a: Ferrothorn|330/351|[from] Stealth Rock","|detailschange|p2a: Heracross|Heracross-Mega, M","|-mega|p2a: Heracross|Heracross|Heracronite","|move|p2a: Heracross|Pin Missile|p1a: Ferrothorn","|-damage|p1a: Ferrothorn|293/351","|-damage|p1a: Ferrothorn|257/351","|-damage|p1a: Ferrothorn|223/351","|-damage|p1a: Ferrothorn|186/351","|-damage|p1a: Ferrothorn|149/351","|-hitcount|p1a: Ferrothorn|5","|","|turn|19","|","|move|p2a: Heracross|Pin Missile|p1a: Ferrothorn","|-damage|p1a: Ferrothorn|115/351","|-damage|p1a: Ferrothorn|82/351","|-damage|p1a: Ferrothorn|42/351","|-damage|p1a: Ferrothorn|5/351","|-damage|p1a: Ferrothorn|0 fnt","|-hitcount|p1a: Ferrothorn|5","|faint|p1a: Ferrothorn","|","|","|switch|p1a: Trevenant|Trevenant, F, shiny|373/373","|-damage|p1a: Trevenant|327/373|[from] Stealth Rock","|turn|20","|","|switch|p2a: Infernape|Infernape, M|293/293","|move|p1a: Trevenant|Will-O-Wisp|p2a: Infernape","|-immune|p2a: Infernape|[msg]","|","|turn|21","|","|move|p2a: Infernape|Flamethrower|p1a: Trevenant","|-supereffective|p1a: Trevenant","|-damage|p1a: Trevenant|7/373","|move|p1a: Trevenant|Leech Seed|p2a: Infernape","|-start|p2a: Infernape|move: Leech Seed","|","|-damage|p2a: Infernape|257/293|[from] Leech Seed|[of] p1a: Trevenant","|-heal|p1a: Trevenant|43/373|[silent]","|turn|22","|","|move|p2a: Infernape|Flamethrower|p1a: Trevenant","|-supereffective|p1a: Trevenant","|-damage|p1a: Trevenant|0 fnt","|faint|p1a: Trevenant","|","|","|switch|p1a: Breloom|Breloom, M|193/261","|-damage|p1a: Breloom|177/261|[from] Stealth Rock","|turn|23","|","|move|p1a: Breloom|Mach Punch|p2a: Infernape","|-damage|p2a: Infernape|65/293","|-damage|p1a: Breloom|151/261|[from] item: Life Orb","|move|p2a: Infernape|Flamethrower|p1a: Breloom","|-supereffective|p1a: Breloom","|-damage|p1a: Breloom|0 fnt","|faint|p1a: Breloom","|","|","|switch|p1a: Serperior|Serperior, M, shiny|291/291","|-damage|p1a: Serperior|255/291|[from] Stealth Rock","|turn|24","|","|move|p1a: Serperior|Leaf Storm|p2a: Infernape","|-resisted|p2a: Infernape","|-damage|p2a: Infernape|0 fnt","|-boost|p1a: Serperior|spa|2","|faint|p2a: Infernape","|","|","|switch|p2a: Heracross|Heracross-Mega, M|364/364","|turn|25","|","|move|p1a: Serperior|Hidden Power|p2a: Heracross","|-supereffective|p2a: Heracross","|-damage|p2a: Heracross|176/364","|move|p2a: Heracross|Pin Missile|p1a: Serperior","|-supereffective|p1a: Serperior","|-damage|p1a: Serperior|121/291","|-enditem|p1a: Serperior|Sitrus Berry|[eat]","|-heal|p1a: Serperior|193/291|[from] item: Sitrus Berry","|-supereffective|p1a: Serperior","|-damage|p1a: Serperior|71/291","|-supereffective|p1a: Serperior","|-damage|p1a: Serperior|0 fnt","|-hitcount|p1a: Serperior|3","|faint|p1a: Serperior","|","|win|imp jk"],"p1rating":{"entryid":"680905","serverid":"eos","formatid":"monotype","userid":"knightryan","username":"Knight Ryan","w":"4","l":7,"t":"0","gxe":43.5,"r":"1403.8094993324","rd":"97.799903656578","sigma":"0","rptime":"1441011600","rpr":1449.66455234,"rprd":84.900846526522,"rpsigma":"0","acre":1079.061982233,"lacre":1079.061982233,"oldacre":"1102.2953618021"},"p2rating":{"entryid":"86215","serverid":"eos","formatid":"monotype","userid":"impjk","username":"Imp❇ Jk","w":12,"l":"8","t":"0","gxe":55.4,"r":"1554.5020911808","rd":"78.275046896375","sigma":"0","rptime":"1441011600","rpr":1541.5308790151,"rprd":72.382329423878,"rpsigma":"0","acre":1150.1212024606,"lacre":1150.1212024606,"oldacre":"1126.8878228915"},"endType":"normal"}