{"seed":[358,54055,54058,58313],"turns":33,"p1":"jakey2saucey06","p2":"Alliance - Mxy","p1team":[{"name":"Azumarill","species":"Azumarill","item":"sitrusberry","ability":"Huge Power","moves":["bellydrum","aquajet","playrough","knockoff"],"nature":"Adamant","evs":{"hp":252,"atk":252,"def":0,"spa":0,"spd":0,"spe":4},"gender":"M","ivs":{"hp":31,"atk":31,"def":31,"spa":31,"spd":31,"spe":31}},{"name":"Gardevoir","species":"Gardevoir","item":"gardevoirite","ability":"Trace","moves":["hypervoice","psyshock","focusblast","calmmind"],"nature":"Timid","evs":{"hp":4,"atk":0,"def":0,"spa":252,"spd":0,"spe":252},"gender":"F","ivs":{"hp":31,"atk":31,"def":31,"spa":31,"spd":31,"spe":31}},{"name":"Sylveon","species":"Sylveon","item":"choicespecs","ability":"Pixilate","moves":["hypervoice","psyshock","hiddenpowerfire","hyperbeam"],"nature":"Modest","evs":{"hp":240,"atk":0,"def":0,"spa":252,"spd":0,"spe":16},"gender":"F","ivs":{"atk":30,"spa":30,"spe":30,"hp":31,"def":31,"spd":31}},{"name":"Klefki","species":"Klefki","item":"lightclay","ability":"Prankster","moves":["lightscreen","reflect","thunderwave","foulplay"],"nature":"Impish","evs":{"hp":252,"atk":0,"def":64,"spa":0,"spd":192,"spe":0},"gender":"M","ivs":{"hp":31,"atk":31,"def":31,"spa":31,"spd":31,"spe":31}},{"name":"Togekiss","species":"Togekiss","item":"leftovers","ability":"Serene Grace","moves":["nastyplot","airslash","thunderwave","roost"],"nature":"Timid","evs":{"hp":248,"atk":0,"def":76,"spa":0,"spd":8,"spe":176},"gender":"M","ivs":{"hp":31,"atk":31,"def":31,"spa":31,"spd":31,"spe":31}},{"name":"Slurpuff","species":"Slurpuff","item":"sitrusberry","ability":"Unburden","moves":["bellydrum","drainpunch","playrough","frustration"],"nature":"Adamant","evs":{"hp":204,"atk":252,"def":0,"spa":0,"spd":0,"spe":52},"gender":"F","happiness":0,"ivs":{"hp":31,"atk":31,"def":31,"spa":31,"spd":31,"spe":31}}],"p2team":[{"name":"Fight Club","species":"lucario","item":"lifeorb","ability":"Steadfast","moves":["closecombat","icepunch","shadowclaw","bulletpunch"],"nature":"Jolly","evs":{"hp":0,"atk":252,"def":0,"spa":0,"spd":4,"spe":252},"ivs":{"hp":31,"atk":31,"def":31,"spa":31,"spd":31,"spe":31}},{"name":"Scribbl","species":"jirachi","item":"choicescarf","ability":"Serene Grace","moves":["ironhead","psyshock","moonblast","healingwish"],"nature":"Rash","evs":{"hp":0,"atk":4,"def":0,"spa":252,"spd":0,"spe":252},"shiny":true,"ivs":{"hp":31,"atk":31,"def":31,"spa":31,"spd":31,"spe":31}},{"name":"EatMyFruits","species":"ferrothorn","item":"leftovers","ability":"Iron Barbs","moves":["powerwhip","leechseed","stealthrock","protect"],"nature":"Careful","evs":{"hp":252,"atk":0,"def":16,"spa":0,"spd":240,"spe":0},"ivs":{"hp":31,"atk":31,"def":31,"spa":31,"spd":31,"spe":31}},{"name":"Dr. Strangelove","species":"bisharp","item":"focussash","ability":"Defiant","moves":["knockoff","suckerpunch","ironhead","swordsdance"],"nature":"Adamant","evs":{"hp":4,"atk":252,"def":0,"spa":0,"spd":0,"spe":252},"ivs":{"hp":31,"atk":31,"def":31,"spa":31,"spd":31,"spe":31}},{"name":"Coffee","species":"skarmory","item":"custapberry","ability":"Sturdy","moves":["defog","roost","drillpeck","tailwind"],"nature":"Jolly","evs":{"hp":248,"atk":88,"def":0,"spa":0,"spd":0,"spe":172},"ivs":{"hp":31,"atk":31,"def":31,"spa":31,"spd":31,"spe":31}},{"name":"SexyTran","species":"heatran","item":"airballoon","ability":"Flash Fire","moves":["lavaplume","toxic","earthpower","stoneedge"],"nature":"Timid","evs":{"hp":0,"atk":4,"def":0,"spa":252,"spd":0,"spe":252},"ivs":{"hp":31,"atk":31,"def":31,"spa":31,"spd":31,"spe":31}}],"log":["|player|p1|jakey2saucey06|122","|player|p2|Alliance - Mxy|270","|gametype|singles","|gen|6","|tier|Monotype","|rated","|rule|Baton Pass Clause: Limit one Baton Passer, can't pass Spe and other stats simultaneously","|rule|Swagger Clause: Swagger is banned","|rule|Same Type Clause: Pokémon in a team must share a type","|clearpoke","|poke|p1|Azumarill, M","|poke|p1|Gardevoir, F","|poke|p1|Sylveon, F","|poke|p1|Klefki, M","|poke|p1|Togekiss, M","|poke|p1|Slurpuff, F","|poke|p2|Lucario, M","|poke|p2|Jirachi, shiny","|poke|p2|Ferrothorn, M","|poke|p2|Bisharp, M","|poke|p2|Skarmory, M","|poke|p2|Heatran, F","|rule|Sleep Clause Mod: Limit one foe put to sleep","|rule|Species Clause: Limit one of each Pokémon","|rule|OHKO Clause: OHKO moves are banned","|rule|Moody Clause: Moody is banned","|rule|Evasion Moves Clause: Evasion moves are banned","|rule|Endless Battle Clause: Forcing endless battles is banned","|rule|HP Percentage Mod: HP is shown in percentages","|teampreview","|","|start","|switch|p1a: Slurpuff|Slurpuff, F|356/356","|switch|p2a: SexyTran|Heatran, F|323/323","|-item|p2a: SexyTran|Air Balloon","|turn|1","|","|move|p2a: SexyTran|Lava Plume|p1a: Slurpuff","|-damage|p1a: Slurpuff|169/356","|-enditem|p1a: Slurpuff|Sitrus Berry|[eat]","|-heal|p1a: Slurpuff|258/356|[from] item: Sitrus Berry","|move|p1a: Slurpuff|Belly Drum|p1a: Slurpuff","|-damage|p1a: Slurpuff|80/356","|-setboost|p1a: Slurpuff|atk|6|[from] move: Belly Drum","|","|turn|2","|","|switch|p2a: Coffee|Skarmory, M|333/333","|move|p1a: Slurpuff|Drain Punch|p2a: Coffee","|-damage|p2a: Coffee|126/333","|-heal|p1a: Slurpuff|184/356|[from] drain|[of] p2a: Coffee","|","|turn|3","|","|move|p1a: Slurpuff|Drain Punch|p2a: Coffee","|-damage|p2a: Coffee|0 fnt","|-heal|p1a: Slurpuff|247/356|[from] drain|[of] p2a: Coffee","|faint|p2a: Coffee","|","|","|switch|p2a: Dr. Strangelove|Bisharp, M|272/272","|turn|4","|","|move|p1a: Slurpuff|Drain Punch|p2a: Dr. Strangelove","|-supereffective|p2a: Dr. Strangelove","|-enditem|p2a: Dr. Strangelove|Focus Sash","|-damage|p2a: Dr. Strangelove|1/272","|-heal|p1a: Slurpuff|356/356|[from] drain|[of] p2a: Dr. Strangelove","|move|p2a: Dr. Strangelove|Iron Head|p1a: Slurpuff","|-supereffective|p1a: Slurpuff","|-damage|p1a: Slurpuff|0 fnt","|faint|p1a: Slurpuff","|","|","|switch|p1a: Klefki|Klefki, M|318/318","|turn|5","|","|move|p1a: Klefki|Reflect|p1a: Klefki","|-sidestart|p1: jakey2saucey06|Reflect","|move|p2a: Dr. Strangelove|Knock Off|p1a: Klefki","|-crit|p1a: Klefki","|-resisted|p1a: Klefki","|-damage|p1a: Klefki|183/318","|-enditem|p1a: Klefki|Light Clay|[from] move: Knock Off|[of] p2a: Dr. Strangelove","|","|turn|6","|","|switch|p2a: EatMyFruits|Ferrothorn, M|352/352","|move|p1a: Klefki|Light Screen|p1a: Klefki","|-sidestart|p1: jakey2saucey06|move: Light Screen","|","|turn|7","|","|move|p1a: Klefki|Thunder Wave|p2a: EatMyFruits","|-status|p2a: EatMyFruits|par","|cant|p2a: EatMyFruits|par","|","|turn|8","|","|move|p1a: Klefki|Foul Play|p2a: EatMyFruits","|-damage|p2a: EatMyFruits|295/352 par","|-damage|p1a: Klefki|144/318|[from] ability: Iron Barbs|[of] p2a: EatMyFruits","|move|p2a: EatMyFruits|Leech Seed|p1a: Klefki","|-start|p1a: Klefki|move: Leech Seed","|","|-heal|p2a: EatMyFruits|317/352 par|[from] item: Leftovers","|-damage|p1a: Klefki|105/318|[from] Leech Seed|[of] p2a: EatMyFruits","|-heal|p2a: EatMyFruits|352/352 par|[silent]","|turn|9","|","|switch|p1a: Sylveon|Sylveon, F|391/391","|move|p2a: EatMyFruits|Stealth Rock|p1a: Sylveon","|-sidestart|p1: jakey2saucey06|move: Stealth Rock","|","|turn|10","|","|move|p2a: EatMyFruits|Protect|p2a: EatMyFruits","|-singleturn|p2a: EatMyFruits|Protect","|move|p1a: Sylveon|Hidden Power|p2a: EatMyFruits","|-activate|p2a: EatMyFruits|Protect","|","|-sideend|p1: jakey2saucey06|move: Light Screen","|turn|11","|","|switch|p1a: Azumarill|Azumarill, M|404/404","|-damage|p1a: Azumarill|354/404|[from] Stealth Rock","|switch|p2a: SexyTran|Heatran, F|323/323","|-item|p2a: SexyTran|Air Balloon","|","|turn|12","|","|move|p2a: SexyTran|Earth Power|p1a: Azumarill","|-damage|p1a: Azumarill|221/404","|move|p1a: Azumarill|Belly Drum|p1a: Azumarill","|-damage|p1a: Azumarill|19/404","|-setboost|p1a: Azumarill|atk|6|[from] move: Belly Drum","|-enditem|p1a: Azumarill|Sitrus Berry|[eat]","|-heal|p1a: Azumarill|120/404|[from] item: Sitrus Berry","|","|-sideend|p1: jakey2saucey06|Reflect","|turn|13","|","|move|p1a: Azumarill|Aqua Jet|p2a: SexyTran","|-supereffective|p2a: SexyTran","|-damage|p2a: SexyTran|0 fnt","|-enditem|p2a: SexyTran|Air Balloon","|faint|p2a: SexyTran","|","|","|switch|p2a: Dr. Strangelove|Bisharp, M|1/272","|turn|14","|","|move|p2a: Dr. Strangelove|Sucker Punch|p1a: Azumarill","|-resisted|p1a: Azumarill","|-damage|p1a: Azumarill|35/404","|move|p1a: Azumarill|Aqua Jet|p2a: Dr. Strangelove","|-damage|p2a: Dr. Strangelove|0 fnt","|faint|p2a: Dr. Strangelove","|","|","|switch|p2a: Fight Club|Lucario, M|281/281","|turn|15","|","|move|p2a: Fight Club|Bullet Punch|p1a: Azumarill","|-damage|p1a: Azumarill|0 fnt","|-damage|p2a: Fight Club|253/281|[from] item: Life Orb","|faint|p1a: Azumarill","|","|","|switch|p1a: Klefki|Klefki, M|105/318","|-damage|p1a: Klefki|86/318|[from] Stealth Rock","|turn|16","|","|move|p2a: Fight Club|Bullet Punch|p1a: Klefki","|-damage|p1a: Klefki|11/318","|-damage|p2a: Fight Club|225/281|[from] item: Life Orb","|move|p1a: Klefki|Reflect|p1a: Klefki","|-sidestart|p1: jakey2saucey06|Reflect","|","|turn|17","|","|move|p2a: Fight Club|Bullet Punch|p1a: Klefki","|-damage|p1a: Klefki|0 fnt","|-damage|p2a: Fight Club|197/281|[from] item: Life Orb","|faint|p1a: Klefki","|","|","|switch|p1a: Togekiss|Togekiss, M|373/373","|-damage|p1a: Togekiss|280/373|[from] Stealth Rock","|turn|18","|","|switch|p2a: EatMyFruits|Ferrothorn, M|352/352 par","|move|p1a: Togekiss|Thunder Wave|p2a: EatMyFruits","|-fail|p2a: EatMyFruits|par","|","|-heal|p1a: Togekiss|303/373|[from] item: Leftovers","|turn|19","|","|move|p1a: Togekiss|Air Slash|p2a: EatMyFruits","|-damage|p2a: EatMyFruits|289/352 par","|cant|p2a: EatMyFruits|flinch","|","|-heal|p1a: Togekiss|326/373|[from] item: Leftovers","|-heal|p2a: EatMyFruits|311/352 par|[from] item: Leftovers","|turn|20","|","|move|p1a: Togekiss|Air Slash|p2a: EatMyFruits","|-damage|p2a: EatMyFruits|241/352 par","|cant|p2a: EatMyFruits|flinch","|","|-heal|p1a: Togekiss|349/373|[from] item: Leftovers","|-heal|p2a: EatMyFruits|263/352 par|[from] item: Leftovers","|-sideend|p1: jakey2saucey06|Reflect","|turn|21","|","|move|p1a: Togekiss|Nasty Plot|p1a: Togekiss","|-boost|p1a: Togekiss|spa|2","|move|p2a: EatMyFruits|Leech Seed|p1a: Togekiss","|-start|p1a: Togekiss|move: Leech Seed","|","|-heal|p1a: Togekiss|372/373|[from] item: Leftovers","|-heal|p2a: EatMyFruits|285/352 par|[from] item: Leftovers","|-damage|p1a: Togekiss|326/373|[from] Leech Seed|[of] p2a: EatMyFruits","|-heal|p2a: EatMyFruits|331/352 par|[silent]","|turn|22","|","|move|p2a: EatMyFruits|Protect|p2a: EatMyFruits","|-singleturn|p2a: EatMyFruits|Protect","|move|p1a: Togekiss|Air Slash|p2a: EatMyFruits","|-activate|p2a: EatMyFruits|Protect","|","|-heal|p1a: Togekiss|349/373|[from] item: Leftovers","|-heal|p2a: EatMyFruits|352/352 par|[from] item: Leftovers","|-damage|p1a: Togekiss|303/373|[from] Leech Seed|[of] p2a: EatMyFruits","|turn|23","|","|move|p1a: Togekiss|Air Slash|p2a: EatMyFruits","|-damage|p2a: EatMyFruits|223/352 par","|cant|p2a: EatMyFruits|flinch","|","|-heal|p1a: Togekiss|326/373|[from] item: Leftovers","|-heal|p2a: EatMyFruits|245/352 par|[from] item: Leftovers","|-damage|p1a: Togekiss|280/373|[from] Leech Seed|[of] p2a: EatMyFruits","|-heal|p2a: EatMyFruits|291/352 par|[silent]","|turn|24","|","|move|p1a: Togekiss|Nasty Plot|p1a: Togekiss","|-boost|p1a: Togekiss|spa|2","|cant|p2a: EatMyFruits|par","|","|-heal|p1a: Togekiss|303/373|[from] item: Leftovers","|-heal|p2a: EatMyFruits|313/352 par|[from] item: Leftovers","|-damage|p1a: Togekiss|257/373|[from] Leech Seed|[of] p2a: EatMyFruits","|-heal|p2a: EatMyFruits|352/352 par|[silent]","|turn|25","|","|move|p1a: Togekiss|Roost|p1a: Togekiss","|-heal|p1a: Togekiss|373/373","|move|p2a: EatMyFruits|Power Whip|p1a: Togekiss","|-crit|p1a: Togekiss","|-damage|p1a: Togekiss|181/373","|","|-heal|p1a: Togekiss|204/373|[from] item: Leftovers","|-damage|p1a: Togekiss|158/373|[from] Leech Seed|[of] p2a: EatMyFruits","|turn|26","|","|move|p1a: Togekiss|Air Slash|p2a: EatMyFruits","|-damage|p2a: EatMyFruits|147/352 par","|move|p2a: EatMyFruits|Power Whip|p1a: Togekiss","|-resisted|p1a: Togekiss","|-damage|p1a: Togekiss|89/373","|","|-heal|p1a: Togekiss|112/373|[from] item: Leftovers","|-heal|p2a: EatMyFruits|169/352 par|[from] item: Leftovers","|-damage|p1a: Togekiss|66/373|[from] Leech Seed|[of] p2a: EatMyFruits","|-heal|p2a: EatMyFruits|215/352 par|[silent]","|turn|27","|","|move|p1a: Togekiss|Air Slash|p2a: EatMyFruits","|-damage|p2a: EatMyFruits|14/352 par","|cant|p2a: EatMyFruits|flinch","|","|-heal|p1a: Togekiss|89/373|[from] item: Leftovers","|-heal|p2a: EatMyFruits|36/352 par|[from] item: Leftovers","|-damage|p1a: Togekiss|43/373|[from] Leech Seed|[of] p2a: EatMyFruits","|-heal|p2a: EatMyFruits|82/352 par|[silent]","|turn|28","|","|move|p2a: EatMyFruits|Protect|p2a: EatMyFruits","|-singleturn|p2a: EatMyFruits|Protect","|move|p1a: Togekiss|Air Slash|p2a: EatMyFruits","|-activate|p2a: EatMyFruits|Protect","|","|-heal|p1a: Togekiss|66/373|[from] item: Leftovers","|-heal|p2a: EatMyFruits|104/352 par|[from] item: Leftovers","|-damage|p1a: Togekiss|20/373|[from] Leech Seed|[of] p2a: EatMyFruits","|-heal|p2a: EatMyFruits|150/352 par|[silent]","|turn|29","|","|move|p1a: Togekiss|Air Slash|p2a: EatMyFruits","|-damage|p2a: EatMyFruits|0 fnt","|faint|p2a: EatMyFruits","|","|-heal|p1a: Togekiss|43/373|[from] item: Leftovers","|","|switch|p2a: Scribbl|Jirachi, shiny|341/341","|turn|30","|","|move|p2a: Scribbl|Iron Head|p1a: Togekiss","|-supereffective|p1a: Togekiss","|-damage|p1a: Togekiss|0 fnt","|faint|p1a: Togekiss","|","|","|switch|p1a: Sylveon|Sylveon, F|391/391","|-damage|p1a: Sylveon|343/391|[from] Stealth Rock","|turn|31","|","|move|p2a: Scribbl|Iron Head|p1a: Sylveon","|-supereffective|p1a: Sylveon","|-damage|p1a: Sylveon|89/391","|move|p1a: Sylveon|Hidden Power|p2a: Scribbl","|-crit|p2a: Scribbl","|-supereffective|p2a: Scribbl","|-damage|p2a: Scribbl|0 fnt","|faint|p2a: Scribbl","|","|","|switch|p2a: Fight Club|Lucario, M|197/281","|turn|32","|","|move|p2a: Fight Club|Bullet Punch|p1a: Sylveon","|-supereffective|p1a: Sylveon","|-damage|p1a: Sylveon|0 fnt","|-damage|p2a: Fight Club|169/281|[from] item: Life Orb","|faint|p1a: Sylveon","|","|","|switch|p1a: Gardevoir|Gardevoir, F|278/278","|-damage|p1a: Gardevoir|244/278|[from] Stealth Rock","|-ability|p1a: Gardevoir|Steadfast|[from] ability: Trace|[of] p2a: Fight Club","|turn|33","|","|detailschange|p1a: Gardevoir|Gardevoir-Mega, F","|-mega|p1a: Gardevoir|Gardevoir|Gardevoirite","|move|p2a: Fight Club|Shadow Claw|p1a: Gardevoir","|-supereffective|p1a: Gardevoir","|-damage|p1a: Gardevoir|0 fnt","|-damage|p2a: Fight Club|141/281|[from] item: Life Orb","|faint|p1a: Gardevoir","|","|win|Alliance - Mxy"],"p1rating":{"entryid":"636200","serverid":"eos","formatid":"monotype","userid":"jakey2saucey06","username":"jakey2saucey06","w":"8","l":8,"t":"0","gxe":51.4,"r":"1499.4700794024","rd":"87.692388856764","sigma":"0","rptime":"1441011600","rpr":1511.0109441795,"rprd":75.673800966429,"rpsigma":"0","acre":1121.2738598152,"lacre":1121.2738598152,"oldacre":"1137.8381488131"},"p2rating":{"entryid":"127788","serverid":"eos","formatid":"monotype","userid":"alliancemxy","username":"Alliance - Mxy","w":33,"l":"15","t":"0","gxe":65.7,"r":"1618.6404345861","rd":"52.709895242851","sigma":"0","rptime":"1441011600","rpr":1623.7886345033,"rprd":52.211332621953,"rpsigma":"0","acre":1276.4175433096,"lacre":1276.4175433096,"oldacre":"1259.8532543117"},"endType":"normal"}