{"seed":[19130,60271,4836,42505],"turns":24,"p1":"Rain ☆ S.Herbs","p2":"DJ Gible","p1team":[{"name":"Cofagrigus","species":"Cofagrigus","item":"leftovers","ability":"Mummy","moves":["toxicspikes","infestation","hex","willowisp"],"nature":"Calm","evs":{"hp":252,"atk":0,"def":0,"spa":4,"spd":252,"spe":0},"shiny":true,"ivs":{"hp":31,"atk":31,"def":31,"spa":31,"spd":31,"spe":31}},{"name":"Gengar","species":"Gengar","item":"lifeorb","ability":"Levitate","moves":["shadowball","sludgewave","focusblast","energyball"],"nature":"Timid","evs":{"hp":0,"atk":0,"def":0,"spa":252,"spd":4,"spe":252},"shiny":true,"ivs":{"hp":31,"atk":31,"def":31,"spa":31,"spd":31,"spe":31}},{"name":"Aegislash","species":"Aegislash","item":"leftovers","ability":"Stance Change","moves":["swordsdance","shadowsneak","sacredsword","kingsshield"],"nature":"Adamant","evs":{"hp":252,"atk":252,"def":0,"spa":0,"spd":4,"spe":0},"shiny":true,"ivs":{"hp":31,"atk":31,"def":31,"spa":31,"spd":31,"spe":31}},{"name":"Jellicent","species":"Jellicent","item":"leftovers","ability":"Water Absorb","moves":["recover","scald","willowisp","icebeam"],"nature":"Bold","evs":{"hp":252,"atk":0,"def":252,"spa":0,"spd":0,"spe":4},"ivs":{"hp":31,"atk":31,"def":31,"spa":31,"spd":31,"spe":31}},{"name":"Spiritomb","species":"Spiritomb","item":"leftovers","ability":"Infiltrator","moves":["confuseray","darkpulse","psychic","shadowsneak"],"nature":"Modest","evs":{"hp":252,"atk":4,"def":0,"spa":252,"spd":0,"spe":0},"ivs":{"hp":31,"atk":31,"def":31,"spa":31,"spd":31,"spe":31}},{"name":"Golurk","species":"Golurk","item":"choicescarf","ability":"No Guard","moves":["dynamicpunch","earthquake","icepunch","shadowpunch"],"nature":"Jolly","evs":{"hp":0,"atk":252,"def":0,"spa":0,"spd":4,"spe":252},"shiny":true,"ivs":{"hp":31,"atk":31,"def":31,"spa":31,"spd":31,"spe":31}}],"p2team":[{"name":"Diancie","species":"Diancie","item":"diancite","ability":"Clear Body","moves":["earthpower","moonblast","ancientpower","protect"],"nature":"Timid","evs":{"hp":0,"atk":0,"def":0,"spa":252,"spd":4,"spe":252},"ivs":{"hp":31,"atk":31,"def":31,"spa":31,"spd":31,"spe":31}},{"name":"Cradily","species":"Cradily","item":"leftovers","ability":"Storm Drain","moves":["stealthrock","rockslide","recover","gigadrain"],"nature":"Careful","evs":{"hp":252,"atk":4,"def":0,"spa":0,"spd":252,"spe":0},"ivs":{"hp":31,"atk":31,"def":31,"spa":31,"spd":31,"spe":31}},{"name":"Tyranitar","species":"Tyranitar","item":"choicescarf","ability":"Sand Stream","moves":["stoneedge","pursuit","superpower","crunch"],"nature":"Jolly","evs":{"hp":0,"atk":252,"def":4,"spa":0,"spd":0,"spe":252},"ivs":{"hp":31,"atk":31,"def":31,"spa":31,"spd":31,"spe":31}},{"name":"Omastar","species":"Omastar","item":"focussash","ability":"Weak Armor","moves":["shellsmash","icebeam","scald","ancientpower"],"nature":"Modest","evs":{"hp":0,"atk":0,"def":0,"spa":252,"spd":4,"spe":252},"ivs":{"hp":31,"atk":31,"def":31,"spa":31,"spd":31,"spe":31}},{"name":"Rhyperior","species":"Rhyperior","item":"weaknesspolicy","ability":"Solid Rock","moves":["earthquake","ironhead","poisonjab","stoneedge"],"nature":"Adamant","evs":{"hp":184,"atk":252,"def":64,"spa":0,"spd":8,"spe":0},"ivs":{"hp":31,"atk":31,"def":31,"spa":31,"spd":31,"spe":31}},{"name":"Terrakion","species":"Terrakion","item":"choicescarf","ability":"Justified","moves":["closecombat","stoneedge","zenheadbutt","poisonjab"],"nature":"Jolly","evs":{"hp":0,"atk":252,"def":0,"spa":0,"spd":4,"spe":252},"ivs":{"hp":31,"atk":31,"def":31,"spa":31,"spd":31,"spe":31}}],"log":["|player|p1|Rain ☆ S.Herbs|154","|player|p2|DJ Gible|198","|gametype|singles","|gen|6","|tier|Monotype","|rated","|rule|Baton Pass Clause: Limit one Baton Passer, can't pass Spe and other stats simultaneously","|rule|Swagger Clause: Swagger is banned","|rule|Same Type Clause: Pokémon in a team must share a type","|clearpoke","|poke|p1|Cofagrigus, M, shiny","|poke|p1|Gengar, F, shiny","|poke|p1|Aegislash, F, shiny","|poke|p1|Jellicent, F","|poke|p1|Spiritomb, M","|poke|p1|Golurk, shiny","|poke|p2|Diancie","|poke|p2|Cradily, F","|poke|p2|Tyranitar, M","|poke|p2|Omastar, M","|poke|p2|Rhyperior, F","|poke|p2|Terrakion","|rule|Sleep Clause Mod: Limit one foe put to sleep","|rule|Species Clause: Limit one of each Pokémon","|rule|OHKO Clause: OHKO moves are banned","|rule|Moody Clause: Moody is banned","|rule|Evasion Moves Clause: Evasion moves are banned","|rule|Endless Battle Clause: Forcing endless battles is banned","|rule|HP Percentage Mod: HP is shown in percentages","|teampreview","|","|start","|switch|p1a: Jellicent|Jellicent, F|404/404","|switch|p2a: Omastar|Omastar, M|281/281","|turn|1","|","|move|p2a: Omastar|Shell Smash|p2a: Omastar","|-unboost|p2a: Omastar|def|1","|-unboost|p2a: Omastar|spd|1","|-boost|p2a: Omastar|atk|2","|-boost|p2a: Omastar|spa|2","|-boost|p2a: Omastar|spe|2","|move|p1a: Jellicent|Will-O-Wisp|p2a: Omastar","|-status|p2a: Omastar|brn","|","|-damage|p2a: Omastar|246/281 brn|[from] brn","|turn|2","|","|move|p2a: Omastar|Ancient Power|p1a: Jellicent","|-damage|p1a: Jellicent|199/404","|move|p1a: Jellicent|Recover|p1a: Jellicent","|-heal|p1a: Jellicent|401/404","|","|-heal|p1a: Jellicent|404/404|[from] item: Leftovers","|-damage|p2a: Omastar|211/281 brn|[from] brn","|turn|3","|","|move|p2a: Omastar|Ancient Power|p1a: Jellicent","|-damage|p1a: Jellicent|185/404","|move|p1a: Jellicent|Scald|p2a: Omastar","|-damage|p2a: Omastar|46/281 brn","|","|-heal|p1a: Jellicent|210/404|[from] item: Leftovers","|-damage|p2a: Omastar|11/281 brn|[from] brn","|turn|4","|","|move|p2a: Omastar|Ancient Power|p1a: Jellicent","|-damage|p1a: Jellicent|17/404","|move|p1a: Jellicent|Recover|p1a: Jellicent","|-heal|p1a: Jellicent|219/404","|","|-heal|p1a: Jellicent|244/404|[from] item: Leftovers","|-damage|p2a: Omastar|0 fnt|[from] brn","|faint|p2a: Omastar","|","|switch|p2a: Tyranitar|Tyranitar, M|341/341","|-weather|Sandstorm","|turn|5","|","|move|p2a: Tyranitar|Crunch|p1a: Jellicent","|-supereffective|p1a: Jellicent","|-damage|p1a: Jellicent|0 fnt","|faint|p1a: Jellicent","|","|-weather|Sandstorm|[upkeep]","|","|switch|p1a: Golurk|Golurk, shiny|319/319","|turn|6","|","|move|p2a: Tyranitar|Crunch|p1a: Golurk","|-crit|p1a: Golurk","|-supereffective|p1a: Golurk","|-damage|p1a: Golurk|0 fnt","|faint|p1a: Golurk","|","|-weather|Sandstorm|[upkeep]","|","|switch|p1a: Aegislash|Aegislash, F, shiny|324/324","|turn|7","|","|move|p1a: Aegislash|King's Shield|p1a: Aegislash","|-singleturn|p1a: Aegislash|Protect","|move|p2a: Tyranitar|Crunch|p1a: Aegislash","|-activate|p1a: Aegislash|Protect","|-unboost|p2a: Tyranitar|atk|2","|","|-weather|Sandstorm|[upkeep]","|turn|8","|","|switch|p2a: Cradily|Cradily, F|376/376","|move|p1a: Aegislash|Swords Dance|p1a: Aegislash","|-boost|p1a: Aegislash|atk|2","|","|-weather|Sandstorm|[upkeep]","|turn|9","|","|-formechange|p1a: Aegislash|Aegislash-Blade","|move|p1a: Aegislash|Sacred Sword|p2a: Cradily","|-supereffective|p2a: Cradily","|-damage|p2a: Cradily|0 fnt","|faint|p2a: Cradily","|","|-weather|none","|","|switch|p2a: Rhyperior|Rhyperior, F|417/417","|turn|10","|","|-formechange|p1a: Aegislash|Aegislash","|move|p1a: Aegislash|King's Shield|p1a: Aegislash","|-singleturn|p1a: Aegislash|Protect","|move|p2a: Rhyperior|Earthquake|p1a: Aegislash","|-activate|p1a: Aegislash|Protect","|","|turn|11","|","|move|p1a: Aegislash|Swords Dance|p1a: Aegislash","|-boost|p1a: Aegislash|atk|2","|move|p2a: Rhyperior|Earthquake|p1a: Aegislash","|-supereffective|p1a: Aegislash","|-damage|p1a: Aegislash|22/324","|","|-heal|p1a: Aegislash|42/324|[from] item: Leftovers","|turn|12","|","|move|p1a: Aegislash|King's Shield|p1a: Aegislash","|-singleturn|p1a: Aegislash|Protect","|move|p2a: Rhyperior|Earthquake|p1a: Aegislash","|-activate|p1a: Aegislash|Protect","|","|-heal|p1a: Aegislash|62/324|[from] item: Leftovers","|turn|13","|","|-formechange|p1a: Aegislash|Aegislash-Blade","|move|p1a: Aegislash|Shadow Sneak|p2a: Rhyperior","|-damage|p2a: Rhyperior|203/417","|move|p2a: Rhyperior|Earthquake|p1a: Aegislash","|-supereffective|p1a: Aegislash","|-damage|p1a: Aegislash|0 fnt","|faint|p1a: Aegislash","|","|","|switch|p1a: Gengar|Gengar, F, shiny|261/261","|turn|14","|","|move|p1a: Gengar|Energy Ball|p2a: Rhyperior","|-supereffective|p2a: Rhyperior","|-damage|p2a: Rhyperior|0 fnt","|-damage|p1a: Gengar|235/261|[from] item: Life Orb","|faint|p2a: Rhyperior","|","|","|switch|p2a: Terrakion|Terrakion|323/323","|turn|15","|","|switch|p1a: Cofagrigus|Cofagrigus, M, shiny|320/320","|move|p2a: Terrakion|Zen Headbutt|p1a: Cofagrigus|[miss]","|-miss|p2a: Terrakion|p1a: Cofagrigus","|","|turn|16","|","|switch|p2a: Diancie|Diancie|241/241","|move|p1a: Cofagrigus|Will-O-Wisp|p2a: Diancie","|-status|p2a: Diancie|brn","|","|-damage|p2a: Diancie|211/241 brn|[from] brn","|turn|17","|","|detailschange|p2a: Diancie|Diancie-Mega","|-mega|p2a: Diancie|Diancie|Diancite","|move|p2a: Diancie|Moonblast|p1a: Cofagrigus","|-damage|p1a: Cofagrigus|185/320","|move|p1a: Cofagrigus|Toxic Spikes|p2a: Diancie","|move|p2a: Diancie|Toxic Spikes|p1a: Cofagrigus|[from]Magic Bounce","|-sidestart|p1: Rain ☆ S.Herbs|move: Toxic Spikes","|","|-heal|p1a: Cofagrigus|205/320|[from] item: Leftovers","|-damage|p2a: Diancie|181/241 brn|[from] brn","|turn|18","|","|move|p2a: Diancie|Ancient Power|p1a: Cofagrigus","|-damage|p1a: Cofagrigus|124/320","|move|p1a: Cofagrigus|Hex|p2a: Diancie","|-damage|p2a: Diancie|57/241 brn","|","|-heal|p1a: Cofagrigus|144/320|[from] item: Leftovers","|-damage|p2a: Diancie|27/241 brn|[from] brn","|turn|19","|","|move|p2a: Diancie|Moonblast|p1a: Cofagrigus","|-damage|p1a: Cofagrigus|0 fnt","|faint|p1a: Cofagrigus","|","|-damage|p2a: Diancie|0 fnt|[from] brn","|faint|p2a: Diancie","|","|switch|p2a: Terrakion|Terrakion|323/323","|switch|p1a: Spiritomb|Spiritomb, M|304/304","|-status|p1a: Spiritomb|psn","|turn|20","|","|move|p2a: Terrakion|Stone Edge|p1a: Spiritomb|[miss]","|-miss|p2a: Terrakion|p1a: Spiritomb","|move|p1a: Spiritomb|Confuse Ray|p2a: Terrakion","|-start|p2a: Terrakion|confusion","|","|-damage|p1a: Spiritomb|266/304 psn|[from] psn","|turn|21","|","|-activate|p2a: Terrakion|confusion","|move|p2a: Terrakion|Stone Edge|p1a: Spiritomb","|-damage|p1a: Spiritomb|85/304 psn","|move|p1a: Spiritomb|Psychic|p2a: Terrakion","|-supereffective|p2a: Terrakion","|-damage|p2a: Terrakion|137/323","|","|-heal|p1a: Spiritomb|104/304 psn|[from] item: Leftovers","|-damage|p1a: Spiritomb|66/304 psn|[from] psn","|turn|22","|","|-activate|p2a: Terrakion|confusion","|-damage|p2a: Terrakion|89/323|[from] confusion","|move|p1a: Spiritomb|Psychic|p2a: Terrakion","|-supereffective|p2a: Terrakion","|-damage|p2a: Terrakion|0 fnt","|faint|p2a: Terrakion","|","|-heal|p1a: Spiritomb|85/304 psn|[from] item: Leftovers","|-damage|p1a: Spiritomb|47/304 psn|[from] psn","|","|switch|p2a: Tyranitar|Tyranitar, M|341/341","|-weather|Sandstorm","|turn|23","|","|move|p1a: Spiritomb|Shadow Sneak|p2a: Tyranitar","|-resisted|p2a: Tyranitar","|-damage|p2a: Tyranitar|324/341","|move|p2a: Tyranitar|Crunch|p1a: Spiritomb","|-damage|p1a: Spiritomb|0 fnt","|faint|p1a: Spiritomb","|","|-weather|Sandstorm|[upkeep]","|","|switch|p1a: Gengar|Gengar, F, shiny|235/261","|turn|24","|","|move|p2a: Tyranitar|Crunch|p1a: Gengar","|-supereffective|p1a: Gengar","|-damage|p1a: Gengar|0 fnt","|faint|p1a: Gengar","|","|win|DJ Gible"],"p1rating":{"entryid":"61538","serverid":"eos","formatid":"monotype","userid":"rainsherbs","username":"Rain ☆ S.Herbs","w":"20","l":27,"t":"0","gxe":43.4,"r":"1448.1545459613","rd":"51.404550968663","sigma":"0","rptime":"1441011600","rpr":1449.3613394532,"rprd":50.393949598583,"rpsigma":"0","acre":1041.6186067773,"lacre":1041.6186067773,"oldacre":"1056.600922407"},"p2rating":{"entryid":"166635","serverid":"eos","formatid":"monotype","userid":"djgible","username":"DJ Gible","w":25,"l":"29","t":"0","gxe":48.8,"r":"1476.2724379568","rd":"48.427291672956","sigma":"0","rptime":"1441011600","rpr":1490.5871121534,"rprd":47.574044020339,"rpsigma":"0","acre":1143.5794882167,"lacre":1143.5794882167,"oldacre":"1123.322317425"},"endType":"normal"}