{"seed":[12929,4186,13871,38238],"turns":23,"p1":"Knight Ryan","p2":"Primal GT DuckSoup","p1team":[{"name":"Breloom","species":"Breloom","item":"lifeorb","ability":"Technician","moves":["machpunch","bulletseed","swordsdance","spore"],"nature":"Jolly","evs":{"hp":0,"atk":252,"def":0,"spa":0,"spd":4,"spe":252},"gender":"M","ivs":{"hp":31,"atk":31,"def":31,"spa":31,"spd":31,"spe":31}},{"name":"Trevenant","species":"Trevenant","item":"lumberry","ability":"Harvest","moves":["willowisp","calmmind","shadowball","leechseed"],"nature":"Bold","evs":{"hp":248,"atk":0,"def":252,"spa":8,"spd":0,"spe":0},"gender":"F","shiny":true,"ivs":{"hp":31,"atk":31,"def":31,"spa":31,"spd":31,"spe":31}},{"name":"Venusaur","species":"Venusaur","item":"venusaurite","ability":"Chlorophyll","moves":["gigadrain","sludgebomb","earthquake","growth"],"nature":"Mild","evs":{"hp":0,"atk":4,"def":0,"spa":252,"spd":0,"spe":252},"gender":"M","ivs":{"hp":31,"atk":31,"def":31,"spa":31,"spd":31,"spe":31}},{"name":"Rotom-Mow","species":"Rotom-Mow","item":"sitrusberry","ability":"Levitate","moves":["discharge","leafstorm","hiddenpowerice","toxic"],"nature":"Modest","evs":{"hp":248,"atk":0,"def":0,"spa":252,"spd":8,"spe":0},"ivs":{"hp":31,"atk":30,"def":30,"spa":31,"spd":31,"spe":31}},{"name":"Ferrothorn","species":"Ferrothorn","item":"rockyhelmet","ability":"Iron Barbs","moves":["curse","gyroball","stealthrock","spikes"],"nature":"Relaxed","evs":{"hp":248,"atk":8,"def":252,"spa":0,"spd":0,"spe":0},"gender":"F","ivs":{"hp":31,"atk":31,"def":31,"spa":31,"spd":31,"spe":0}},{"name":"Serperior","species":"Serperior","item":"sitrusberry","ability":"Contrary","moves":["dragonpulse","leafstorm","hiddenpowerfire","glare"],"nature":"Timid","evs":{"hp":0,"atk":0,"def":0,"spa":252,"spd":4,"spe":252},"gender":"M","ivs":{"hp":31,"atk":30,"def":31,"spa":30,"spd":31,"spe":30},"shiny":true}],"p2team":[{"name":"Porygon2","species":"Porygon2","item":"eviolite","ability":"Trace","moves":["foulplay","trickroom","recover","toxic"],"nature":"Relaxed","evs":{"hp":240,"atk":0,"def":216,"spa":0,"spd":52,"spe":0},"ivs":{"hp":31,"atk":31,"def":31,"spa":31,"spd":31,"spe":0}},{"name":"Exploud","species":"Exploud","item":"choicespecs","ability":"Scrappy","moves":["boomburst","overheat","focusblast","surf"],"nature":"Quiet","evs":{"hp":248,"atk":0,"def":0,"spa":252,"spd":8,"spe":0},"ivs":{"hp":31,"atk":31,"def":31,"spa":31,"spd":31,"spe":31}},{"name":"Audino","species":"Audino","item":"audinite","ability":"Regenerator","moves":["drainingkiss","reflect","healbell","trickroom"],"nature":"Calm","evs":{"hp":252,"atk":0,"def":0,"spa":0,"spd":252,"spe":0},"ivs":{"hp":31,"atk":31,"def":31,"spa":31,"spd":31,"spe":0}},{"name":"Meloetta","species":"Meloetta","item":"ironball","ability":"Serene Grace","moves":["dazzlinggleam","thunderbolt","psyshock","trickroom"],"nature":"Quiet","evs":{"hp":248,"atk":0,"def":0,"spa":108,"spd":152,"spe":0},"ivs":{"hp":31,"atk":31,"def":31,"spa":31,"spd":31,"spe":0}},{"name":"Bouffalant","species":"Bouffalant","item":"leftovers","ability":"Reckless","moves":["headcharge","swordsdance","superpower","wildcharge"],"nature":"Adamant","evs":{"hp":252,"atk":252,"def":0,"spa":0,"spd":4,"spe":0},"ivs":{"hp":31,"atk":31,"def":31,"spa":31,"spd":31,"spe":31}},{"name":"Staraptor","species":"Staraptor","item":"choiceband","ability":"Intimidate","moves":["quickattack","bravebird","closecombat","retaliate"],"nature":"Jolly","evs":{"hp":0,"atk":252,"def":0,"spa":0,"spd":4,"spe":252},"ivs":{"hp":31,"atk":31,"def":31,"spa":31,"spd":31,"spe":31}}],"log":["|player|p1|Knight Ryan|180","|player|p2|Primal GT DuckSoup|121","|gametype|singles","|gen|6","|tier|Monotype","|rated","|rule|Baton Pass Clause: Limit one Baton Passer, can't pass Spe and other stats simultaneously","|rule|Swagger Clause: Swagger is banned","|rule|Same Type Clause: Pokémon in a team must share a type","|clearpoke","|poke|p1|Breloom, M","|poke|p1|Trevenant, F, shiny","|poke|p1|Venusaur, M","|poke|p1|Rotom-Mow","|poke|p1|Ferrothorn, F","|poke|p1|Serperior, M, shiny","|poke|p2|Porygon2","|poke|p2|Exploud, F","|poke|p2|Audino, F","|poke|p2|Meloetta","|poke|p2|Bouffalant, F","|poke|p2|Staraptor, F","|rule|Sleep Clause Mod: Limit one foe put to sleep","|rule|Species Clause: Limit one of each Pokémon","|rule|OHKO Clause: OHKO moves are banned","|rule|Moody Clause: Moody is banned","|rule|Evasion Moves Clause: Evasion moves are banned","|rule|Endless Battle Clause: Forcing endless battles is banned","|rule|HP Percentage Mod: HP is shown in percentages","|teampreview","|","|start","|switch|p1a: Rotom-Mow|Rotom-Mow|303/303","|switch|p2a: Exploud|Exploud, F|411/411","|turn|1","|","|move|p1a: Rotom-Mow|Discharge|p2a: Exploud","|-damage|p2a: Exploud|228/411","|move|p2a: Exploud|Boomburst|p1a: Rotom-Mow","|-damage|p1a: Rotom-Mow|9/303","|-enditem|p1a: Rotom-Mow|Sitrus Berry|[eat]","|-heal|p1a: Rotom-Mow|84/303|[from] item: Sitrus Berry","|","|turn|2","|","|switch|p2a: Audino|Audino, F|410/410","|move|p1a: Rotom-Mow|Discharge|p2a: Audino","|-damage|p2a: Audino|293/410","|","|turn|3","|","|move|p1a: Rotom-Mow|Toxic|p2a: Audino","|-status|p2a: Audino|tox","|move|p2a: Audino|Trick Room|p2a: Audino","|-fieldstart|move: Trick Room|[of] p2a: Audino","|","|-damage|p2a: Audino|268/410 tox|[from] psn","|turn|4","|","|switch|p1a: Ferrothorn|Ferrothorn, F|351/351","|move|p2a: Audino|Draining Kiss|p1a: Ferrothorn","|-resisted|p1a: Ferrothorn","|-damage|p1a: Ferrothorn|340/351","|-heal|p2a: Audino|277/410 tox|[from] drain|[of] p1a: Ferrothorn","|-damage|p2a: Audino|226/410 tox|[from] ability: Iron Barbs|[of] p1a: Ferrothorn","|-damage|p2a: Audino|158/410 tox|[from] item: Rocky Helmet|[of] p1a: Ferrothorn","|","|-damage|p2a: Audino|108/410 tox|[from] psn","|turn|5","|","|switch|p2a: Exploud|Exploud, F|228/411","|move|p1a: Ferrothorn|Curse|p1a: Ferrothorn","|-unboost|p1a: Ferrothorn|spe|1","|-boost|p1a: Ferrothorn|atk|1","|-boost|p1a: Ferrothorn|def|1","|","|turn|6","|","|move|p1a: Ferrothorn|Gyro Ball|p2a: Exploud","|-damage|p2a: Exploud|0 fnt","|faint|p2a: Exploud","|","|","|switch|p2a: Meloetta|Meloetta|403/403","|turn|7","|","|move|p1a: Ferrothorn|Gyro Ball|p2a: Meloetta","|-damage|p2a: Meloetta|232/403","|move|p2a: Meloetta|Thunderbolt|p1a: Ferrothorn","|-resisted|p1a: Ferrothorn","|-damage|p1a: Ferrothorn|293/351","|","|-fieldend|move: Trick Room","|turn|8","|","|move|p2a: Meloetta|Thunderbolt|p1a: Ferrothorn","|-resisted|p1a: Ferrothorn","|-damage|p1a: Ferrothorn|245/351","|move|p1a: Ferrothorn|Stealth Rock|p2a: Meloetta","|-sidestart|p2: Primal GT DuckSoup|move: Stealth Rock","|","|turn|9","|","|switch|p2a: Bouffalant|Bouffalant, F|394/394","|-damage|p2a: Bouffalant|345/394|[from] Stealth Rock","|move|p1a: Ferrothorn|Spikes|p2a: Bouffalant","|-sidestart|p2: Primal GT DuckSoup|Spikes","|","|-heal|p2a: Bouffalant|369/394|[from] item: Leftovers","|turn|10","|","|move|p2a: Bouffalant|Swords Dance|p2a: Bouffalant","|-boost|p2a: Bouffalant|atk|2","|move|p1a: Ferrothorn|Curse|p1a: Ferrothorn","|-unboost|p1a: Ferrothorn|spe|1","|-boost|p1a: Ferrothorn|atk|1","|-boost|p1a: Ferrothorn|def|1","|","|-heal|p2a: Bouffalant|393/394|[from] item: Leftovers","|turn|11","|","|move|p2a: Bouffalant|Superpower|p1a: Ferrothorn","|-supereffective|p1a: Ferrothorn","|-damage|p1a: Ferrothorn|89/351","|-damage|p2a: Bouffalant|344/394|[from] ability: Iron Barbs|[of] p1a: Ferrothorn","|-damage|p2a: Bouffalant|279/394|[from] item: Rocky Helmet|[of] p1a: Ferrothorn","|-unboost|p2a: Bouffalant|atk|1","|-unboost|p2a: Bouffalant|def|1","|move|p1a: Ferrothorn|Spikes|p2a: Bouffalant","|-sidestart|p2: Primal GT DuckSoup|Spikes","|","|-heal|p2a: Bouffalant|303/394|[from] item: Leftovers","|turn|12","|","|move|p2a: Bouffalant|Superpower|p1a: Ferrothorn","|-supereffective|p1a: Ferrothorn","|-damage|p1a: Ferrothorn|0 fnt","|-damage|p2a: Bouffalant|254/394|[from] ability: Iron Barbs|[of] p1a: Ferrothorn","|-damage|p2a: Bouffalant|189/394|[from] item: Rocky Helmet|[of] p1a: Ferrothorn","|-unboost|p2a: Bouffalant|atk|1","|-unboost|p2a: Bouffalant|def|1","|faint|p1a: Ferrothorn","|","|-heal|p2a: Bouffalant|213/394|[from] item: Leftovers","|","|switch|p1a: Breloom|Breloom, M|261/261","|turn|13","|","|move|p1a: Breloom|Mach Punch|p2a: Bouffalant","|-supereffective|p2a: Bouffalant","|-damage|p2a: Bouffalant|0 fnt","|-damage|p1a: Breloom|235/261|[from] item: Life Orb","|faint|p2a: Bouffalant","|","|","|switch|p2a: Audino|Audino, F|244/410 tox","|-damage|p2a: Audino|193/410 tox|[from] Stealth Rock","|-damage|p2a: Audino|125/410 tox|[from] Spikes","|turn|14","|","|switch|p1a: Rotom-Mow|Rotom-Mow|84/303","|detailschange|p2a: Audino|Audino-Mega, F","|-mega|p2a: Audino|Audino|Audinite","|move|p2a: Audino|Reflect|p2a: Audino","|-sidestart|p2: Primal GT DuckSoup|Reflect","|","|-damage|p2a: Audino|100/410 tox|[from] psn","|turn|15","|","|move|p1a: Rotom-Mow|Discharge|p2a: Audino","|-damage|p2a: Audino|16/410 tox","|move|p2a: Audino|Heal Bell|p2a: Audino","|-cureteam|p2a: Audino|[from] move: HealBell","|","|turn|16","|","|move|p1a: Rotom-Mow|Discharge|p2a: Audino","|-damage|p2a: Audino|0 fnt","|faint|p2a: Audino","|","|","|switch|p2a: Staraptor|Staraptor, F|311/311","|-damage|p2a: Staraptor|234/311|[from] Stealth Rock","|-ability|p2a: Staraptor|Intimidate","|-unboost|p1a: Rotom-Mow|atk|1","|turn|17","|","|move|p2a: Staraptor|Brave Bird|p1a: Rotom-Mow","|-damage|p1a: Rotom-Mow|0 fnt","|-damage|p2a: Staraptor|206/311|[from] recoil|[of] p1a: Rotom-Mow","|faint|p1a: Rotom-Mow","|","|","|switch|p1a: Serperior|Serperior, M, shiny|291/291","|turn|18","|","|move|p1a: Serperior|Glare|p2a: Staraptor","|-status|p2a: Staraptor|par","|move|p2a: Staraptor|Brave Bird|p1a: Serperior","|-supereffective|p1a: Serperior","|-damage|p1a: Serperior|0 fnt","|-damage|p2a: Staraptor|110/311 par|[from] recoil|[of] p1a: Serperior","|faint|p1a: Serperior","|","|-sideend|p2: Primal GT DuckSoup|Reflect","|","|switch|p1a: Breloom|Breloom, M|235/261","|turn|19","|","|move|p1a: Breloom|Mach Punch|p2a: Staraptor","|-damage|p2a: Staraptor|0 fnt","|-damage|p1a: Breloom|209/261|[from] item: Life Orb","|faint|p2a: Staraptor","|","|","|switch|p2a: Porygon2|Porygon2|371/371","|-damage|p2a: Porygon2|325/371|[from] Stealth Rock","|-damage|p2a: Porygon2|264/371|[from] Spikes","|-ability|p2a: Porygon2|Technician|[from] ability: Trace|[of] p1a: Breloom","|turn|20","|","|move|p1a: Breloom|Spore|p2a: Porygon2","|-status|p2a: Porygon2|slp","|cant|p2a: Porygon2|slp","|","|turn|21","|","|move|p1a: Breloom|Swords Dance|p1a: Breloom","|-boost|p1a: Breloom|atk|2","|-curestatus|p2a: Porygon2|slp","|move|p2a: Porygon2|Recover|p2a: Porygon2","|-heal|p2a: Porygon2|371/371","|","|turn|22","|","|move|p1a: Breloom|Bullet Seed|p2a: Porygon2","|-damage|p2a: Porygon2|284/371","|-damage|p2a: Porygon2|183/371","|-damage|p2a: Porygon2|86/371","|-damage|p2a: Porygon2|0 fnt","|-hitcount|p2a: Porygon2|4","|-damage|p1a: Breloom|183/261|[from] item: Life Orb","|faint|p2a: Porygon2","|","|","|switch|p2a: Meloetta|Meloetta|232/403","|-damage|p2a: Meloetta|165/403|[from] Spikes","|-damage|p2a: Meloetta|115/403|[from] Stealth Rock","|turn|23","|","|move|p1a: Breloom|Mach Punch|p2a: Meloetta","|-damage|p2a: Meloetta|0 fnt","|-damage|p1a: Breloom|157/261|[from] item: Life Orb","|faint|p2a: Meloetta","|","|win|Knight Ryan"],"p1rating":{"entryid":"680905","serverid":"eos","formatid":"monotype","userid":"knightryan","username":"Knight Ryan","w":21,"l":"22","t":"0","gxe":49.9,"r":"1403.8094993324","rd":"97.799903656578","sigma":"0","rptime":"1441011600","rpr":1499.0762779204,"rprd":52.477921489904,"rpsigma":"0","acre":1162.4807751149,"lacre":1162.4807751149,"oldacre":"1137.9397190272"},"p2rating":{"entryid":"432064","serverid":"eos","formatid":"monotype","userid":"primalgtducksoup","username":"Primal GT DuckSoup","w":"12","l":6,"t":"0","gxe":60,"r":"1618.1014464747","rd":"76.559051879473","sigma":"0","rptime":"1441011600","rpr":1578.2951371664,"rprd":73.696071684496,"rpsigma":"0","acre":1107.0198084259,"lacre":1107.0198084259,"oldacre":"1131.5608645136"},"endType":"normal"}