{"seed":[11940,23028,52853,50793],"turns":22,"p1":"Primal Geo","p2":"Rain ☆ S.Herbs","p1team":[{"name":"Nosepass","species":"Nosepass","item":"berryjuice","ability":"Sturdy","moves":["painsplit","toxic","stealthrock","protect"],"nature":"Naive","evs":{"hp":0,"atk":252,"def":0,"spa":0,"spd":0,"spe":252},"shiny":true,"level":1,"ivs":{"hp":31,"atk":31,"def":31,"spa":31,"spd":31,"spe":31}},{"name":"Archeops","species":"Archeops","item":"focussash","ability":"Defeatist","moves":["endeavor","quickattack","uturn","acrobatics"],"nature":"Lonely","evs":{"hp":4,"atk":252,"def":0,"spa":0,"spd":0,"spe":252},"ivs":{"hp":31,"atk":31,"def":31,"spa":31,"spd":31,"spe":31}},{"name":"Terrakion","species":"Terrakion","item":"choicescarf","ability":"Justified","moves":["closecombat","rockslide","earthquake","poisonjab"],"nature":"Adamant","evs":{"hp":4,"atk":252,"def":0,"spa":0,"spd":0,"spe":252},"ivs":{"hp":31,"atk":31,"def":31,"spa":31,"spd":31,"spe":31}},{"name":"Cradily","species":"Cradily","item":"leftovers","ability":"Storm Drain","moves":["gigadrain","toxic","stockpile","recover"],"nature":"Bold","evs":{"hp":128,"atk":0,"def":252,"spa":0,"spd":128,"spe":0},"ivs":{"hp":31,"atk":31,"def":31,"spa":31,"spd":31,"spe":31}},{"name":"Diancie","species":"Diancie","item":"diancite","ability":"Clear Body","moves":["diamondstorm","moonblast","calmmind","protect"],"nature":"Timid","evs":{"hp":0,"atk":128,"def":0,"spa":128,"spd":0,"spe":252},"ivs":{"hp":31,"atk":31,"def":31,"spa":31,"spd":31,"spe":31}},{"name":"Tyranitar","species":"Tyranitar","item":"leftovers","ability":"Sand Stream","moves":["taunt","stealthrock","pursuit","earthquake"],"nature":"Impish","evs":{"hp":128,"atk":128,"def":252,"spa":0,"spd":0,"spe":0},"ivs":{"hp":31,"atk":31,"def":31,"spa":31,"spd":31,"spe":31}}],"p2team":[{"name":"Cofagrigus","species":"Cofagrigus","item":"leftovers","ability":"Mummy","moves":["toxicspikes","infestation","hex","willowisp"],"nature":"Calm","evs":{"hp":252,"atk":0,"def":0,"spa":4,"spd":252,"spe":0},"shiny":true,"ivs":{"hp":31,"atk":31,"def":31,"spa":31,"spd":31,"spe":31}},{"name":"Gengar","species":"Gengar","item":"lifeorb","ability":"Levitate","moves":["shadowball","sludgewave","focusblast","energyball"],"nature":"Timid","evs":{"hp":0,"atk":0,"def":0,"spa":252,"spd":4,"spe":252},"shiny":true,"ivs":{"hp":31,"atk":31,"def":31,"spa":31,"spd":31,"spe":31}},{"name":"Aegislash","species":"Aegislash","item":"leftovers","ability":"Stance Change","moves":["swordsdance","shadowsneak","sacredsword","kingsshield"],"nature":"Adamant","evs":{"hp":252,"atk":252,"def":0,"spa":0,"spd":4,"spe":0},"shiny":true,"ivs":{"hp":31,"atk":31,"def":31,"spa":31,"spd":31,"spe":31}},{"name":"Jellicent","species":"Jellicent","item":"leftovers","ability":"Water Absorb","moves":["recover","scald","willowisp","icebeam"],"nature":"Bold","evs":{"hp":252,"atk":0,"def":252,"spa":0,"spd":0,"spe":4},"ivs":{"hp":31,"atk":31,"def":31,"spa":31,"spd":31,"spe":31}},{"name":"Spiritomb","species":"Spiritomb","item":"leftovers","ability":"Infiltrator","moves":["confuseray","darkpulse","psychic","shadowsneak"],"nature":"Modest","evs":{"hp":252,"atk":4,"def":0,"spa":252,"spd":0,"spe":0},"ivs":{"hp":31,"atk":31,"def":31,"spa":31,"spd":31,"spe":31}},{"name":"Golurk","species":"Golurk","item":"choicescarf","ability":"No Guard","moves":["dynamicpunch","earthquake","icepunch","shadowpunch"],"nature":"Jolly","evs":{"hp":0,"atk":252,"def":0,"spa":0,"spd":4,"spe":252},"shiny":true,"ivs":{"hp":31,"atk":31,"def":31,"spa":31,"spd":31,"spe":31}}],"log":["|player|p1|Primal Geo|primalgeo.png","|player|p2|Rain ☆ S.Herbs|154","|gametype|singles","|gen|6","|tier|Monotype","|rated","|rule|Baton Pass Clause: Limit one Baton Passer, can't pass Spe and other stats simultaneously","|rule|Swagger Clause: Swagger is banned","|rule|Same Type Clause: Pokémon in a team must share a type","|clearpoke","|poke|p1|Nosepass, L1, F, shiny","|poke|p1|Archeops, F","|poke|p1|Terrakion","|poke|p1|Cradily, M","|poke|p1|Diancie","|poke|p1|Tyranitar, F","|poke|p2|Cofagrigus, F, shiny","|poke|p2|Gengar, F, shiny","|poke|p2|Aegislash, F, shiny","|poke|p2|Jellicent, F","|poke|p2|Spiritomb, F","|poke|p2|Golurk, shiny","|rule|Sleep Clause Mod: Limit one foe put to sleep","|rule|Species Clause: Limit one of each Pokémon","|rule|OHKO Clause: OHKO moves are banned","|rule|Moody Clause: Moody is banned","|rule|Evasion Moves Clause: Evasion moves are banned","|rule|Endless Battle Clause: Forcing endless battles is banned","|rule|HP Percentage Mod: HP is shown in percentages","|teampreview","|","|start","|switch|p1a: Nosepass|Nosepass, L1, F, shiny|11/11","|switch|p2a: Jellicent|Jellicent, F|404/404","|turn|1","|","|move|p2a: Jellicent|Will-O-Wisp|p1a: Nosepass","|-status|p1a: Nosepass|brn","|move|p1a: Nosepass|Toxic|p2a: Jellicent","|-status|p2a: Jellicent|tox","|","|-damage|p2a: Jellicent|379/404 tox|[from] psn","|-damage|p1a: Nosepass|10/11 brn|[from] brn","|turn|2","|","|move|p1a: Nosepass|Protect|p1a: Nosepass","|-singleturn|p1a: Nosepass|Protect","|move|p2a: Jellicent|Scald|p1a: Nosepass","|-activate|p1a: Nosepass|Protect","|","|-heal|p2a: Jellicent|404/404 tox|[from] item: Leftovers","|-damage|p2a: Jellicent|354/404 tox|[from] psn","|-damage|p1a: Nosepass|9/11 brn|[from] brn","|turn|3","|","|move|p2a: Jellicent|Ice Beam|p1a: Nosepass","|-damage|p1a: Nosepass|0 fnt","|faint|p1a: Nosepass","|","|-heal|p2a: Jellicent|379/404 tox|[from] item: Leftovers","|-damage|p2a: Jellicent|304/404 tox|[from] psn","|","|switch|p1a: Tyranitar|Tyranitar, F|373/373","|-weather|Sandstorm","|turn|4","|","|move|p1a: Tyranitar|Pursuit|p2a: Jellicent","|-supereffective|p2a: Jellicent","|-damage|p2a: Jellicent|188/404 tox","|move|p2a: Jellicent|Will-O-Wisp|p1a: Tyranitar","|-status|p1a: Tyranitar|brn","|","|-weather|Sandstorm|[upkeep]","|-damage|p2a: Jellicent|163/404 tox|[from] sandstorm","|-heal|p2a: Jellicent|188/404 tox|[from] item: Leftovers","|-damage|p1a: Tyranitar|327/373 brn|[from] brn","|-damage|p2a: Jellicent|88/404 tox|[from] psn","|turn|5","|","|switch|p2a: Cofagrigus|Cofagrigus, F, shiny|320/320","|move|p1a: Tyranitar|Stealth Rock|p2a: Cofagrigus","|-sidestart|p2: Rain ☆ S.Herbs|move: Stealth Rock","|","|-weather|Sandstorm|[upkeep]","|-damage|p2a: Cofagrigus|300/320|[from] sandstorm","|-heal|p1a: Tyranitar|350/373 brn|[from] item: Leftovers","|-heal|p2a: Cofagrigus|320/320|[from] item: Leftovers","|-damage|p1a: Tyranitar|304/373 brn|[from] brn","|turn|6","|","|move|p1a: Tyranitar|Taunt|p2a: Cofagrigus","|-start|p2a: Cofagrigus|move: Taunt","|move|p2a: Cofagrigus|Infestation|p1a: Tyranitar","|-supereffective|p1a: Tyranitar","|-damage|p1a: Tyranitar|284/373 brn","|-activate|p1a: Tyranitar|move: Infestation|[of] p2a: Cofagrigus","|","|-weather|Sandstorm|[upkeep]","|-damage|p2a: Cofagrigus|300/320|[from] sandstorm","|-heal|p1a: Tyranitar|307/373 brn|[from] item: Leftovers","|-heal|p2a: Cofagrigus|320/320|[from] item: Leftovers","|-damage|p1a: Tyranitar|261/373 brn|[from] brn","|-damage|p1a: Tyranitar|215/373 brn|[from] move: Infestation|[partiallytrapped]","|turn|7","|","|move|p1a: Tyranitar|Earthquake|p2a: Cofagrigus","|-damage|p2a: Cofagrigus|282/320","|move|p2a: Cofagrigus|Hex|p1a: Tyranitar","|-crit|p1a: Tyranitar","|-resisted|p1a: Tyranitar","|-damage|p1a: Tyranitar|138/373 brn","|","|-weather|Sandstorm|[upkeep]","|-damage|p2a: Cofagrigus|262/320|[from] sandstorm","|-heal|p1a: Tyranitar|161/373 brn|[from] item: Leftovers","|-heal|p2a: Cofagrigus|282/320|[from] item: Leftovers","|-damage|p1a: Tyranitar|115/373 brn|[from] brn","|-damage|p1a: Tyranitar|69/373 brn|[from] move: Infestation|[partiallytrapped]","|turn|8","|","|move|p1a: Tyranitar|Pursuit|p2a: Cofagrigus","|-supereffective|p2a: Cofagrigus","|-damage|p2a: Cofagrigus|228/320","|-activate|p2a: Cofagrigus|ability: Mummy|sandstream|[of] p1a: Tyranitar","|move|p2a: Cofagrigus|Hex|p1a: Tyranitar","|-resisted|p1a: Tyranitar","|-damage|p1a: Tyranitar|15/373 brn","|","|-weather|none","|-heal|p1a: Tyranitar|38/373 brn|[from] item: Leftovers","|-heal|p2a: Cofagrigus|248/320|[from] item: Leftovers","|-damage|p1a: Tyranitar|0 fnt|[from] brn","|-end|p2a: Cofagrigus|move: Taunt","|faint|p1a: Tyranitar","|","|switch|p1a: Cradily|Cradily, M|345/345","|turn|9","|","|move|p1a: Cradily|Toxic|p2a: Cofagrigus","|-status|p2a: Cofagrigus|tox","|move|p2a: Cofagrigus|Will-O-Wisp|p1a: Cradily","|-status|p1a: Cradily|brn","|","|-heal|p2a: Cofagrigus|268/320 tox|[from] item: Leftovers","|-damage|p1a: Cradily|302/345 brn|[from] brn","|-damage|p2a: Cofagrigus|248/320 tox|[from] psn","|turn|10","|","|move|p1a: Cradily|Stockpile|p1a: Cradily","|-start|p1a: Cradily|stockpile1","|-boost|p1a: Cradily|def|1","|-boost|p1a: Cradily|spd|1","|move|p2a: Cofagrigus|Toxic Spikes|p1a: Cradily","|-sidestart|p1: Primal Geo|move: Toxic Spikes","|","|-heal|p1a: Cradily|323/345 brn|[from] item: Leftovers","|-heal|p2a: Cofagrigus|268/320 tox|[from] item: Leftovers","|-damage|p1a: Cradily|280/345 brn|[from] brn","|-damage|p2a: Cofagrigus|228/320 tox|[from] psn","|turn|11","|","|move|p1a: Cradily|Stockpile|p1a: Cradily","|-start|p1a: Cradily|stockpile2","|-boost|p1a: Cradily|def|1","|-boost|p1a: Cradily|spd|1","|move|p2a: Cofagrigus|Infestation|p1a: Cradily","|-supereffective|p1a: Cradily","|-damage|p1a: Cradily|266/345 brn","|-activate|p1a: Cradily|move: Infestation|[of] p2a: Cofagrigus","|","|-heal|p1a: Cradily|287/345 brn|[from] item: Leftovers","|-heal|p2a: Cofagrigus|248/320 tox|[from] item: Leftovers","|-damage|p1a: Cradily|244/345 brn|[from] brn","|-damage|p2a: Cofagrigus|188/320 tox|[from] psn","|-damage|p1a: Cradily|201/345 brn|[from] move: Infestation|[partiallytrapped]","|turn|12","|","|move|p1a: Cradily|Recover|p1a: Cradily","|-heal|p1a: Cradily|345/345 brn","|move|p2a: Cofagrigus|Hex|p1a: Cradily","|-damage|p1a: Cradily|284/345 brn","|","|-heal|p1a: Cradily|305/345 brn|[from] item: Leftovers","|-heal|p2a: Cofagrigus|208/320 tox|[from] item: Leftovers","|-damage|p1a: Cradily|262/345 brn|[from] brn","|-damage|p2a: Cofagrigus|128/320 tox|[from] psn","|-damage|p1a: Cradily|219/345 brn|[from] move: Infestation|[partiallytrapped]","|turn|13","|","|switch|p2a: Jellicent|Jellicent, F|88/404 tox","|-damage|p2a: Jellicent|38/404 tox|[from] Stealth Rock","|move|p1a: Cradily|Stockpile|p1a: Cradily","|-start|p1a: Cradily|stockpile3","|-boost|p1a: Cradily|def|1","|-boost|p1a: Cradily|spd|1","|","|-heal|p2a: Jellicent|63/404 tox|[from] item: Leftovers","|-heal|p1a: Cradily|240/345 brn|[from] item: Leftovers","|-damage|p2a: Jellicent|38/404 tox|[from] psn","|-damage|p1a: Cradily|197/345 brn|[from] brn","|turn|14","|","|move|p2a: Jellicent|Recover|p2a: Jellicent","|-heal|p2a: Jellicent|240/404 tox","|move|p1a: Cradily|Giga Drain|p2a: Jellicent","|-supereffective|p2a: Jellicent","|-damage|p2a: Jellicent|84/404 tox","|-heal|p1a: Cradily|275/345 brn|[from] drain|[of] p2a: Jellicent","|","|-heal|p2a: Jellicent|109/404 tox|[from] item: Leftovers","|-heal|p1a: Cradily|296/345 brn|[from] item: Leftovers","|-damage|p2a: Jellicent|59/404 tox|[from] psn","|-damage|p1a: Cradily|253/345 brn|[from] brn","|turn|15","|","|move|p2a: Jellicent|Ice Beam|p1a: Cradily","|-supereffective|p1a: Cradily","|-damage|p1a: Cradily|211/345 brn","|move|p1a: Cradily|Giga Drain|p2a: Jellicent","|-supereffective|p2a: Jellicent","|-damage|p2a: Jellicent|0 fnt","|-heal|p1a: Cradily|241/345 brn|[from] drain|[of] p2a: Jellicent","|faint|p2a: Jellicent","|","|-heal|p1a: Cradily|262/345 brn|[from] item: Leftovers","|-damage|p1a: Cradily|219/345 brn|[from] brn","|","|switch|p2a: Aegislash|Aegislash, F, shiny|324/324","|-damage|p2a: Aegislash|304/324|[from] Stealth Rock","|turn|16","|","|move|p2a: Aegislash|King's Shield|p2a: Aegislash","|-singleturn|p2a: Aegislash|Protect","|move|p1a: Cradily|Recover|p1a: Cradily","|-heal|p1a: Cradily|345/345 brn","|","|-heal|p2a: Aegislash|324/324|[from] item: Leftovers","|-damage|p1a: Cradily|302/345 brn|[from] brn","|turn|17","|","|switch|p1a: Archeops|Archeops, F|292/292","|move|p2a: Aegislash|Swords Dance|p2a: Aegislash","|-boost|p2a: Aegislash|atk|2","|","|turn|18","|","|move|p2a: Aegislash|King's Shield|p2a: Aegislash","|-singleturn|p2a: Aegislash|Protect","|move|p1a: Archeops|Acrobatics|p2a: Aegislash","|-activate|p2a: Aegislash|Protect","|-unboost|p1a: Archeops|atk|2","|","|turn|19","|","|-formechange|p2a: Aegislash|Aegislash-Blade","|move|p2a: Aegislash|Shadow Sneak|p1a: Archeops","|-enditem|p1a: Archeops|Focus Sash","|-damage|p1a: Archeops|1/292","|move|p1a: Archeops|U-turn|p2a: Aegislash","|-resisted|p2a: Aegislash","|-damage|p2a: Aegislash|314/324","|","|switch|p1a: Terrakion|Terrakion|324/324","|-status|p1a: Terrakion|psn","|","|-heal|p2a: Aegislash|324/324|[from] item: Leftovers","|-damage|p1a: Terrakion|284/324 psn|[from] psn","|turn|20","|","|-formechange|p2a: Aegislash|Aegislash","|move|p2a: Aegislash|King's Shield|p2a: Aegislash","|-singleturn|p2a: Aegislash|Protect","|move|p1a: Terrakion|Earthquake|p2a: Aegislash","|-activate|p2a: Aegislash|Protect","|","|-damage|p1a: Terrakion|244/324 psn|[from] psn","|turn|21","|","|switch|p1a: Diancie|Diancie|241/241","|-status|p1a: Diancie|psn","|-formechange|p2a: Aegislash|Aegislash-Blade","|move|p2a: Aegislash|Sacred Sword|p1a: Diancie","|-damage|p1a: Diancie|44/241 psn","|","|-damage|p1a: Diancie|14/241 psn|[from] psn","|turn|22","|","|win|Rain ☆ S.Herbs"],"p1rating":{"entryid":"523888","serverid":"eos","formatid":"monotype","userid":"primalgeo","username":"Primal Geo","w":"5","l":7,"t":"0","gxe":45.9,"r":"1498.0399351262","rd":"107.20585211877","sigma":"0","rptime":"1441011600","rpr":1468.3235680358,"rprd":83.413229894567,"rpsigma":"0","acre":1072.204281364,"lacre":1072.204281364,"oldacre":"1104.0036307561"},"p2rating":{"entryid":"61538","serverid":"eos","formatid":"monotype","userid":"rainsherbs","username":"Rain ☆ S.Herbs","w":20,"l":"26","t":"0","gxe":44.3,"r":"1448.1545459613","rd":"51.404550968663","sigma":"0","rptime":"1441011600","rpr":1456.1730035135,"rprd":50.916533546956,"rpsigma":"0","acre":1056.600922407,"lacre":1056.600922407,"oldacre":"1007.0711020472"},"endType":"forfeit"}