{"seed":[28720,61100,17011,21791],"turns":21,"p1":"Imp Whatever","p2":"Champion Darkrai","p1team":[{"name":"Swampert","species":"Swampert","item":"quickclaw","ability":"Torrent","moves":["earthquake","waterfall","icepunch","ancientpower"],"nature":"Brave","evs":{"hp":148,"atk":116,"def":132,"spa":0,"spd":112,"spe":0},"gender":"M","ivs":{"hp":31,"atk":31,"def":31,"spa":31,"spd":31,"spe":31}},{"name":"Ludicolo","species":"Ludicolo","item":"leftovers","ability":"Swift Swim","moves":["surf","gigadrain","focusblast","icebeam"],"nature":"Modest","evs":{"hp":76,"atk":0,"def":96,"spa":136,"spd":100,"spe":100},"gender":"M","ivs":{"hp":31,"atk":31,"def":31,"spa":31,"spd":31,"spe":31}},{"name":"Sharpedo","species":"Sharpedo","item":"sharpedonite","ability":"Speed Boost","moves":["protect","waterfall","crunch","icefang"],"nature":"Hasty","evs":{"hp":52,"atk":172,"def":84,"spa":0,"spd":84,"spe":116},"gender":"M","ivs":{"hp":31,"atk":31,"def":31,"spa":31,"spd":31,"spe":31}},{"name":"Tentacruel","species":"Tentacruel","item":"airballoon","ability":"Rain Dish","moves":["icebeam","confuseray","sludgewave","attract"],"nature":"Modest","evs":{"hp":120,"atk":0,"def":72,"spa":100,"spd":148,"spe":68},"gender":"F","ivs":{"hp":31,"atk":31,"def":31,"spa":31,"spd":31,"spe":31}},{"name":"Politoed","species":"Politoed","item":"leftovers","ability":"Drizzle","moves":["toxic","attract","protect","scald"],"nature":"Calm","evs":{"hp":108,"atk":0,"def":124,"spa":124,"spd":152,"spe":0},"ivs":{"hp":31,"atk":31,"def":31,"spa":31,"spd":31,"spe":31}},{"name":"Mantine","species":"Mantine","item":"leftovers","ability":"Swift Swim","moves":["mudsport","icebeam","airslash","scald"],"nature":"","evs":{"hp":116,"atk":0,"def":72,"spa":128,"spd":92,"spe":100},"ivs":{"hp":31,"atk":31,"def":31,"spa":31,"spd":31,"spe":31}}],"p2team":[{"name":"Thieve's Guild","species":"mienshao","item":"lifeorb","ability":"Regenerator","moves":["highjumpkick","bulkup","drainpunch","fakeout"],"nature":"Jolly","evs":{"hp":0,"atk":252,"def":0,"spa":0,"spd":4,"spe":252},"ivs":{"hp":31,"atk":31,"def":31,"spa":31,"spd":31,"spe":31}},{"name":"Companions","species":"keldeo","item":"chestoberry","ability":"Justified","moves":["hiddenpowerice","hydropump","sacredsword","rest"],"nature":"Modest","evs":{"hp":0,"atk":0,"def":0,"spa":252,"spd":0,"spe":252},"ivs":{"hp":31,"atk":30,"def":30,"spa":31,"spd":31,"spe":31}},{"name":"Legion","species":"conkeldurr","item":"flameorb","ability":"Guts","moves":["drainpunch","earthquake","firepunch","icepunch"],"nature":"Adamant","evs":{"hp":248,"atk":252,"def":0,"spa":0,"spd":8,"spe":0},"ivs":{"hp":31,"atk":31,"def":31,"spa":31,"spd":31,"spe":31}},{"name":"StormCloaks","species":"gallade","item":"galladite","ability":"Justified","moves":["psychocut","closecombat","thunderpunch","poisonjab"],"nature":"Jolly","evs":{"hp":0,"atk":252,"def":0,"spa":0,"spd":4,"spe":252},"ivs":{"hp":31,"atk":31,"def":31,"spa":31,"spd":31,"spe":31}},{"name":"Dark Brotherhood","species":"lucario","item":"leftovers","ability":"Inner Focus","moves":["aurasphere","bulletpunch","flashcannon","dragonpulse"],"nature":"Hasty","evs":{"hp":0,"atk":4,"def":0,"spa":252,"spd":0,"spe":252},"ivs":{"hp":31,"atk":31,"def":31,"spa":31,"spd":31,"spe":31}},{"name":"Winterhold","species":"emboar","item":"rockyhelmet","ability":"Reckless","moves":["flareblitz","headsmash","overheat","wildcharge"],"nature":"Lonely","evs":{"hp":248,"atk":252,"def":0,"spa":8,"spd":0,"spe":0},"ivs":{"hp":31,"atk":31,"def":31,"spa":31,"spd":31,"spe":31}}],"log":["|player|p1|Imp Whatever|291","|player|p2|Champion Darkrai|championdarkrai.png","|gametype|singles","|gen|6","|tier|Monotype","|rated","|rule|Baton Pass Clause: Limit one Baton Passer, can't pass Spe and other stats simultaneously","|rule|Swagger Clause: Swagger is banned","|rule|Same Type Clause: Pokémon in a team must share a type","|clearpoke","|poke|p1|Swampert, M","|poke|p1|Ludicolo, M","|poke|p1|Sharpedo, M","|poke|p1|Tentacruel, F","|poke|p1|Politoed, F","|poke|p1|Mantine, M","|poke|p2|Mienshao, M","|poke|p2|Keldeo","|poke|p2|Conkeldurr, M","|poke|p2|Gallade, M","|poke|p2|Lucario, F","|poke|p2|Emboar, F","|rule|Sleep Clause Mod: Limit one foe put to sleep","|rule|Species Clause: Limit one of each Pokémon","|rule|OHKO Clause: OHKO moves are banned","|rule|Moody Clause: Moody is banned","|rule|Evasion Moves Clause: Evasion moves are banned","|rule|Endless Battle Clause: Forcing endless battles is banned","|rule|HP Percentage Mod: HP is shown in percentages","|teampreview","|","|start","|switch|p1a: Politoed|Politoed, F|348/348","|switch|p2a: Winterhold|Emboar, F|423/423","|-weather|RainDance","|turn|1","|","|move|p1a: Politoed|Scald|p2a: Winterhold","|-supereffective|p2a: Winterhold","|-damage|p2a: Winterhold|21/423","|move|p2a: Winterhold|Wild Charge|p1a: Politoed","|-supereffective|p1a: Politoed","|-damage|p1a: Politoed|74/348","|-damage|p2a: Winterhold|0 fnt|[from] recoil|[of] p1a: Politoed","|faint|p2a: Winterhold","|","|-weather|RainDance|[upkeep]","|-heal|p1a: Politoed|95/348|[from] item: Leftovers","|","|switch|p2a: Thieve's Guild|Mienshao, M|271/271","|turn|2","|","|move|p2a: Thieve's Guild|Fake Out|p1a: Politoed","|-damage|p1a: Politoed|30/348","|-damage|p2a: Thieve's Guild|244/271|[from] item: Life Orb","|cant|p1a: Politoed|flinch","|","|-weather|RainDance|[upkeep]","|-heal|p1a: Politoed|51/348|[from] item: Leftovers","|turn|3","|","|switch|p1a: Mantine|Mantine, M|300/300","|move|p2a: Thieve's Guild|Drain Punch|p1a: Mantine","|-resisted|p1a: Mantine","|-damage|p1a: Mantine|203/300","|-heal|p2a: Thieve's Guild|271/271|[from] drain|[of] p1a: Mantine","|-damage|p2a: Thieve's Guild|244/271|[from] item: Life Orb","|","|-weather|RainDance|[upkeep]","|-heal|p1a: Mantine|221/300|[from] item: Leftovers","|turn|4","|","|switch|p2a: Dark Brotherhood|Lucario, F|281/281","|move|p1a: Mantine|Air Slash|p2a: Dark Brotherhood","|-damage|p2a: Dark Brotherhood|163/281","|","|-weather|RainDance|[upkeep]","|-heal|p1a: Mantine|239/300|[from] item: Leftovers","|-heal|p2a: Dark Brotherhood|180/281|[from] item: Leftovers","|turn|5","|","|move|p1a: Mantine|Scald|p2a: Dark Brotherhood","|-damage|p2a: Dark Brotherhood|0 fnt","|faint|p2a: Dark Brotherhood","|","|-weather|none","|-heal|p1a: Mantine|257/300|[from] item: Leftovers","|","|switch|p2a: StormCloaks|Gallade, M|277/277","|turn|6","|","|switch|p1a: Politoed|Politoed, F|51/348","|-weather|RainDance","|detailschange|p2a: StormCloaks|Gallade-Mega, M","|-mega|p2a: StormCloaks|Gallade|Galladite","|move|p2a: StormCloaks|Thunder Punch|p1a: Politoed","|-supereffective|p1a: Politoed","|-damage|p1a: Politoed|0 fnt","|faint|p1a: Politoed","|","|-weather|RainDance|[upkeep]","|","|switch|p1a: Mantine|Mantine, M|257/300","|turn|7","|","|move|p1a: Mantine|Mud Sport|p1a: Mantine","|-fieldstart|move: Mud Sport|[of] p1a: Mantine","|move|p2a: StormCloaks|Thunder Punch|p1a: Mantine","|-supereffective|p1a: Mantine","|-damage|p1a: Mantine|97/300","|","|-weather|RainDance|[upkeep]","|-heal|p1a: Mantine|115/300|[from] item: Leftovers","|turn|8","|","|move|p1a: Mantine|Air Slash|p2a: StormCloaks","|-supereffective|p2a: StormCloaks","|-damage|p2a: StormCloaks|139/277","|move|p2a: StormCloaks|Psycho Cut|p1a: Mantine","|-damage|p1a: Mantine|0 fnt","|faint|p1a: Mantine","|","|-weather|RainDance|[upkeep]","|","|switch|p1a: Ludicolo|Ludicolo, M|320/320","|turn|9","|","|move|p1a: Ludicolo|Surf|p2a: StormCloaks","|-damage|p2a: StormCloaks|0 fnt","|faint|p2a: StormCloaks","|","|-weather|RainDance|[upkeep]","|","|switch|p2a: Thieve's Guild|Mienshao, M|271/271","|turn|10","|","|move|p2a: Thieve's Guild|Fake Out|p1a: Ludicolo","|-damage|p1a: Ludicolo|252/320","|-damage|p2a: Thieve's Guild|244/271|[from] item: Life Orb","|cant|p1a: Ludicolo|flinch","|","|-weather|none","|-heal|p1a: Ludicolo|272/320|[from] item: Leftovers","|turn|11","|","|move|p2a: Thieve's Guild|High Jump Kick|p1a: Ludicolo","|-damage|p1a: Ludicolo|0 fnt","|-damage|p2a: Thieve's Guild|217/271|[from] item: Life Orb","|faint|p1a: Ludicolo","|","|-fieldend|move: Mud Sport","|","|switch|p1a: Sharpedo|Sharpedo, M|294/294","|turn|12","|","|move|p1a: Sharpedo|Protect|p1a: Sharpedo","|-singleturn|p1a: Sharpedo|Protect","|move|p2a: Thieve's Guild|High Jump Kick|p1a: Sharpedo","|-activate|p1a: Sharpedo|Protect","|-damage|p2a: Thieve's Guild|82/271|[from] highjumpkick","|","|-boost|p1a: Sharpedo|spe|1|[from] ability: Speed Boost","|turn|13","|","|detailschange|p1a: Sharpedo|Sharpedo-Mega, M","|-mega|p1a: Sharpedo|Sharpedo|Sharpedonite","|move|p1a: Sharpedo|Waterfall|p2a: Thieve's Guild","|-damage|p2a: Thieve's Guild|0 fnt","|faint|p2a: Thieve's Guild","|","|","|switch|p2a: Legion|Conkeldurr, M|413/413","|turn|14","|","|move|p1a: Sharpedo|Waterfall|p2a: Legion","|-damage|p2a: Legion|251/413","|cant|p2a: Legion|flinch","|","|-status|p2a: Legion|brn|[from] item: Flame Orb","|turn|15","|","|move|p1a: Sharpedo|Waterfall|p2a: Legion","|-damage|p2a: Legion|94/413 brn","|move|p2a: Legion|Drain Punch|p1a: Sharpedo","|-supereffective|p1a: Sharpedo","|-damage|p1a: Sharpedo|0 fnt","|-heal|p2a: Legion|241/413 brn|[from] drain|[of] p1a: Sharpedo","|faint|p1a: Sharpedo","|","|-damage|p2a: Legion|190/413 brn|[from] brn","|","|switch|p1a: Swampert|Swampert, M|378/378","|turn|16","|","|move|p1a: Swampert|Earthquake|p2a: Legion","|-damage|p2a: Legion|22/413 brn","|move|p2a: Legion|Drain Punch|p1a: Swampert","|-damage|p1a: Swampert|159/378","|-heal|p2a: Legion|132/413 brn|[from] drain|[of] p1a: Swampert","|","|-damage|p2a: Legion|81/413 brn|[from] brn","|turn|17","|-activate|p1a: Swampert|item: Quick Claw","|","|move|p1a: Swampert|Earthquake|p2a: Legion","|-damage|p2a: Legion|0 fnt","|faint|p2a: Legion","|","|","|switch|p2a: Companions|Keldeo|323/323","|turn|18","|","|move|p2a: Companions|Sacred Sword|p1a: Swampert","|-damage|p1a: Swampert|90/378","|move|p1a: Swampert|Earthquake|p2a: Companions","|-damage|p2a: Companions|166/323","|","|turn|19","|","|move|p2a: Companions|Sacred Sword|p1a: Swampert","|-damage|p1a: Swampert|23/378","|move|p1a: Swampert|Earthquake|p2a: Companions","|-damage|p2a: Companions|6/323","|","|turn|20","|","|move|p2a: Companions|Rest|p2a: Companions","|-status|p2a: Companions|slp","|-heal|p2a: Companions|323/323 slp|[silent]","|-status|p2a: Companions|slp|[from] move: Rest","|-enditem|p2a: Companions|Chesto Berry|[eat]","|-curestatus|p2a: Companions|slp","|move|p1a: Swampert|Earthquake|p2a: Companions","|-damage|p2a: Companions|148/323","|","|turn|21","|-activate|p1a: Swampert|item: Quick Claw","|","|move|p1a: Swampert|Earthquake|p2a: Companions","|-damage|p2a: Companions|0 fnt","|faint|p2a: Companions","|","|win|Imp Whatever"],"p1rating":{"entryid":"693707","serverid":"eos","formatid":"monotype","userid":"impwhatever","username":"Imp Whatever","w":3,"l":"4","t":"0","gxe":46.5,"r":"1500","rd":"130","sigma":"0","rptime":"1441011600","rpr":1472.6198790522,"rprd":94.435448012627,"rpsigma":"0","acre":1086.5479872997,"lacre":1086.5479872997,"oldacre":"1061.0752036357"},"p2rating":{"entryid":708867,"formatid":"monotype","userid":"championdarkrai","username":"Champion Darkrai","r":1500,"rd":130,"sigma":0,"rpr":1459.8393856612,"rprd":122.8583080769,"rpsigma":0,"rptime":1441011600,"w":0,"l":1,"t":0,"gxe":45,"acre":1000,"lacre":1000,"oldacre":1000},"endType":"normal"}