{"seed":[45294,3475,6920,31185],"turns":34,"p1":"Apex Salamence","p2":"Crystal Giigan","p1team":[{"name":"Typhoon","species":"gyarados","item":"gyaradosite","ability":"Intimidate","moves":["crunch","dragondance","earthquake","waterfall"],"nature":"Adamant","evs":{"hp":0,"atk":252,"def":0,"spa":0,"spd":4,"spe":252},"gender":"M","shiny":true,"ivs":{"hp":31,"atk":31,"def":31,"spa":31,"spd":31,"spe":31}},{"name":"Porunga","species":"dragonite","item":"weaknesspolicy","ability":"Multiscale","moves":["dragonclaw","dragondance","extremespeed","fly"],"nature":"Adamant","evs":{"hp":0,"atk":252,"def":0,"spa":0,"spd":4,"spe":252},"gender":"M","shiny":true,"ivs":{"hp":31,"atk":31,"def":31,"spa":31,"spd":31,"spe":31}},{"name":"Jupiter","species":"thundurus","item":"lifeorb","ability":"Prankster","moves":["nastyplot","thunderbolt","hiddenpowerice","thunderwave"],"nature":"Timid","evs":{"hp":0,"atk":0,"def":0,"spa":252,"spd":4,"spe":252},"ivs":{"hp":31,"atk":30,"def":30,"spa":31,"spd":31,"spe":31},"shiny":true},{"name":"Cherokee","species":"xatu","item":"leftovers","ability":"Magic Bounce","moves":["haze","heatwave","nightshade","roost"],"nature":"Calm","evs":{"hp":252,"atk":0,"def":0,"spa":4,"spd":252,"spe":0},"gender":"M","shiny":true,"ivs":{"hp":31,"atk":31,"def":31,"spa":31,"spd":31,"spe":31}},{"name":"DEATH","species":"togekiss","item":"leftovers","ability":"Serene Grace","moves":["airslash","thunderwave","nastyplot","wish"],"nature":"Calm","evs":{"hp":252,"atk":0,"def":0,"spa":4,"spd":252,"spe":0},"gender":"F","shiny":true,"ivs":{"hp":31,"atk":31,"def":31,"spa":31,"spd":31,"spe":31}},{"name":"Gliscor","species":"Gliscor","item":"toxicorb","ability":"Poison Heal","moves":["stealthrock","knockoff","protect","toxic"],"nature":"Impish","evs":{"hp":248,"atk":0,"def":188,"spa":0,"spd":0,"spe":72},"ivs":{"hp":31,"atk":31,"def":31,"spa":31,"spd":31,"spe":31}}],"p2team":[{"name":"Hitmonchan","species":"Hitmonchan","item":"lifeorb","ability":"Iron Fist","moves":["drainpunch","firepunch","icepunch","thunderpunch"],"nature":"Jolly","evs":{"hp":0,"atk":252,"def":0,"spa":0,"spd":4,"spe":252},"ivs":{"hp":31,"atk":31,"def":31,"spa":31,"spd":31,"spe":31}},{"name":"Machamp","species":"Machamp","item":"leftovers","ability":"No Guard","moves":["bulkup","dynamicpunch","bulletpunch","icepunch"],"nature":"Adamant","evs":{"hp":252,"atk":8,"def":0,"spa":0,"spd":248,"spe":0},"ivs":{"hp":31,"atk":31,"def":31,"spa":31,"spd":31,"spe":31}},{"name":"Conkeldurr","species":"Conkeldurr","item":"assaultvest","ability":"Guts","moves":["drainpunch","earthquake","poisonjab","knockoff"],"nature":"Adamant","evs":{"hp":248,"atk":8,"def":0,"spa":0,"spd":252,"spe":0},"ivs":{"hp":31,"atk":31,"def":31,"spa":31,"spd":31,"spe":31}},{"name":"Cobalion","species":"Cobalion","item":"leftovers","ability":"Justified","moves":["stealthrock","taunt","thunderwave","ironhead"],"nature":"Jolly","evs":{"hp":252,"atk":4,"def":0,"spa":0,"spd":0,"spe":252},"ivs":{"hp":31,"atk":31,"def":31,"spa":31,"spd":31,"spe":31}},{"name":"Lucario","species":"Lucario","item":"lifeorb","ability":"Steadfast","moves":["aurasphere","darkpulse","nastyplot","flashcannon"],"nature":"Timid","evs":{"hp":4,"atk":0,"def":0,"spa":252,"spd":0,"spe":252},"ivs":{"hp":31,"atk":31,"def":31,"spa":31,"spd":31,"spe":31}},{"name":"Gallade","species":"Gallade","item":"galladite","ability":"Justified","moves":["drainpunch","psychocut","swordsdance","nightslash"],"nature":"Adamant","evs":{"hp":248,"atk":252,"def":0,"spa":0,"spd":8,"spe":0},"ivs":{"hp":31,"atk":31,"def":31,"spa":31,"spd":31,"spe":31}}],"log":["|player|p1|Apex Salamence|1","|player|p2|Crystal Giigan|crystalgiigan.png","|gametype|singles","|gen|6","|tier|Monotype","|rated","|rule|Baton Pass Clause: Limit one Baton Passer, can't pass Spe and other stats simultaneously","|rule|Swagger Clause: Swagger is banned","|rule|Same Type Clause: Pokémon in a team must share a type","|clearpoke","|poke|p1|Gyarados, M, shiny","|poke|p1|Dragonite, M, shiny","|poke|p1|Thundurus, M, shiny","|poke|p1|Xatu, M, shiny","|poke|p1|Togekiss, F, shiny","|poke|p1|Gliscor, M","|poke|p2|Hitmonchan, M","|poke|p2|Machamp, M","|poke|p2|Conkeldurr, M","|poke|p2|Cobalion","|poke|p2|Lucario, M","|poke|p2|Gallade, M","|rule|Sleep Clause Mod: Limit one foe put to sleep","|rule|Species Clause: Limit one of each Pokémon","|rule|OHKO Clause: OHKO moves are banned","|rule|Moody Clause: Moody is banned","|rule|Evasion Moves Clause: Evasion moves are banned","|rule|Endless Battle Clause: Forcing endless battles is banned","|rule|HP Percentage Mod: HP is shown in percentages","|teampreview","|","|start","|switch|p1a: Jupiter|Thundurus, M, shiny|299/299","|switch|p2a: Cobalion|Cobalion|386/386","|turn|1","|","|switch|p1a: Cherokee|Xatu, M, shiny|334/334","|move|p2a: Cobalion|Stealth Rock|p1a: Cherokee","|move|p1a: Cherokee|Stealth Rock|p2a: Cobalion|[from]Magic Bounce","|-sidestart|p2: Crystal Giigan|move: Stealth Rock","|","|turn|2","|","|move|p2a: Cobalion|Iron Head|p1a: Cherokee","|-damage|p1a: Cherokee|217/334","|cant|p1a: Cherokee|flinch","|","|-heal|p1a: Cherokee|237/334|[from] item: Leftovers","|turn|3","|","|move|p2a: Cobalion|Iron Head|p1a: Cherokee","|-damage|p1a: Cherokee|119/334","|move|p1a: Cherokee|Heat Wave|p2a: Cobalion","|-supereffective|p2a: Cobalion","|-damage|p2a: Cobalion|208/386","|","|-heal|p2a: Cobalion|232/386|[from] item: Leftovers","|-heal|p1a: Cherokee|139/334|[from] item: Leftovers","|turn|4","|","|move|p2a: Cobalion|Iron Head|p1a: Cherokee","|-damage|p1a: Cherokee|19/334","|cant|p1a: Cherokee|flinch","|","|-heal|p2a: Cobalion|256/386|[from] item: Leftovers","|-heal|p1a: Cherokee|39/334|[from] item: Leftovers","|turn|5","|","|move|p2a: Cobalion|Iron Head|p1a: Cherokee","|-damage|p1a: Cherokee|0 fnt","|faint|p1a: Cherokee","|","|-heal|p2a: Cobalion|280/386|[from] item: Leftovers","|","|switch|p1a: Gliscor|Gliscor, M|353/353","|turn|6","|","|switch|p1a: Porunga|Dragonite, M, shiny|323/323","|move|p2a: Cobalion|Taunt|p1a: Porunga","|-start|p1a: Porunga|move: Taunt","|","|-heal|p2a: Cobalion|304/386|[from] item: Leftovers","|turn|7","|","|move|p2a: Cobalion|Stealth Rock|p1a: Porunga","|-sidestart|p1: Apex Salamence|move: Stealth Rock","|move|p1a: Porunga|Dragon Claw|p2a: Cobalion","|-resisted|p2a: Cobalion","|-damage|p2a: Cobalion|235/386","|","|-heal|p2a: Cobalion|259/386|[from] item: Leftovers","|turn|8","|","|move|p2a: Cobalion|Thunder Wave|p1a: Porunga","|-status|p1a: Porunga|par","|move|p1a: Porunga|Fly|p2a: Cobalion|[still]","|-prepare|p1a: Porunga|Fly|p2a: Cobalion","|","|-heal|p2a: Cobalion|283/386|[from] item: Leftovers","|-end|p1a: Porunga|move: Taunt","|turn|9","|","|move|p2a: Cobalion|Taunt|p1a: Porunga|[miss]","|-miss|p2a: Cobalion|p1a: Porunga","|move|p1a: Porunga|Fly|p2a: Cobalion|[from]lockedmove","|-damage|p2a: Cobalion|135/386","|","|-heal|p2a: Cobalion|159/386|[from] item: Leftovers","|turn|10","|","|move|p2a: Cobalion|Iron Head|p1a: Porunga","|-damage|p1a: Porunga|280/323 par","|move|p1a: Porunga|Fly|p2a: Cobalion|[still]","|-prepare|p1a: Porunga|Fly|p2a: Cobalion","|","|-heal|p2a: Cobalion|183/386|[from] item: Leftovers","|turn|11","|","|move|p2a: Cobalion|Thunder Wave|p1a: Porunga|[miss]","|-miss|p2a: Cobalion|p1a: Porunga","|move|p1a: Porunga|Fly|p2a: Cobalion|[from]lockedmove","|-damage|p2a: Cobalion|30/386","|","|-heal|p2a: Cobalion|54/386|[from] item: Leftovers","|turn|12","|","|switch|p2a: Lucario|Lucario, M|282/282","|-damage|p2a: Lucario|274/282|[from] Stealth Rock","|move|p1a: Porunga|Extreme Speed|p2a: Lucario","|-resisted|p2a: Lucario","|-damage|p2a: Lucario|204/282","|","|turn|13","|","|move|p2a: Lucario|Nasty Plot|p2a: Lucario","|-boost|p2a: Lucario|spa|2","|move|p1a: Porunga|Fly|p2a: Lucario|[still]","|-prepare|p1a: Porunga|Fly|p2a: Lucario","|","|turn|14","|","|move|p2a: Lucario|Nasty Plot|p2a: Lucario","|-boost|p2a: Lucario|spa|2","|cant|p1a: Porunga|par","|","|turn|15","|","|move|p2a: Lucario|Dark Pulse|p1a: Porunga","|-damage|p1a: Porunga|0 fnt","|-damage|p2a: Lucario|176/282|[from] item: Life Orb","|faint|p1a: Porunga","|","|","|switch|p1a: Jupiter|Thundurus, M, shiny|299/299","|-damage|p1a: Jupiter|225/299|[from] Stealth Rock","|turn|16","|","|move|p1a: Jupiter|Thunder Wave|p2a: Lucario","|-status|p2a: Lucario|par","|cant|p2a: Lucario|par","|","|turn|17","|","|move|p1a: Jupiter|Thunderbolt|p2a: Lucario","|-damage|p2a: Lucario|0 fnt","|-damage|p1a: Jupiter|196/299|[from] item: Life Orb","|faint|p2a: Lucario","|","|","|switch|p2a: Conkeldurr|Conkeldurr, M|413/413","|-damage|p2a: Conkeldurr|388/413|[from] Stealth Rock","|turn|18","|","|move|p1a: Jupiter|Thunderbolt|p2a: Conkeldurr","|-damage|p2a: Conkeldurr|244/413","|-damage|p1a: Jupiter|167/299|[from] item: Life Orb","|move|p2a: Conkeldurr|Knock Off|p1a: Jupiter","|-damage|p1a: Jupiter|7/299","|-enditem|p1a: Jupiter|Life Orb|[from] move: Knock Off|[of] p2a: Conkeldurr","|","|turn|19","|","|move|p1a: Jupiter|Thunderbolt|p2a: Conkeldurr","|-damage|p2a: Conkeldurr|144/413","|move|p2a: Conkeldurr|Drain Punch|p1a: Jupiter","|-resisted|p1a: Jupiter","|-damage|p1a: Jupiter|0 fnt","|-heal|p2a: Conkeldurr|148/413|[from] drain|[of] p1a: Jupiter","|faint|p1a: Jupiter","|","|","|switch|p1a: Gliscor|Gliscor, M|353/353","|-damage|p1a: Gliscor|309/353|[from] Stealth Rock","|turn|20","|","|move|p1a: Gliscor|Knock Off|p2a: Conkeldurr","|-resisted|p2a: Conkeldurr","|-damage|p2a: Conkeldurr|112/413","|-enditem|p2a: Conkeldurr|Assault Vest|[from] move: Knock Off|[of] p1a: Gliscor","|move|p2a: Conkeldurr|Knock Off|p1a: Gliscor","|-damage|p1a: Gliscor|242/353","|-enditem|p1a: Gliscor|Toxic Orb|[from] move: Knock Off|[of] p2a: Conkeldurr","|","|turn|21","|","|move|p1a: Gliscor|Toxic|p2a: Conkeldurr|[miss]","|-miss|p1a: Gliscor|p2a: Conkeldurr","|move|p2a: Conkeldurr|Drain Punch|p1a: Gliscor","|-resisted|p1a: Gliscor","|-damage|p1a: Gliscor|203/353","|-heal|p2a: Conkeldurr|132/413|[from] drain|[of] p1a: Gliscor","|","|turn|22","|","|move|p1a: Gliscor|Toxic|p2a: Conkeldurr","|-status|p2a: Conkeldurr|tox","|move|p2a: Conkeldurr|Drain Punch|p1a: Gliscor","|-resisted|p1a: Gliscor","|-damage|p1a: Gliscor|141/353","|-heal|p2a: Conkeldurr|163/413 tox|[from] drain|[of] p1a: Gliscor","|","|-damage|p2a: Conkeldurr|138/413 tox|[from] psn","|turn|23","|","|move|p1a: Gliscor|Protect|p1a: Gliscor","|-singleturn|p1a: Gliscor|Protect","|move|p2a: Conkeldurr|Drain Punch|p1a: Gliscor","|-activate|p1a: Gliscor|Protect","|","|-damage|p2a: Conkeldurr|88/413 tox|[from] psn","|turn|24","|","|move|p1a: Gliscor|Knock Off|p2a: Conkeldurr","|-resisted|p2a: Conkeldurr","|-damage|p2a: Conkeldurr|63/413 tox","|move|p2a: Conkeldurr|Drain Punch|p1a: Gliscor","|-resisted|p1a: Gliscor","|-damage|p1a: Gliscor|81/353","|-heal|p2a: Conkeldurr|93/413 tox|[from] drain|[of] p1a: Gliscor","|","|-damage|p2a: Conkeldurr|18/413 tox|[from] psn","|turn|25","|","|move|p1a: Gliscor|Protect|p1a: Gliscor","|-singleturn|p1a: Gliscor|Protect","|move|p2a: Conkeldurr|Knock Off|p1a: Gliscor","|-activate|p1a: Gliscor|Protect","|","|-damage|p2a: Conkeldurr|0 fnt|[from] psn","|faint|p2a: Conkeldurr","|","|switch|p2a: Hitmonchan|Hitmonchan, M|241/241","|-damage|p2a: Hitmonchan|226/241|[from] Stealth Rock","|turn|26","|","|move|p2a: Hitmonchan|Ice Punch|p1a: Gliscor","|-supereffective|p1a: Gliscor","|-damage|p1a: Gliscor|0 fnt","|-damage|p2a: Hitmonchan|202/241|[from] item: Life Orb","|faint|p1a: Gliscor","|","|","|switch|p1a: Typhoon|Gyarados, M, shiny|331/331","|-damage|p1a: Typhoon|249/331|[from] Stealth Rock","|-ability|p1a: Typhoon|Intimidate","|-unboost|p2a: Hitmonchan|atk|1","|turn|27","|","|detailschange|p1a: Typhoon|Gyarados-Mega, M, shiny","|-mega|p1a: Typhoon|Gyarados|Gyaradosite","|-ability|p1a: Typhoon|Mold Breaker","|move|p2a: Hitmonchan|Thunder Punch|p1a: Typhoon","|-supereffective|p1a: Typhoon","|-damage|p1a: Typhoon|103/331","|-damage|p2a: Hitmonchan|178/241|[from] item: Life Orb","|move|p1a: Typhoon|Dragon Dance|p1a: Typhoon","|-boost|p1a: Typhoon|atk|1","|-boost|p1a: Typhoon|spe|1","|","|turn|28","|","|move|p1a: Typhoon|Waterfall|p2a: Hitmonchan","|-damage|p2a: Hitmonchan|0 fnt","|faint|p2a: Hitmonchan","|","|","|switch|p2a: Cobalion|Cobalion|54/386","|-damage|p2a: Cobalion|42/386|[from] Stealth Rock","|turn|29","|","|move|p1a: Typhoon|Earthquake|p2a: Cobalion","|-supereffective|p2a: Cobalion","|-damage|p2a: Cobalion|0 fnt","|faint|p2a: Cobalion","|","|","|switch|p2a: Machamp|Machamp, M|384/384","|-damage|p2a: Machamp|360/384|[from] Stealth Rock","|turn|30","|","|move|p1a: Typhoon|Waterfall|p2a: Machamp","|-damage|p2a: Machamp|38/384","|move|p2a: Machamp|Dynamic Punch|p1a: Typhoon","|-supereffective|p1a: Typhoon","|-damage|p1a: Typhoon|0 fnt","|faint|p1a: Typhoon","|","|-heal|p2a: Machamp|62/384|[from] item: Leftovers","|","|switch|p1a: DEATH|Togekiss, F, shiny|374/374","|-damage|p1a: DEATH|281/374|[from] Stealth Rock","|turn|31","|","|move|p2a: Machamp|Bullet Punch|p1a: DEATH","|-supereffective|p1a: DEATH","|-damage|p1a: DEATH|189/374","|move|p1a: DEATH|Air Slash|p2a: Machamp","|-supereffective|p2a: Machamp","|-damage|p2a: Machamp|0 fnt","|faint|p2a: Machamp","|","|-heal|p1a: DEATH|212/374|[from] item: Leftovers","|","|switch|p2a: Gallade|Gallade, M|339/339","|-damage|p2a: Gallade|318/339|[from] Stealth Rock","|turn|32","|","|detailschange|p2a: Gallade|Gallade-Mega, M","|-mega|p2a: Gallade|Gallade|Galladite","|move|p1a: DEATH|Thunder Wave|p2a: Gallade","|-status|p2a: Gallade|par","|cant|p2a: Gallade|par","|","|-heal|p1a: DEATH|235/374|[from] item: Leftovers","|turn|33","|","|move|p1a: DEATH|Nasty Plot|p1a: DEATH","|-boost|p1a: DEATH|spa|2","|move|p2a: Gallade|Psycho Cut|p1a: DEATH","|-damage|p1a: DEATH|54/374","|","|-heal|p1a: DEATH|77/374|[from] item: Leftovers","|turn|34","|","|move|p1a: DEATH|Air Slash|p2a: Gallade","|-supereffective|p2a: Gallade","|-damage|p2a: Gallade|0 fnt","|faint|p2a: Gallade","|","|win|Apex Salamence"],"p1rating":{"entryid":"1755","serverid":"eos","formatid":"monotype","userid":"apexsalamence","username":"Apex Salamence","w":48,"l":"41","t":"0","gxe":55.3,"r":"1535.7706060171","rd":"38.884736753959","sigma":"0","rptime":"1441011600","rpr":1540.1289115759,"rprd":38.27555218761,"rpsigma":"0","acre":1124.402760535,"lacre":1124.402760535,"oldacre":"1106.2239513579"},"p2rating":{"entryid":"80850","serverid":"eos","formatid":"monotype","userid":"crystalgiigan","username":"Crystal Giigan","w":"9","l":15,"t":"0","gxe":42.5,"r":"1469.021455296","rd":"69.93392146735","sigma":"0","rptime":"1441011600","rpr":1442.0073955276,"rprd":66.676718233756,"rpsigma":"0","acre":1000.7143486029,"lacre":1000.7143486029,"oldacre":"1008.9635525409"},"endType":"normal"}