{"seed":[64448,44825,36266,1084],"turns":19,"p1":"codypoke45","p2":"Imp Donut","p1team":[{"name":"Ferrothorn","species":"Ferrothorn","item":"leftovers","ability":"Iron Barbs","moves":["spikes","leechseed","gyroball","powerwhip"],"nature":"Relaxed","evs":{"hp":252,"atk":0,"def":88,"spa":0,"spd":168,"spe":0},"shiny":true,"ivs":{"hp":31,"atk":31,"def":31,"spa":31,"spd":31,"spe":31}},{"name":"Ludicolo","species":"Ludicolo","item":"lifeorb","ability":"Swift Swim","moves":["surf","gigadrain","icebeam","raindance"],"nature":"Modest","evs":{"hp":0,"atk":0,"def":4,"spa":252,"spd":0,"spe":252},"shiny":true,"ivs":{"hp":31,"atk":31,"def":31,"spa":31,"spd":31,"spe":31}},{"name":"Cradily","species":"Cradily","item":"leftovers","ability":"Storm Drain","moves":["stealthrock","rockslide","recover","toxic"],"nature":"Careful","evs":{"hp":252,"atk":4,"def":0,"spa":0,"spd":252,"spe":0},"shiny":true,"ivs":{"hp":31,"atk":31,"def":31,"spa":31,"spd":31,"spe":31}},{"name":"Roserade","species":"Roserade","item":"lifeorb","ability":"Natural Cure","moves":["toxicspikes","sludgebomb","leafstorm","extrasensory"],"nature":"Timid","evs":{"hp":0,"atk":0,"def":0,"spa":252,"spd":4,"spe":252},"shiny":true,"ivs":{"hp":31,"atk":31,"def":31,"spa":31,"spd":31,"spe":31}},{"name":"Venusaur","species":"Venusaur","item":"venusaurite","ability":"Chlorophyll","moves":["gigadrain","sludgebomb","synthesis","hiddenpowerfire"],"nature":"Bold","evs":{"hp":248,"atk":0,"def":96,"spa":0,"spd":144,"spe":20},"shiny":true,"ivs":{"atk":30,"spa":30,"spe":30,"hp":31,"def":31,"spd":31}},{"name":"Celebi","species":"Celebi","item":"leftovers","ability":"Natural Cure","moves":["recover","batonpass","gigadrain","nastyplot"],"nature":"Bold","evs":{"hp":252,"atk":0,"def":148,"spa":0,"spd":0,"spe":108},"ivs":{"hp":31,"atk":31,"def":31,"spa":31,"spd":31,"spe":31}}],"p2team":[{"name":"Ferrothorn","species":"Ferrothorn","item":"leftovers","ability":"Iron Barbs","moves":["toxic","leechseed","ironhead","powerwhip"],"nature":"Impish","evs":{"hp":252,"atk":4,"def":252,"spa":0,"spd":0,"spe":0},"ivs":{"hp":31,"atk":31,"def":31,"spa":31,"spd":31,"spe":31}},{"name":"Excadrill","species":"Excadrill","item":"choicescarf","ability":"Mold Breaker","moves":["brickbreak","earthquake","ironhead","rockslide"],"nature":"Jolly","evs":{"hp":0,"atk":252,"def":0,"spa":0,"spd":4,"spe":252},"ivs":{"hp":31,"atk":31,"def":31,"spa":31,"spd":31,"spe":31}},{"name":"Heatran","species":"Heatran","item":"airballoon","ability":"Flash Fire","moves":["ancientpower","earthpower","lavaplume","hiddenpowergrass"],"nature":"Modest","evs":{"hp":232,"atk":0,"def":0,"spa":252,"spd":0,"spe":24},"ivs":{"hp":31,"atk":30,"def":31,"spa":30,"spd":31,"spe":31}},{"name":"Scizor","species":"Scizor","item":"scizorite","ability":"Technician","moves":["bulletpunch","roost","swordsdance","bugbite"],"nature":"Adamant","evs":{"hp":248,"atk":252,"def":0,"spa":0,"spd":8,"spe":0},"ivs":{"hp":31,"atk":31,"def":31,"spa":31,"spd":31,"spe":31}},{"name":"Empoleon","species":"Empoleon","item":"leftovers","ability":"Torrent","moves":["scald","roar","knockoff","icebeam"],"nature":"Calm","evs":{"hp":196,"atk":0,"def":84,"spa":56,"spd":172,"spe":0},"ivs":{"hp":31,"atk":31,"def":31,"spa":31,"spd":31,"spe":31}},{"name":"Skarmory","species":"Skarmory","item":"rockyhelmet","ability":"Sturdy","moves":["bravebird","stealthrock","roost","whirlwind"],"nature":"Impish","evs":{"hp":248,"atk":0,"def":236,"spa":0,"spd":0,"spe":24},"ivs":{"hp":31,"atk":31,"def":31,"spa":31,"spd":31,"spe":31}}],"log":["|player|p1|codypoke45|190","|player|p2|Imp Donut|170","|gametype|singles","|gen|6","|tier|Monotype","|rated","|rule|Baton Pass Clause: Limit one Baton Passer, can't pass Spe and other stats simultaneously","|rule|Swagger Clause: Swagger is banned","|rule|Same Type Clause: Pokémon in a team must share a type","|clearpoke","|poke|p1|Ferrothorn, M, shiny","|poke|p1|Ludicolo, M, shiny","|poke|p1|Cradily, M, shiny","|poke|p1|Roserade, F, shiny","|poke|p1|Venusaur, F, shiny","|poke|p1|Celebi","|poke|p2|Ferrothorn, M","|poke|p2|Excadrill, F","|poke|p2|Heatran, F","|poke|p2|Scizor, M","|poke|p2|Empoleon, M","|poke|p2|Skarmory, M","|rule|Sleep Clause Mod: Limit one foe put to sleep","|rule|Species Clause: Limit one of each Pokémon","|rule|OHKO Clause: OHKO moves are banned","|rule|Moody Clause: Moody is banned","|rule|Evasion Moves Clause: Evasion moves are banned","|rule|Endless Battle Clause: Forcing endless battles is banned","|rule|HP Percentage Mod: HP is shown in percentages","|teampreview","|","|start","|switch|p1a: Ferrothorn|Ferrothorn, M, shiny|352/352","|switch|p2a: Skarmory|Skarmory, M|333/333","|turn|1","|","|move|p2a: Skarmory|Stealth Rock|p1a: Ferrothorn","|-sidestart|p1: codypoke45|move: Stealth Rock","|move|p1a: Ferrothorn|Spikes|p2a: Skarmory","|-sidestart|p2: Imp Donut|Spikes","|","|turn|2","|","|switch|p2a: Heatran|Heatran, F|381/381","|-item|p2a: Heatran|Air Balloon","|move|p1a: Ferrothorn|Spikes|p2a: Heatran","|-sidestart|p2: Imp Donut|Spikes","|","|turn|3","|","|move|p2a: Heatran|Lava Plume|p1a: Ferrothorn","|-supereffective|p1a: Ferrothorn","|-damage|p1a: Ferrothorn|0 fnt","|faint|p1a: Ferrothorn","|","|","|switch|p1a: Ludicolo|Ludicolo, M, shiny|301/301","|-damage|p1a: Ludicolo|264/301|[from] Stealth Rock","|turn|4","|","|switch|p2a: Empoleon|Empoleon, M|358/358","|-damage|p2a: Empoleon|299/358|[from] Spikes","|move|p1a: Ludicolo|Surf|p2a: Empoleon","|-resisted|p2a: Empoleon","|-damage|p2a: Empoleon|231/358","|-damage|p1a: Ludicolo|234/301|[from] item: Life Orb","|","|-heal|p2a: Empoleon|253/358|[from] item: Leftovers","|turn|5","|","|move|p1a: Ludicolo|Rain Dance|p1a: Ludicolo","|-weather|RainDance","|move|p2a: Empoleon|Knock Off|p1a: Ludicolo","|-damage|p1a: Ludicolo|147/301","|-enditem|p1a: Ludicolo|Life Orb|[from] move: Knock Off|[of] p2a: Empoleon","|","|-weather|RainDance|[upkeep]","|-heal|p2a: Empoleon|275/358|[from] item: Leftovers","|turn|6","|","|move|p1a: Ludicolo|Giga Drain|p2a: Empoleon","|-damage|p2a: Empoleon|188/358","|-heal|p1a: Ludicolo|191/301|[from] drain|[of] p2a: Empoleon","|move|p2a: Empoleon|Scald|p1a: Ludicolo","|-resisted|p1a: Ludicolo","|-damage|p1a: Ludicolo|154/301","|-status|p1a: Ludicolo|brn","|","|-weather|RainDance|[upkeep]","|-heal|p2a: Empoleon|210/358|[from] item: Leftovers","|-damage|p1a: Ludicolo|117/301 brn|[from] brn","|turn|7","|","|move|p1a: Ludicolo|Surf|p2a: Empoleon","|-resisted|p2a: Empoleon","|-damage|p2a: Empoleon|127/358","|move|p2a: Empoleon|Ice Beam|p1a: Ludicolo","|-damage|p1a: Ludicolo|42/301 brn","|","|-weather|RainDance|[upkeep]","|-heal|p2a: Empoleon|149/358|[from] item: Leftovers","|-damage|p1a: Ludicolo|5/301 brn|[from] brn","|turn|8","|","|move|p1a: Ludicolo|Ice Beam|p2a: Empoleon","|-resisted|p2a: Empoleon","|-damage|p2a: Empoleon|133/358","|move|p2a: Empoleon|Ice Beam|p1a: Ludicolo","|-damage|p1a: Ludicolo|0 fnt","|faint|p1a: Ludicolo","|","|-weather|RainDance|[upkeep]","|-heal|p2a: Empoleon|155/358|[from] item: Leftovers","|","|switch|p1a: Venusaur|Venusaur, F, shiny|363/363","|-damage|p1a: Venusaur|318/363|[from] Stealth Rock","|turn|9","|","|detailschange|p1a: Venusaur|Venusaur-Mega, F, shiny","|-mega|p1a: Venusaur|Venusaur|Venusaurite","|move|p1a: Venusaur|Giga Drain|p2a: Empoleon","|-damage|p2a: Empoleon|76/358","|-heal|p1a: Venusaur|358/363|[from] drain|[of] p2a: Empoleon","|move|p2a: Empoleon|Scald|p1a: Venusaur","|-resisted|p1a: Venusaur","|-damage|p1a: Venusaur|272/363","|","|-weather|none","|-heal|p2a: Empoleon|98/358|[from] item: Leftovers","|turn|10","|","|move|p1a: Venusaur|Giga Drain|p2a: Empoleon","|-damage|p2a: Empoleon|22/358","|-heal|p1a: Venusaur|310/363|[from] drain|[of] p2a: Empoleon","|move|p2a: Empoleon|Ice Beam|p1a: Venusaur","|-supereffective|p1a: Venusaur","|-damage|p1a: Venusaur|250/363","|","|-heal|p2a: Empoleon|44/358|[from] item: Leftovers","|turn|11","|","|move|p1a: Venusaur|Giga Drain|p2a: Empoleon","|-damage|p2a: Empoleon|0 fnt","|-heal|p1a: Venusaur|272/363|[from] drain|[of] p2a: Empoleon","|faint|p2a: Empoleon","|","|","|switch|p2a: Skarmory|Skarmory, M|333/333","|turn|12","|","|move|p1a: Venusaur|Hidden Power|p2a: Skarmory","|-supereffective|p2a: Skarmory","|-damage|p2a: Skarmory|187/333","|move|p2a: Skarmory|Brave Bird|p1a: Venusaur","|-supereffective|p1a: Venusaur","|-damage|p1a: Venusaur|102/363","|-damage|p2a: Skarmory|131/333|[from] recoil|[of] p1a: Venusaur","|","|turn|13","|","|switch|p2a: Heatran|Heatran, F|381/381","|-item|p2a: Heatran|Air Balloon","|move|p1a: Venusaur|Hidden Power|p2a: Heatran","|-start|p2a: Heatran|ability: Flash Fire","|","|turn|14","|","|move|p1a: Venusaur|Synthesis|p1a: Venusaur","|-heal|p1a: Venusaur|283/363","|move|p2a: Heatran|Lava Plume|p1a: Venusaur","|-supereffective|p1a: Venusaur","|-damage|p1a: Venusaur|95/363","|","|turn|15","|","|move|p1a: Venusaur|Giga Drain|p2a: Heatran","|-resisted|p2a: Heatran","|-damage|p2a: Heatran|357/381","|-heal|p1a: Venusaur|107/363|[from] drain|[of] p2a: Heatran","|-enditem|p2a: Heatran|Air Balloon","|move|p2a: Heatran|Lava Plume|p1a: Venusaur","|-supereffective|p1a: Venusaur","|-damage|p1a: Venusaur|0 fnt","|faint|p1a: Venusaur","|","|","|switch|p1a: Cradily|Cradily, M, shiny|376/376","|-damage|p1a: Cradily|329/376|[from] Stealth Rock","|turn|16","|","|move|p2a: Heatran|Lava Plume|p1a: Cradily","|-crit|p1a: Cradily","|-damage|p1a: Cradily|107/376","|move|p1a: Cradily|Rock Slide|p2a: Heatran","|-miss|p1a: Cradily|p2a: Heatran","|","|-heal|p1a: Cradily|130/376|[from] item: Leftovers","|turn|17","|","|move|p2a: Heatran|Lava Plume|p1a: Cradily","|-damage|p1a: Cradily|0 fnt","|faint|p1a: Cradily","|","|","|switch|p1a: Roserade|Roserade, F, shiny|261/261","|-damage|p1a: Roserade|229/261|[from] Stealth Rock","|turn|18","|","|move|p1a: Roserade|Leaf Storm|p2a: Heatran","|-resisted|p2a: Heatran","|-damage|p2a: Heatran|292/381","|-unboost|p1a: Roserade|spa|2","|-damage|p1a: Roserade|203/261|[from] item: Life Orb","|move|p2a: Heatran|Lava Plume|p1a: Roserade","|-supereffective|p1a: Roserade","|-damage|p1a: Roserade|0 fnt","|faint|p1a: Roserade","|","|","|switch|p1a: Celebi|Celebi|404/404","|-damage|p1a: Celebi|354/404|[from] Stealth Rock","|turn|19","|","|move|p1a: Celebi|Giga Drain|p2a: Heatran","|-resisted|p2a: Heatran","|-damage|p2a: Heatran|271/381","|-heal|p1a: Celebi|365/404|[from] drain|[of] p2a: Heatran","|move|p2a: Heatran|Lava Plume|p1a: Celebi","|-supereffective|p1a: Celebi","|-damage|p1a: Celebi|0 fnt","|faint|p1a: Celebi","|","|win|Imp Donut"],"p1rating":{"entryid":705600,"formatid":"monotype","userid":"codypoke45","username":"codypoke45","r":1500,"rd":130,"sigma":0,"rpr":1465.4622413901,"rprd":122.54042089794,"rpsigma":0,"rptime":1441011600,"w":0,"l":1,"t":0,"gxe":45.7,"acre":1000,"lacre":1000,"oldacre":1000},"p2rating":{"entryid":"659054","serverid":"eos","formatid":"monotype","userid":"impdonut","username":"Imp Donut","w":6,"l":"3","t":"0","gxe":60,"r":"1561.2890700983","rd":"91.620289995019","sigma":"0","rptime":"1441011600","rpr":1578.9890240536,"rprd":89.078955009259,"rpsigma":"0","acre":1100.7787791006,"lacre":1100.7787791006,"oldacre":"1078.9026156857"},"endType":"normal"}