{"seed":[8990,52658,22588,19478],"turns":27,"p1":"SL Aqua","p2":"ApexProf🔰SmogOn","p1team":[{"name":"Deepthroat","species":"toxicroak","item":"focussash","ability":"Poison Touch","moves":["swordsdance","drainpunch","suckerpunch","poisonjab"],"nature":"Adamant","evs":{"hp":4,"atk":252,"def":0,"spa":0,"spd":0,"spe":252},"gender":"M","ivs":{"hp":31,"atk":31,"def":31,"spa":31,"spd":31,"spe":31}},{"name":"Rosie","species":"venusaur","item":"venusaurite","ability":"Chlorophyll","moves":["sludgebomb","gigadrain","sleeppowder","leechseed"],"nature":"Modest","evs":{"hp":0,"atk":0,"def":252,"spa":4,"spd":252,"spe":0},"gender":"F","ivs":{"hp":31,"atk":31,"def":31,"spa":31,"spd":31,"spe":31}},{"name":"Big Big Bug","species":"scolipede","item":"focussash","ability":"Speed Boost","moves":["swordsdance","earthquake","xscissor","rockslide"],"nature":"Adamant","evs":{"hp":4,"atk":252,"def":0,"spa":0,"spd":0,"spe":252},"gender":"M","ivs":{"hp":31,"atk":31,"def":31,"spa":31,"spd":31,"spe":31}},{"name":"Goober","species":"muk","item":"blacksludge","ability":"Poison Touch","moves":["shadowsneak","poisonjab","icepunch","acidarmor"],"nature":"Adamant","evs":{"hp":4,"atk":252,"def":0,"spa":0,"spd":252,"spe":0},"gender":"M","ivs":{"hp":31,"atk":31,"def":31,"spa":31,"spd":31,"spe":31}},{"name":"King Nido","species":"nidoking","item":"choicescarf","ability":"Sheer Force","moves":["icebeam","sludgewave","earthpower","shadowball"],"nature":"Modest","evs":{"hp":4,"atk":0,"def":0,"spa":252,"spd":0,"spe":252},"ivs":{"hp":31,"atk":31,"def":31,"spa":31,"spd":31,"spe":31}},{"name":"Crobat","species":"Crobat","item":"lifeorb","ability":"Inner Focus","moves":["defog","bravebird","uturn","crosspoison"],"nature":"Adamant","evs":{"hp":0,"atk":252,"def":0,"spa":0,"spd":4,"spe":252},"gender":"M","ivs":{"hp":31,"atk":31,"def":31,"spa":31,"spd":31,"spe":31}}],"p2team":[{"name":"Hitmonlee","species":"Hitmonlee","item":"normalgem","ability":"Unburden","moves":["highjumpkick","fakeout","knockoff","rapidspin"],"nature":"Jolly","evs":{"hp":0,"atk":252,"def":0,"spa":0,"spd":4,"spe":252},"ivs":{"hp":31,"atk":31,"def":31,"spa":31,"spd":31,"spe":31}},{"name":"Gallade","species":"Gallade","item":"galladite","ability":"Steadfast","moves":["swordsdance","shadowsneak","drainpunch","zenheadbutt"],"nature":"Jolly","evs":{"hp":0,"atk":252,"def":0,"spa":0,"spd":4,"spe":252},"ivs":{"hp":31,"atk":31,"def":31,"spa":31,"spd":31,"spe":31}},{"name":"Cobalion","species":"Cobalion","item":"rockyhelmet","ability":"Justified","moves":["ironhead","thunderwave","voltswitch","stealthrock"],"nature":"Timid","evs":{"hp":252,"atk":0,"def":0,"spa":0,"spd":4,"spe":252},"ivs":{"hp":31,"atk":31,"def":31,"spa":31,"spd":31,"spe":31}},{"name":"Dildo-Resolute","species":"keldeoresolute","item":"leftovers","ability":"Justified","moves":["calmmind","substitute","secretsword","scald"],"nature":"Timid","evs":{"hp":0,"atk":0,"def":0,"spa":252,"spd":4,"spe":252},"ivs":{"hp":31,"atk":0,"def":31,"spa":31,"spd":31,"spe":31}},{"name":"Infernape","species":"Infernape","item":"choicescarf","ability":"Blaze","moves":["flareblitz","closecombat","grassknot","gunkshot"],"nature":"Hasty","evs":{"hp":0,"atk":252,"def":0,"spa":4,"spd":0,"spe":252},"ivs":{"hp":31,"atk":31,"def":31,"spa":31,"spd":31,"spe":31}},{"name":"Conkeldurr","species":"Conkeldurr","item":"assaultvest","ability":"Sheer Force","moves":["firepunch","icepunch","rocktomb","machpunch"],"nature":"Adamant","evs":{"hp":248,"atk":252,"def":0,"spa":0,"spd":8,"spe":0},"ivs":{"hp":31,"atk":31,"def":31,"spa":31,"spd":31,"spe":31}}],"log":["|player|p1|SL Aqua|141","|player|p2|ApexProf🔰SmogOn|165","|gametype|singles","|gen|6","|tier|Monotype","|rated","|rule|Baton Pass Clause: Limit one Baton Passer, can't pass Spe and other stats simultaneously","|rule|Swagger Clause: Swagger is banned","|rule|Same Type Clause: Pokémon in a team must share a type","|clearpoke","|poke|p1|Toxicroak, M","|poke|p1|Venusaur, F","|poke|p1|Scolipede, M","|poke|p1|Muk, M","|poke|p1|Nidoking, M","|poke|p1|Crobat, M","|poke|p2|Hitmonlee, M","|poke|p2|Gallade, M","|poke|p2|Cobalion","|poke|p2|Keldeo-Resolute","|poke|p2|Infernape, M","|poke|p2|Conkeldurr, M","|rule|Sleep Clause Mod: Limit one foe put to sleep","|rule|Species Clause: Limit one of each Pokémon","|rule|OHKO Clause: OHKO moves are banned","|rule|Moody Clause: Moody is banned","|rule|Evasion Moves Clause: Evasion moves are banned","|rule|Endless Battle Clause: Forcing endless battles is banned","|rule|HP Percentage Mod: HP is shown in percentages","|teampreview","|","|start","|switch|p1a: Big Big Bug|Scolipede, M|262/262","|switch|p2a: Cobalion|Cobalion|386/386","|turn|1","|","|move|p2a: Cobalion|Thunder Wave|p1a: Big Big Bug","|-status|p1a: Big Big Bug|par","|move|p1a: Big Big Bug|Swords Dance|p1a: Big Big Bug","|-boost|p1a: Big Big Bug|atk|2","|","|-boost|p1a: Big Big Bug|spe|1|[from] ability: Speed Boost","|turn|2","|","|move|p2a: Cobalion|Stealth Rock|p1a: Big Big Bug","|-sidestart|p1: SL Aqua|move: Stealth Rock","|move|p1a: Big Big Bug|Earthquake|p2a: Cobalion","|-supereffective|p2a: Cobalion","|-damage|p2a: Cobalion|44/386","|","|-boost|p1a: Big Big Bug|spe|1|[from] ability: Speed Boost","|turn|3","|","|move|p2a: Cobalion|Iron Head|p1a: Big Big Bug","|-damage|p1a: Big Big Bug|184/262 par","|cant|p1a: Big Big Bug|par","|","|-boost|p1a: Big Big Bug|spe|1|[from] ability: Speed Boost","|turn|4","|","|move|p2a: Cobalion|Iron Head|p1a: Big Big Bug","|-damage|p1a: Big Big Bug|102/262 par","|cant|p1a: Big Big Bug|flinch","|","|-boost|p1a: Big Big Bug|spe|1|[from] ability: Speed Boost","|turn|5","|","|move|p2a: Cobalion|Iron Head|p1a: Big Big Bug","|-damage|p1a: Big Big Bug|20/262 par","|move|p1a: Big Big Bug|Earthquake|p2a: Cobalion","|-supereffective|p2a: Cobalion","|-damage|p2a: Cobalion|0 fnt","|faint|p2a: Cobalion","|","|-boost|p1a: Big Big Bug|spe|1|[from] ability: Speed Boost","|","|switch|p2a: Conkeldurr|Conkeldurr, M|413/413","|turn|6","|","|move|p2a: Conkeldurr|Mach Punch|p1a: Big Big Bug","|-resisted|p1a: Big Big Bug","|-damage|p1a: Big Big Bug|0 fnt","|faint|p1a: Big Big Bug","|","|","|switch|p1a: Crobat|Crobat, M|311/311","|-damage|p1a: Crobat|234/311|[from] Stealth Rock","|turn|7","|","|move|p1a: Crobat|Defog|p2a: Conkeldurr","|-unboost|p2a: Conkeldurr|evasion|1","|-sideend|p1: SL Aqua|Stealth Rock|[from] move: Defog|[of] p1a: Crobat","|move|p2a: Conkeldurr|Ice Punch|p1a: Crobat","|-supereffective|p1a: Crobat","|-damage|p1a: Crobat|0 fnt","|faint|p1a: Crobat","|","|","|switch|p1a: Rosie|Venusaur, F|301/301","|turn|8","|","|detailschange|p1a: Rosie|Venusaur-Mega, F","|-mega|p1a: Rosie|Venusaur|Venusaurite","|move|p1a: Rosie|Sleep Powder|p2a: Conkeldurr","|-status|p2a: Conkeldurr|slp","|cant|p2a: Conkeldurr|slp","|","|turn|9","|","|move|p1a: Rosie|Leech Seed|p2a: Conkeldurr","|-start|p2a: Conkeldurr|move: Leech Seed","|cant|p2a: Conkeldurr|slp","|","|-damage|p2a: Conkeldurr|362/413 slp|[from] Leech Seed|[of] p1a: Rosie","|turn|10","|","|move|p1a: Rosie|Sludge Bomb|p2a: Conkeldurr","|-damage|p2a: Conkeldurr|232/413 slp","|cant|p2a: Conkeldurr|slp","|","|-damage|p2a: Conkeldurr|181/413 slp|[from] Leech Seed|[of] p1a: Rosie","|turn|11","|","|move|p1a: Rosie|Sludge Bomb|p2a: Conkeldurr","|-damage|p2a: Conkeldurr|51/413 slp","|-curestatus|p2a: Conkeldurr|slp","|move|p2a: Conkeldurr|Rock Tomb|p1a: Rosie","|-damage|p1a: Rosie|231/301","|","|-damage|p2a: Conkeldurr|0 fnt|[from] Leech Seed|[of] p1a: Rosie","|-heal|p1a: Rosie|282/301|[silent]","|faint|p2a: Conkeldurr","|","|switch|p2a: Gallade|Gallade, M|277/277","|turn|12","|","|detailschange|p2a: Gallade|Gallade-Mega, M","|-mega|p2a: Gallade|Gallade|Galladite","|move|p2a: Gallade|Swords Dance|p2a: Gallade","|-boost|p2a: Gallade|atk|2","|move|p1a: Rosie|Sleep Powder|p2a: Gallade","|-status|p2a: Gallade|slp","|","|turn|13","|","|cant|p2a: Gallade|slp","|move|p1a: Rosie|Leech Seed|p2a: Gallade|[miss]","|-miss|p1a: Rosie|p2a: Gallade","|","|turn|14","|","|cant|p2a: Gallade|slp","|move|p1a: Rosie|Leech Seed|p2a: Gallade","|-start|p2a: Gallade|move: Leech Seed","|","|-damage|p2a: Gallade|243/277 slp|[from] Leech Seed|[of] p1a: Rosie","|-heal|p1a: Rosie|301/301|[silent]","|turn|15","|","|cant|p2a: Gallade|slp","|move|p1a: Rosie|Sleep Powder|p2a: Gallade","|-fail|p2a: Gallade|slp","|","|-damage|p2a: Gallade|209/277 slp|[from] Leech Seed|[of] p1a: Rosie","|turn|16","|","|-curestatus|p2a: Gallade|slp","|move|p2a: Gallade|Zen Headbutt|p1a: Rosie|[miss]","|-miss|p2a: Gallade|p1a: Rosie","|move|p1a: Rosie|Sleep Powder|p2a: Gallade","|-status|p2a: Gallade|slp","|","|-damage|p2a: Gallade|175/277 slp|[from] Leech Seed|[of] p1a: Rosie","|turn|17","|","|cant|p2a: Gallade|slp","|move|p1a: Rosie|Sludge Bomb|p2a: Gallade","|-damage|p2a: Gallade|54/277 slp","|","|-damage|p2a: Gallade|20/277 slp|[from] Leech Seed|[of] p1a: Rosie","|turn|18","|","|-curestatus|p2a: Gallade|slp","|move|p2a: Gallade|Zen Headbutt|p1a: Rosie","|-supereffective|p1a: Rosie","|-damage|p1a: Rosie|0 fnt","|faint|p1a: Rosie","|","|","|switch|p1a: Deepthroat|Toxicroak, M|308/308","|turn|19","|","|move|p1a: Deepthroat|Sucker Punch|p2a: Gallade","|-damage|p2a: Gallade|0 fnt","|faint|p2a: Gallade","|","|","|switch|p2a: Hitmonlee|Hitmonlee, M|241/241","|turn|20","|","|move|p2a: Hitmonlee|Fake Out|p1a: Deepthroat","|-enditem|p2a: Hitmonlee|Normal Gem|[from] gem|[move] Fake Out","|-damage|p1a: Deepthroat|229/308","|cant|p1a: Deepthroat|flinch","|","|turn|21","|","|move|p2a: Hitmonlee|Knock Off|p1a: Deepthroat","|-resisted|p1a: Deepthroat","|-damage|p1a: Deepthroat|148/308","|-enditem|p1a: Deepthroat|Focus Sash|[from] move: Knock Off|[of] p2a: Hitmonlee","|move|p1a: Deepthroat|Drain Punch|p2a: Hitmonlee","|-damage|p2a: Hitmonlee|33/241","|-heal|p1a: Deepthroat|252/308|[from] drain|[of] p2a: Hitmonlee","|-status|p2a: Hitmonlee|psn","|","|-damage|p2a: Hitmonlee|3/241 psn|[from] psn","|turn|22","|","|move|p1a: Deepthroat|Sucker Punch|p2a: Hitmonlee","|-resisted|p2a: Hitmonlee","|-damage|p2a: Hitmonlee|0 fnt","|faint|p2a: Hitmonlee","|","|","|switch|p2a: Dildo-Resolute|Keldeo-Resolute|323/323","|turn|23","|","|move|p2a: Dildo-Resolute|Scald|p1a: Deepthroat","|-damage|p1a: Deepthroat|59/308","|move|p1a: Deepthroat|Drain Punch|p2a: Dildo-Resolute","|-damage|p2a: Dildo-Resolute|193/323","|-heal|p1a: Deepthroat|124/308|[from] drain|[of] p2a: Dildo-Resolute","|-status|p2a: Dildo-Resolute|psn","|","|-heal|p2a: Dildo-Resolute|213/323 psn|[from] item: Leftovers","|-damage|p2a: Dildo-Resolute|173/323 psn|[from] psn","|turn|24","|","|move|p2a: Dildo-Resolute|Scald|p1a: Deepthroat","|-damage|p1a: Deepthroat|0 fnt","|faint|p1a: Deepthroat","|","|-heal|p2a: Dildo-Resolute|193/323 psn|[from] item: Leftovers","|-damage|p2a: Dildo-Resolute|153/323 psn|[from] psn","|","|switch|p1a: King Nido|Nidoking, M|304/304","|turn|25","|","|move|p1a: King Nido|Sludge Wave|p2a: Dildo-Resolute","|-damage|p2a: Dildo-Resolute|0 fnt","|faint|p2a: Dildo-Resolute","|","|","|switch|p2a: Infernape|Infernape, M|293/293","|turn|26","|","|switch|p1a: Goober|Muk, M|352/352","|move|p2a: Infernape|Flare Blitz|p1a: Goober","|-crit|p1a: Goober","|-damage|p1a: Goober|0 fnt","|-damage|p2a: Infernape|177/293|[from] recoil|[of] p1a: Goober","|faint|p1a: Goober","|","|","|switch|p1a: King Nido|Nidoking, M|304/304","|turn|27","|","|move|p2a: Infernape|Flare Blitz|p1a: King Nido","|-damage|p1a: King Nido|64/304","|-damage|p2a: Infernape|98/293|[from] recoil|[of] p1a: King Nido","|move|p1a: King Nido|Earth Power|p2a: Infernape","|-supereffective|p2a: Infernape","|-damage|p2a: Infernape|0 fnt","|faint|p2a: Infernape","|","|win|SL Aqua"],"p1rating":{"entryid":"663579","serverid":"eos","formatid":"monotype","userid":"slaqua","username":"SL Aqua","w":5,"l":"4","t":"0","gxe":54.2,"r":"1500","rd":"130","sigma":"0","rptime":"1440925200","rpr":1532.8130953652,"rprd":88.553799458258,"rpsigma":"0","acre":1099.2190284976,"lacre":1099.2190284976,"oldacre":"1058.6191715326"},"p2rating":{"entryid":"318042","serverid":"eos","formatid":"monotype","userid":"apexprofsmogon","username":"ApexProf","w":"22","l":17,"t":"0","gxe":58.7,"r":"1560.8623013597","rd":"56.847229675223","sigma":"0","rptime":"1440925200","rpr":1567.1272570955,"rprd":54.876456580308,"rpsigma":"0","acre":1134.0072211535,"lacre":1134.0072211535,"oldacre":"1166.5317311129"},"endType":"normal"}