{"seed":[11783,41883,1936,64302],"turns":62,"p1":"Rain ☆ ItachiFTW","p2":"GTX♅Jhulez","p1team":[{"name":"Diggersby","species":"Diggersby","item":"choicescarf","ability":"Huge Power","moves":["earthquake","facade","gunkshot","superpower"],"nature":"Adamant","evs":{"hp":4,"atk":252,"def":0,"spa":0,"spd":0,"spe":252},"ivs":{"hp":31,"atk":31,"def":31,"spa":31,"spd":31,"spe":31}},{"name":"Porygon7.5","species":"porygon2","item":"eviolite","ability":"Trace","moves":["recover","toxic","substitute","foulplay"],"nature":"Impish","evs":{"hp":196,"atk":0,"def":176,"spa":0,"spd":136,"spe":0},"ivs":{"hp":31,"atk":31,"def":31,"spa":31,"spd":31,"spe":31}},{"name":"The Tables Have Tu","species":"ditto","item":"choicescarf","ability":"Imposter","moves":["transform"],"nature":"Bold","evs":{"hp":252,"atk":0,"def":252,"spa":0,"spd":4,"spe":0},"shiny":true,"ivs":{"hp":31,"atk":31,"def":31,"spa":31,"spd":31,"spe":31}},{"name":"Snorlax","species":"Snorlax","item":"leftovers","ability":"Immunity","moves":["crunch","whirlwind","curse","bodyslam"],"nature":"","evs":{"hp":252,"atk":0,"def":4,"spa":0,"spd":252,"spe":0},"ivs":{"hp":31,"atk":31,"def":31,"spa":31,"spd":31,"spe":31}},{"name":"Pidgeot","species":"Pidgeot","item":"pidgeotite","ability":"Keen Eye","moves":["airslash","defog","roost","heatwave"],"nature":"Modest","evs":{"hp":0,"atk":0,"def":96,"spa":64,"spd":96,"spe":252},"ivs":{"hp":31,"atk":31,"def":31,"spa":31,"spd":31,"spe":31}},{"name":"Chatot","species":"Chatot","item":"choicespecs","ability":"Tangled Feet","moves":["boomburst","chatter","heatwave","hiddenpowerground"],"nature":"Timid","evs":{"hp":4,"atk":0,"def":0,"spa":252,"spd":0,"spe":252},"ivs":{"hp":31,"atk":31,"def":31,"spa":30,"spd":30,"spe":31}}],"p2team":[{"name":"Heatran","species":"Heatran","item":"leftovers","ability":"Flash Fire","moves":["lavaplume","stealthrock","earthpower","toxic"],"nature":"Calm","evs":{"hp":252,"atk":0,"def":0,"spa":0,"spd":176,"spe":80},"ivs":{"hp":31,"atk":31,"def":31,"spa":31,"spd":31,"spe":31}},{"name":"Bisharp","species":"Bisharp","item":"lifeorb","ability":"Defiant","moves":["knockoff","swordsdance","suckerpunch","ironhead"],"nature":"Adamant","evs":{"hp":0,"atk":252,"def":0,"spa":0,"spd":4,"spe":252},"ivs":{"hp":31,"atk":31,"def":31,"spa":31,"spd":31,"spe":31}},{"name":"Skarmory","species":"Skarmory","item":"rockyhelmet","ability":"Sturdy","moves":["bravebird","spikes","roost","whirlwind"],"nature":"Impish","evs":{"hp":252,"atk":0,"def":252,"spa":0,"spd":4,"spe":0},"ivs":{"hp":31,"atk":31,"def":31,"spa":31,"spd":31,"spe":31}},{"name":"Doublade","species":"Doublade","item":"eviolite","ability":"No Guard","moves":["swordsdance","shadowclaw","shadowsneak","sacredsword"],"nature":"Adamant","evs":{"hp":248,"atk":252,"def":0,"spa":0,"spd":8,"spe":0},"ivs":{"hp":31,"atk":31,"def":31,"spa":31,"spd":31,"spe":31}},{"name":"Excadrill","species":"Excadrill","item":"choicescarf","ability":"Mold Breaker","moves":["earthquake","rockslide","rapidspin","ironhead"],"nature":"Jolly","evs":{"hp":0,"atk":252,"def":0,"spa":0,"spd":4,"spe":252},"ivs":{"hp":31,"atk":31,"def":31,"spa":31,"spd":31,"spe":31}},{"name":"Magnezone","species":"Magnezone","item":"choicescarf","ability":"Magnet Pull","moves":["voltswitch","hiddenpowerice","flashcannon","thunderbolt"],"nature":"Timid","evs":{"hp":0,"atk":0,"def":0,"spa":252,"spd":4,"spe":252},"ivs":{"hp":31,"atk":30,"def":30,"spa":31,"spd":31,"spe":31}}],"log":["|player|p1|Rain ☆ ItachiFTW|163","|player|p2|GTX♅Jhulez|161","|gametype|singles","|gen|6","|tier|Monotype","|rated","|rule|Baton Pass Clause: Limit one Baton Passer, can't pass Spe and other stats simultaneously","|rule|Swagger Clause: Swagger is banned","|rule|Same Type Clause: Pokémon in a team must share a type","|clearpoke","|poke|p1|Diggersby, F","|poke|p1|Porygon2","|poke|p1|Ditto, shiny","|poke|p1|Snorlax, M","|poke|p1|Pidgeot, F","|poke|p1|Chatot, M","|poke|p2|Heatran, M","|poke|p2|Bisharp, F","|poke|p2|Skarmory, M","|poke|p2|Doublade, M","|poke|p2|Excadrill, F","|poke|p2|Magnezone","|rule|Sleep Clause Mod: Limit one foe put to sleep","|rule|Species Clause: Limit one of each Pokémon","|rule|OHKO Clause: OHKO moves are banned","|rule|Moody Clause: Moody is banned","|rule|Evasion Moves Clause: Evasion moves are banned","|rule|Endless Battle Clause: Forcing endless battles is banned","|rule|HP Percentage Mod: HP is shown in percentages","|teampreview","|","|start","|switch|p1a: Diggersby|Diggersby, F|312/312","|switch|p2a: Skarmory|Skarmory, M|334/334","|turn|1","|","|move|p1a: Diggersby|Superpower|p2a: Skarmory","|-damage|p2a: Skarmory|231/334","|-damage|p1a: Diggersby|260/312|[from] item: Rocky Helmet|[of] p2a: Skarmory","|-unboost|p1a: Diggersby|atk|1","|-unboost|p1a: Diggersby|def|1","|move|p2a: Skarmory|Spikes|p1a: Diggersby","|-sidestart|p1: Rain ☆ ItachiFTW|Spikes","|","|turn|2","|","|switch|p1a: Pidgeot|Pidgeot, F|307/307","|move|p2a: Skarmory|Roost|p2a: Skarmory","|-heal|p2a: Skarmory|334/334","|","|turn|3","|","|switch|p2a: Heatran|Heatran, M|386/386","|detailschange|p1a: Pidgeot|Pidgeot-Mega, F","|-mega|p1a: Pidgeot|Pidgeot|Pidgeotite","|move|p1a: Pidgeot|Defog|p2a: Heatran","|-unboost|p2a: Heatran|evasion|1","|-sideend|p1: Rain ☆ ItachiFTW|Spikes|[from] move: Defog|[of] p1a: Pidgeot","|","|turn|4","|","|switch|p1a: The Tables Have Tu|Ditto, shiny|300/300","|-transform|p1a: The Tables Have Tu|p2a: Heatran","|move|p2a: Heatran|Stealth Rock|p1a: The Tables Have Tu","|-sidestart|p1: Rain ☆ ItachiFTW|move: Stealth Rock","|","|turn|5","|","|move|p1a: The Tables Have Tu|Earth Power|p2a: Heatran","|-supereffective|p2a: Heatran","|-damage|p2a: Heatran|106/386","|move|p2a: Heatran|Earth Power|p1a: The Tables Have Tu","|-supereffective|p1a: The Tables Have Tu","|-damage|p1a: The Tables Have Tu|44/300","|-unboost|p1a: The Tables Have Tu|spd|1","|","|-heal|p2a: Heatran|130/386|[from] item: Leftovers","|turn|6","|","|switch|p2a: Skarmory|Skarmory, M|334/334","|move|p1a: The Tables Have Tu|Earth Power|p2a: Skarmory","|-immune|p2a: Skarmory|[msg]","|","|turn|7","|","|switch|p1a: Pidgeot|Pidgeot-Mega, F|307/307","|-damage|p1a: Pidgeot|231/307|[from] Stealth Rock","|move|p2a: Skarmory|Spikes|p1a: Pidgeot","|-sidestart|p1: Rain ☆ ItachiFTW|Spikes","|","|turn|8","|","|switch|p2a: Magnezone|Magnezone|281/281","|move|p1a: Pidgeot|Defog|p2a: Magnezone","|-unboost|p2a: Magnezone|evasion|1","|-sideend|p1: Rain ☆ ItachiFTW|Spikes|[from] move: Defog|[of] p1a: Pidgeot","|-sideend|p1: Rain ☆ ItachiFTW|Stealth Rock|[from] move: Defog|[of] p1a: Pidgeot","|","|turn|9","|","|switch|p1a: Diggersby|Diggersby, F|260/312","|move|p2a: Magnezone|Flash Cannon|p1a: Diggersby","|-damage|p1a: Diggersby|71/312","|","|turn|10","|","|move|p1a: Diggersby|Earthquake|p2a: Magnezone","|-supereffective|p2a: Magnezone","|-damage|p2a: Magnezone|0 fnt","|faint|p2a: Magnezone","|","|","|switch|p2a: Skarmory|Skarmory, M|334/334","|turn|11","|","|switch|p1a: Pidgeot|Pidgeot-Mega, F|231/307","|move|p2a: Skarmory|Brave Bird|p1a: Pidgeot","|-damage|p1a: Pidgeot|104/307","|-damage|p2a: Skarmory|292/334|[from] recoil|[of] p1a: Pidgeot","|","|turn|12","|","|switch|p2a: Heatran|Heatran, M|130/386","|move|p1a: Pidgeot|Roost|p1a: Pidgeot","|-heal|p1a: Pidgeot|258/307","|","|-heal|p2a: Heatran|154/386|[from] item: Leftovers","|turn|13","|","|move|p1a: Pidgeot|Air Slash|p2a: Heatran","|-resisted|p2a: Heatran","|-damage|p2a: Heatran|106/386","|move|p2a: Heatran|Stealth Rock|p1a: Pidgeot","|-sidestart|p1: Rain ☆ ItachiFTW|move: Stealth Rock","|","|-heal|p2a: Heatran|130/386|[from] item: Leftovers","|turn|14","|","|move|p1a: Pidgeot|Air Slash|p2a: Heatran","|-resisted|p2a: Heatran","|-damage|p2a: Heatran|78/386","|move|p2a: Heatran|Lava Plume|p1a: Pidgeot","|-damage|p1a: Pidgeot|123/307","|","|-heal|p2a: Heatran|102/386|[from] item: Leftovers","|turn|15","|","|move|p1a: Pidgeot|Roost|p1a: Pidgeot","|-heal|p1a: Pidgeot|277/307","|move|p2a: Heatran|Earth Power|p1a: Pidgeot","|-damage|p1a: Pidgeot|178/307","|","|-heal|p2a: Heatran|126/386|[from] item: Leftovers","|turn|16","|","|move|p1a: Pidgeot|Roost|p1a: Pidgeot","|-heal|p1a: Pidgeot|307/307","|move|p2a: Heatran|Lava Plume|p1a: Pidgeot","|-damage|p1a: Pidgeot|169/307","|","|-heal|p2a: Heatran|150/386|[from] item: Leftovers","|turn|17","|","|move|p1a: Pidgeot|Roost|p1a: Pidgeot","|-heal|p1a: Pidgeot|307/307","|move|p2a: Heatran|Earth Power|p1a: Pidgeot","|-damage|p1a: Pidgeot|218/307","|","|-heal|p2a: Heatran|174/386|[from] item: Leftovers","|turn|18","|","|switch|p1a: Chatot|Chatot, M|294/294","|-damage|p1a: Chatot|221/294|[from] Stealth Rock","|switch|p2a: Excadrill|Excadrill, F|361/361","|-ability|p2a: Excadrill|Mold Breaker","|","|turn|19","|","|move|p2a: Excadrill|Iron Head|p1a: Chatot","|-damage|p1a: Chatot|0 fnt","|faint|p1a: Chatot","|","|","|switch|p1a: The Tables Have Tu|Ditto, shiny|44/300","|-damage|p1a: The Tables Have Tu|7/300|[from] Stealth Rock","|-transform|p1a: The Tables Have Tu|p2a: Excadrill","|-ability|p1a: The Tables Have Tu|Mold Breaker","|turn|20","|","|switch|p2a: Skarmory|Skarmory, M|292/334","|move|p1a: The Tables Have Tu|Earthquake|p2a: Skarmory","|-immune|p2a: Skarmory|[msg]","|","|turn|21","|","|switch|p1a: Snorlax|Snorlax, M|524/524","|-damage|p1a: Snorlax|459/524|[from] Stealth Rock","|move|p2a: Skarmory|Whirlwind|p1a: Snorlax","|drag|p1a: Porygon7.5|Porygon2|360/360","|-damage|p1a: Porygon7.5|315/360|[from] Stealth Rock","|-ability|p1a: Porygon7.5|Sturdy|[from] ability: Trace|[of] p2a: Skarmory","|","|turn|22","|","|switch|p1a: Pidgeot|Pidgeot-Mega, F|218/307","|-damage|p1a: Pidgeot|142/307|[from] Stealth Rock","|move|p2a: Skarmory|Spikes|p1a: Pidgeot","|-sidestart|p1: Rain ☆ ItachiFTW|Spikes","|","|turn|23","|","|move|p1a: Pidgeot|Roost|p1a: Pidgeot","|-heal|p1a: Pidgeot|296/307","|move|p2a: Skarmory|Brave Bird|p1a: Pidgeot","|-damage|p1a: Pidgeot|175/307","|-damage|p2a: Skarmory|252/334|[from] recoil|[of] p1a: Pidgeot","|","|turn|24","|","|switch|p2a: Excadrill|Excadrill, F|361/361","|-ability|p2a: Excadrill|Mold Breaker","|move|p1a: Pidgeot|Defog|p2a: Excadrill","|-unboost|p2a: Excadrill|evasion|1","|-sideend|p1: Rain ☆ ItachiFTW|Spikes|[from] move: Defog|[of] p1a: Pidgeot","|-sideend|p1: Rain ☆ ItachiFTW|Stealth Rock|[from] move: Defog|[of] p1a: Pidgeot","|","|turn|25","|","|switch|p1a: Porygon7.5|Porygon2|315/360","|-ability|p1a: Porygon7.5|Mold Breaker|[from] ability: Trace|[of] p2a: Excadrill","|-ability|p1a: Porygon7.5|Mold Breaker","|move|p2a: Excadrill|Iron Head|p1a: Porygon7.5","|-damage|p1a: Porygon7.5|233/360","|","|turn|26","|","|move|p2a: Excadrill|Iron Head|p1a: Porygon7.5","|-damage|p1a: Porygon7.5|151/360","|move|p1a: Porygon7.5|Substitute|p1a: Porygon7.5","|-start|p1a: Porygon7.5|Substitute","|-damage|p1a: Porygon7.5|61/360","|","|turn|27","|","|move|p2a: Excadrill|Iron Head|p1a: Porygon7.5","|-activate|p1a: Porygon7.5|Substitute|[damage]","|move|p1a: Porygon7.5|Recover|p1a: Porygon7.5","|-heal|p1a: Porygon7.5|241/360","|","|turn|28","|","|switch|p2a: Skarmory|Skarmory, M|252/334","|move|p1a: Porygon7.5|Recover|p1a: Porygon7.5","|-heal|p1a: Porygon7.5|360/360","|","|turn|29","|","|move|p2a: Skarmory|Spikes|p1a: Porygon7.5","|-sidestart|p1: Rain ☆ ItachiFTW|Spikes","|move|p1a: Porygon7.5|Foul Play|p2a: Skarmory","|-damage|p2a: Skarmory|219/334","|-damage|p1a: Porygon7.5|300/360|[from] item: Rocky Helmet|[of] p2a: Skarmory","|","|turn|30","|","|switch|p1a: Pidgeot|Pidgeot-Mega, F|175/307","|move|p2a: Skarmory|Spikes|p1a: Pidgeot","|-sidestart|p1: Rain ☆ ItachiFTW|Spikes","|","|turn|31","|","|move|p1a: Pidgeot|Heat Wave|p2a: Skarmory","|-supereffective|p2a: Skarmory","|-damage|p2a: Skarmory|0 fnt","|faint|p2a: Skarmory","|","|","|switch|p2a: Excadrill|Excadrill, F|361/361","|-ability|p2a: Excadrill|Mold Breaker","|turn|32","|","|switch|p1a: Porygon7.5|Porygon2|300/360","|-damage|p1a: Porygon7.5|240/360|[from] Spikes","|-ability|p1a: Porygon7.5|Mold Breaker|[from] ability: Trace|[of] p2a: Excadrill","|-ability|p1a: Porygon7.5|Mold Breaker","|move|p2a: Excadrill|Iron Head|p1a: Porygon7.5","|-damage|p1a: Porygon7.5|153/360","|","|turn|33","|","|move|p2a: Excadrill|Iron Head|p1a: Porygon7.5","|-damage|p1a: Porygon7.5|78/360","|move|p1a: Porygon7.5|Recover|p1a: Porygon7.5","|-heal|p1a: Porygon7.5|258/360","|","|turn|34","|","|move|p2a: Excadrill|Iron Head|p1a: Porygon7.5","|-damage|p1a: Porygon7.5|182/360","|cant|p1a: Porygon7.5|flinch","|","|turn|35","|","|move|p2a: Excadrill|Iron Head|p1a: Porygon7.5","|-damage|p1a: Porygon7.5|97/360","|move|p1a: Porygon7.5|Substitute|p1a: Porygon7.5","|-start|p1a: Porygon7.5|Substitute","|-damage|p1a: Porygon7.5|7/360","|","|turn|36","|","|switch|p2a: Heatran|Heatran, M|174/386","|move|p1a: Porygon7.5|Recover|p1a: Porygon7.5","|-heal|p1a: Porygon7.5|187/360","|","|-heal|p2a: Heatran|198/386|[from] item: Leftovers","|turn|37","|","|move|p2a: Heatran|Stealth Rock|p1a: Porygon7.5","|-sidestart|p1: Rain ☆ ItachiFTW|move: Stealth Rock","|move|p1a: Porygon7.5|Recover|p1a: Porygon7.5","|-heal|p1a: Porygon7.5|360/360","|","|-heal|p2a: Heatran|222/386|[from] item: Leftovers","|turn|38","|","|move|p2a: Heatran|Lava Plume|p1a: Porygon7.5","|-activate|p1a: Porygon7.5|Substitute|[damage]","|move|p1a: Porygon7.5|Foul Play|p2a: Heatran","|-damage|p2a: Heatran|165/386","|","|-heal|p2a: Heatran|189/386|[from] item: Leftovers","|turn|39","|","|move|p2a: Heatran|Lava Plume|p1a: Porygon7.5","|-end|p1a: Porygon7.5|Substitute","|move|p1a: Porygon7.5|Foul Play|p2a: Heatran","|-damage|p2a: Heatran|133/386","|","|-heal|p2a: Heatran|157/386|[from] item: Leftovers","|turn|40","|","|move|p2a: Heatran|Toxic|p1a: Porygon7.5","|-status|p1a: Porygon7.5|tox","|move|p1a: Porygon7.5|Foul Play|p2a: Heatran","|-damage|p2a: Heatran|98/386","|","|-heal|p2a: Heatran|122/386|[from] item: Leftovers","|-damage|p1a: Porygon7.5|338/360 tox|[from] psn","|turn|41","|","|move|p2a: Heatran|Lava Plume|p1a: Porygon7.5","|-damage|p1a: Porygon7.5|262/360 tox","|move|p1a: Porygon7.5|Foul Play|p2a: Heatran","|-damage|p2a: Heatran|67/386","|","|-heal|p2a: Heatran|91/386|[from] item: Leftovers","|-damage|p1a: Porygon7.5|218/360 tox|[from] psn","|turn|42","|","|move|p2a: Heatran|Lava Plume|p1a: Porygon7.5","|-damage|p1a: Porygon7.5|149/360 tox","|move|p1a: Porygon7.5|Foul Play|p2a: Heatran","|-damage|p2a: Heatran|35/386","|","|-heal|p2a: Heatran|59/386|[from] item: Leftovers","|-damage|p1a: Porygon7.5|83/360 tox|[from] psn","|turn|43","|","|move|p2a: Heatran|Lava Plume|p1a: Porygon7.5","|-crit|p1a: Porygon7.5","|-damage|p1a: Porygon7.5|0 fnt","|faint|p1a: Porygon7.5","|","|-heal|p2a: Heatran|83/386|[from] item: Leftovers","|","|switch|p1a: Pidgeot|Pidgeot-Mega, F|175/307","|-damage|p1a: Pidgeot|99/307|[from] Stealth Rock","|turn|44","|","|move|p1a: Pidgeot|Roost|p1a: Pidgeot","|-heal|p1a: Pidgeot|253/307","|move|p2a: Heatran|Lava Plume|p1a: Pidgeot","|-damage|p1a: Pidgeot|133/307","|","|-heal|p2a: Heatran|107/386|[from] item: Leftovers","|turn|45","|","|move|p1a: Pidgeot|Roost|p1a: Pidgeot","|-heal|p1a: Pidgeot|287/307","|move|p2a: Heatran|Lava Plume|p1a: Pidgeot","|-damage|p1a: Pidgeot|160/307","|-status|p1a: Pidgeot|brn","|","|-heal|p2a: Heatran|131/386|[from] item: Leftovers","|-damage|p1a: Pidgeot|122/307 brn|[from] brn","|turn|46","|","|move|p1a: Pidgeot|Roost|p1a: Pidgeot","|-heal|p1a: Pidgeot|276/307 brn","|move|p2a: Heatran|Lava Plume|p1a: Pidgeot","|-damage|p1a: Pidgeot|140/307 brn","|","|-heal|p2a: Heatran|155/386|[from] item: Leftovers","|-damage|p1a: Pidgeot|102/307 brn|[from] brn","|turn|47","|","|move|p1a: Pidgeot|Roost|p1a: Pidgeot","|-heal|p1a: Pidgeot|256/307 brn","|move|p2a: Heatran|Lava Plume|p1a: Pidgeot","|-damage|p1a: Pidgeot|121/307 brn","|","|-heal|p2a: Heatran|179/386|[from] item: Leftovers","|-damage|p1a: Pidgeot|83/307 brn|[from] brn","|turn|48","|","|move|p1a: Pidgeot|Roost|p1a: Pidgeot","|-heal|p1a: Pidgeot|237/307 brn","|move|p2a: Heatran|Lava Plume|p1a: Pidgeot","|-damage|p1a: Pidgeot|117/307 brn","|","|-heal|p2a: Heatran|203/386|[from] item: Leftovers","|-damage|p1a: Pidgeot|79/307 brn|[from] brn","|turn|49","|","|move|p1a: Pidgeot|Roost|p1a: Pidgeot","|-heal|p1a: Pidgeot|233/307 brn","|move|p2a: Heatran|Lava Plume|p1a: Pidgeot","|-damage|p1a: Pidgeot|104/307 brn","|","|-heal|p2a: Heatran|227/386|[from] item: Leftovers","|-damage|p1a: Pidgeot|66/307 brn|[from] brn","|turn|50","|","|move|p1a: Pidgeot|Roost|p1a: Pidgeot","|-heal|p1a: Pidgeot|220/307 brn","|move|p2a: Heatran|Lava Plume|p1a: Pidgeot","|-damage|p1a: Pidgeot|82/307 brn","|","|-heal|p2a: Heatran|251/386|[from] item: Leftovers","|-damage|p1a: Pidgeot|44/307 brn|[from] brn","|turn|51","|","|move|p1a: Pidgeot|Roost|p1a: Pidgeot","|-heal|p1a: Pidgeot|198/307 brn","|move|p2a: Heatran|Lava Plume|p1a: Pidgeot","|-damage|p1a: Pidgeot|77/307 brn","|","|-heal|p2a: Heatran|275/386|[from] item: Leftovers","|-damage|p1a: Pidgeot|39/307 brn|[from] brn","|turn|52","|","|move|p1a: Pidgeot|Roost|p1a: Pidgeot","|-heal|p1a: Pidgeot|193/307 brn","|move|p2a: Heatran|Lava Plume|p1a: Pidgeot","|-damage|p1a: Pidgeot|73/307 brn","|","|-heal|p2a: Heatran|299/386|[from] item: Leftovers","|-damage|p1a: Pidgeot|35/307 brn|[from] brn","|turn|53","|","|move|p1a: Pidgeot|Roost|p1a: Pidgeot","|-heal|p1a: Pidgeot|189/307 brn","|move|p2a: Heatran|Lava Plume|p1a: Pidgeot","|-damage|p1a: Pidgeot|69/307 brn","|","|-heal|p2a: Heatran|323/386|[from] item: Leftovers","|-damage|p1a: Pidgeot|31/307 brn|[from] brn","|turn|54","|","|move|p1a: Pidgeot|Roost|p1a: Pidgeot","|-heal|p1a: Pidgeot|185/307 brn","|move|p2a: Heatran|Lava Plume|p1a: Pidgeot","|-damage|p1a: Pidgeot|52/307 brn","|","|-heal|p2a: Heatran|347/386|[from] item: Leftovers","|-damage|p1a: Pidgeot|14/307 brn|[from] brn","|turn|55","|","|move|p1a: Pidgeot|Defog|p2a: Heatran","|-unboost|p2a: Heatran|evasion|1","|-sideend|p1: Rain ☆ ItachiFTW|Spikes|[from] move: Defog|[of] p1a: Pidgeot","|-sideend|p1: Rain ☆ ItachiFTW|Stealth Rock|[from] move: Defog|[of] p1a: Pidgeot","|move|p2a: Heatran|Lava Plume|p1a: Pidgeot","|-damage|p1a: Pidgeot|0 fnt","|faint|p1a: Pidgeot","|","|-heal|p2a: Heatran|371/386|[from] item: Leftovers","|","|switch|p1a: Diggersby|Diggersby, F|71/312","|turn|56","|","|switch|p2a: Doublade|Doublade, M|321/321","|move|p1a: Diggersby|Earthquake|p2a: Doublade","|-crit|p2a: Doublade","|-supereffective|p2a: Doublade","|-damage|p2a: Doublade|0 fnt","|faint|p2a: Doublade","|","|","|switch|p2a: Bisharp|Bisharp, F|271/271","|turn|57","|","|switch|p1a: The Tables Have Tu|Ditto, shiny|7/300","|-transform|p1a: The Tables Have Tu|p2a: Bisharp","|move|p2a: Bisharp|Sucker Punch|p1a: The Tables Have Tu","|-fail|p2a: Bisharp","|","|turn|58","|","|move|p1a: The Tables Have Tu|Knock Off|p2a: Bisharp","|-resisted|p2a: Bisharp","|-damage|p2a: Bisharp|179/271","|-enditem|p2a: Bisharp|Life Orb|[from] move: Knock Off|[of] p1a: The Tables Have Tu","|move|p2a: Bisharp|Swords Dance|p2a: Bisharp","|-boost|p2a: Bisharp|atk|2","|","|turn|59","|","|move|p2a: Bisharp|Sucker Punch|p1a: The Tables Have Tu","|-resisted|p1a: The Tables Have Tu","|-damage|p1a: The Tables Have Tu|0 fnt","|faint|p1a: The Tables Have Tu","|","|","|switch|p1a: Snorlax|Snorlax, M|459/524","|turn|60","|","|move|p2a: Bisharp|Iron Head|p1a: Snorlax","|-damage|p1a: Snorlax|14/524","|move|p1a: Snorlax|Curse|p1a: Snorlax","|-unboost|p1a: Snorlax|spe|1","|-boost|p1a: Snorlax|atk|1","|-boost|p1a: Snorlax|def|1","|","|-heal|p1a: Snorlax|46/524|[from] item: Leftovers","|turn|61","|","|move|p2a: Bisharp|Knock Off|p1a: Snorlax","|-damage|p1a: Snorlax|0 fnt","|-enditem|p1a: Snorlax|Leftovers|[from] move: Knock Off|[of] p2a: Bisharp","|faint|p1a: Snorlax","|","|","|switch|p1a: Diggersby|Diggersby, F|71/312","|turn|62","|","|move|p2a: Bisharp|Sucker Punch|p1a: Diggersby","|-damage|p1a: Diggersby|0 fnt","|faint|p1a: Diggersby","|","|win|GTX♅Jhulez"],"p1rating":{"entryid":"550389","serverid":"eos","formatid":"monotype","userid":"rainitachiftw","username":"Rain ☆ ItachiFTW","w":"1","l":3,"t":"0","gxe":41.2,"r":"1457.2035386223","rd":"111.43973206323","sigma":"0","rptime":"1441011600","rpr":1430.1651983749,"rprd":106.52952031387,"rpsigma":"0","acre":1028.8671884445,"lacre":1028.8671884445,"oldacre":"1042.2327655557"},"p2rating":{"entryid":"480255","serverid":"eos","formatid":"monotype","userid":"gtxjhulez","username":"GTX♅Jhulez","w":7,"l":"6","t":"0","gxe":53.2,"r":"1509.4547785041","rd":"82.225588498823","sigma":"0","rptime":"1441011600","rpr":1524.4837352841,"rprd":80.290031975993,"rpsigma":"0","acre":1126.5544108652,"lacre":1126.5544108652,"oldacre":"1106.0988755173"},"endType":"normal"}