{"seed":[21055,58200,41798,34537],"turns":25,"p1":"Marx Bot","p2":"Rain ☆ S.Herbs","p1team":[{"name":"Transformer","species":"ditto","item":"choicescarf","ability":"Imposter","moves":["transform"],"nature":"Bold","evs":{"hp":248,"atk":0,"def":252,"spa":0,"spd":8,"spe":0},"ivs":{"hp":31,"atk":31,"def":31,"spa":31,"spd":31,"spe":31}},{"name":"Braviary","species":"Braviary","item":"lifeorb","ability":"Sheer Force","moves":["bravebird","rockslide","superpower","crushclaw"],"nature":"Jolly","evs":{"hp":0,"atk":252,"def":0,"spa":0,"spd":4,"spe":252},"ivs":{"hp":31,"atk":31,"def":31,"spa":31,"spd":31,"spe":31}},{"name":"Capuccino","species":"cinccino","item":"kingsrock","ability":"Skill Link","moves":["bulletseed","rockblast","tailslap","uturn"],"nature":"Jolly","evs":{"hp":0,"atk":252,"def":0,"spa":0,"spd":4,"spe":252},"ivs":{"hp":31,"atk":31,"def":31,"spa":31,"spd":31,"spe":31}},{"name":"Lady GaGa","species":"meloetta","item":"assaultvest","ability":"Serene Grace","moves":["chargebeam","hypervoice","psyshock","energyball"],"nature":"Modest","evs":{"hp":248,"atk":0,"def":0,"spa":252,"spd":8,"spe":0},"ivs":{"hp":31,"atk":31,"def":31,"spa":31,"spd":31,"spe":31}},{"name":"Bird Jesus","species":"pidgeot","item":"pidgeotite","ability":"Keen Eye","moves":["airslash","hurricane","heatwave","roost"],"nature":"Timid","evs":{"hp":0,"atk":0,"def":0,"spa":252,"spd":4,"spe":252},"ivs":{"hp":31,"atk":31,"def":31,"spa":31,"spd":31,"spe":31}},{"name":"Your Fat Friend","species":"snorlax","item":"leftovers","ability":"Thick Fat","moves":["heavyslam","bodyslam","rest","sleeptalk"],"nature":"Adamant","evs":{"hp":252,"atk":252,"def":0,"spa":0,"spd":4,"spe":0},"ivs":{"hp":31,"atk":31,"def":31,"spa":31,"spd":31,"spe":31}}],"p2team":[{"name":"Weezing","species":"Weezing","item":"blacksludge","ability":"Levitate","moves":["sludgebomb","flamethrower","darkpulse","painsplit"],"nature":"Modest","evs":{"hp":252,"atk":0,"def":0,"spa":252,"spd":4,"spe":0},"shiny":true,"ivs":{"hp":31,"atk":31,"def":31,"spa":31,"spd":31,"spe":31}},{"name":"Dragalge","species":"Dragalge","item":"blacksludge","ability":"Adaptability","moves":["dragonpulse","sludgewave","toxicspikes","scald"],"nature":"Modest","evs":{"hp":252,"atk":0,"def":0,"spa":252,"spd":4,"spe":0},"shiny":true,"ivs":{"hp":31,"atk":31,"def":31,"spa":31,"spd":31,"spe":31}},{"name":"Crobat","species":"Crobat","item":"blacksludge","ability":"Infiltrator","moves":["bravebird","superfang","xscissor","confuseray"],"nature":"Jolly","evs":{"hp":0,"atk":252,"def":0,"spa":0,"spd":4,"spe":252},"ivs":{"hp":31,"atk":31,"def":31,"spa":31,"spd":31,"spe":31}},{"name":"Venusaur","species":"Venusaur","item":"venusaurite","ability":"Chlorophyll","moves":["leechseed","earthquake","gigadrain","sludgebomb"],"nature":"Mild","evs":{"hp":0,"atk":4,"def":0,"spa":252,"spd":0,"spe":252},"shiny":true,"ivs":{"hp":31,"atk":31,"def":31,"spa":31,"spd":31,"spe":31}},{"name":"Drapion","species":"Drapion","item":"lumberry","ability":"Sniper","moves":["crosspoison","nightslash","earthquake","swordsdance"],"nature":"Jolly","evs":{"hp":248,"atk":252,"def":0,"spa":0,"spd":8,"spe":0},"ivs":{"hp":31,"atk":31,"def":31,"spa":31,"spd":31,"spe":31}},{"name":"Scolipede","species":"Scolipede","item":"lifeorb","ability":"Speed Boost","moves":["megahorn","poisonjab","earthquake","protect"],"nature":"Adamant","evs":{"hp":0,"atk":252,"def":0,"spa":0,"spd":4,"spe":252},"shiny":true,"ivs":{"hp":31,"atk":31,"def":31,"spa":31,"spd":31,"spe":31}}],"log":["|player|p1|Marx Bot|165","|player|p2|Rain ☆ S.Herbs|154","|gametype|singles","|gen|6","|tier|Monotype","|rated","|rule|Baton Pass Clause: Limit one Baton Passer, can't pass Spe and other stats simultaneously","|rule|Swagger Clause: Swagger is banned","|rule|Same Type Clause: Pokémon in a team must share a type","|clearpoke","|poke|p1|Ditto","|poke|p1|Braviary, M","|poke|p1|Cinccino, F","|poke|p1|Meloetta","|poke|p1|Pidgeot, F","|poke|p1|Snorlax, F","|poke|p2|Weezing, M, shiny","|poke|p2|Dragalge, M, shiny","|poke|p2|Crobat, F","|poke|p2|Venusaur, F, shiny","|poke|p2|Drapion, M","|poke|p2|Scolipede, F, shiny","|rule|Sleep Clause Mod: Limit one foe put to sleep","|rule|Species Clause: Limit one of each Pokémon","|rule|OHKO Clause: OHKO moves are banned","|rule|Moody Clause: Moody is banned","|rule|Evasion Moves Clause: Evasion moves are banned","|rule|Endless Battle Clause: Forcing endless battles is banned","|rule|HP Percentage Mod: HP is shown in percentages","|teampreview","|","|start","|switch|p1a: Your Fat Friend|Snorlax, F|524/524","|switch|p2a: Venusaur|Venusaur, F, shiny|301/301","|turn|1","|","|switch|p1a: Transformer|Ditto|299/299","|-transform|p1a: Transformer|p2a: Venusaur","|detailschange|p2a: Venusaur|Venusaur-Mega, F, shiny","|-mega|p2a: Venusaur|Venusaur|Venusaurite","|move|p2a: Venusaur|Leech Seed|p1a: Transformer|[miss]","|-miss|p2a: Venusaur|p1a: Transformer","|","|turn|2","|","|switch|p1a: Braviary|Braviary, M|341/341","|move|p2a: Venusaur|Sludge Bomb|p1a: Braviary","|-damage|p1a: Braviary|122/341","|","|turn|3","|","|switch|p2a: Weezing|Weezing, M, shiny|334/334","|move|p1a: Braviary|Brave Bird|p2a: Weezing","|-damage|p2a: Weezing|107/334","|-damage|p1a: Braviary|47/341|[from] recoil|[of] p2a: Weezing","|-damage|p1a: Braviary|13/341|[from] item: Life Orb","|","|-heal|p2a: Weezing|127/334|[from] item: Black Sludge","|turn|4","|","|move|p1a: Braviary|Brave Bird|p2a: Weezing","|-damage|p2a: Weezing|0 fnt","|-damage|p1a: Braviary|0 fnt|[from] recoil|[of] p2a: Weezing","|faint|p2a: Weezing","|faint|p1a: Braviary","|","|","|switch|p1a: Capuccino|Cinccino, F|291/291","|switch|p2a: Venusaur|Venusaur-Mega, F, shiny|301/301","|turn|5","|","|move|p1a: Capuccino|Tail Slap|p2a: Venusaur|[miss]","|-miss|p1a: Capuccino|p2a: Venusaur","|move|p2a: Venusaur|Leech Seed|p1a: Capuccino","|-start|p1a: Capuccino|move: Leech Seed","|","|-damage|p1a: Capuccino|255/291|[from] Leech Seed|[of] p2a: Venusaur","|turn|6","|","|switch|p1a: Lady GaGa|Meloetta|403/403","|move|p2a: Venusaur|Giga Drain|p1a: Lady GaGa","|-damage|p1a: Lady GaGa|327/403","|","|turn|7","|","|move|p2a: Venusaur|Leech Seed|p1a: Lady GaGa","|-start|p1a: Lady GaGa|move: Leech Seed","|move|p1a: Lady GaGa|Psyshock|p2a: Venusaur","|-supereffective|p2a: Venusaur","|-damage|p2a: Venusaur|23/301","|","|-damage|p1a: Lady GaGa|277/403|[from] Leech Seed|[of] p2a: Venusaur","|-heal|p2a: Venusaur|73/301|[silent]","|turn|8","|","|switch|p2a: Drapion|Drapion, M|343/343","|move|p1a: Lady GaGa|Charge Beam|p2a: Drapion","|-damage|p2a: Drapion|268/343","|-boost|p1a: Lady GaGa|spa|1","|","|-damage|p1a: Lady GaGa|227/403|[from] Leech Seed|[of] p2a: Drapion","|-heal|p2a: Drapion|318/343|[silent]","|turn|9","|","|move|p2a: Drapion|Night Slash|p1a: Lady GaGa","|-supereffective|p1a: Lady GaGa","|-damage|p1a: Lady GaGa|0 fnt","|faint|p1a: Lady GaGa","|","|","|switch|p1a: Capuccino|Cinccino, F|255/291","|turn|10","|","|switch|p2a: Venusaur|Venusaur-Mega, F, shiny|73/301","|move|p1a: Capuccino|Tail Slap|p2a: Venusaur","|-damage|p2a: Venusaur|42/301","|-damage|p2a: Venusaur|8/301","|-damage|p2a: Venusaur|0 fnt","|-hitcount|p2a: Venusaur|3","|faint|p2a: Venusaur","|","|","|switch|p2a: Crobat|Crobat, F|311/311","|turn|11","|","|switch|p1a: Your Fat Friend|Snorlax, F|524/524","|move|p2a: Crobat|Confuse Ray|p1a: Your Fat Friend","|-start|p1a: Your Fat Friend|confusion","|","|turn|12","|","|move|p2a: Crobat|Confuse Ray|p1a: Your Fat Friend","|-fail|p1a: Your Fat Friend","|-activate|p1a: Your Fat Friend|confusion","|move|p1a: Your Fat Friend|Heavy Slam|p2a: Crobat","|-damage|p2a: Crobat|129/311","|","|-heal|p2a: Crobat|148/311|[from] item: Black Sludge","|turn|13","|","|move|p2a: Crobat|Super Fang|p1a: Your Fat Friend","|-damage|p1a: Your Fat Friend|262/524","|-activate|p1a: Your Fat Friend|confusion","|move|p1a: Your Fat Friend|Heavy Slam|p2a: Crobat","|-damage|p2a: Crobat|0 fnt","|faint|p2a: Crobat","|","|-heal|p1a: Your Fat Friend|294/524|[from] item: Leftovers","|","|switch|p2a: Scolipede|Scolipede, F, shiny|261/261","|turn|14","|","|move|p2a: Scolipede|Protect|p2a: Scolipede","|-singleturn|p2a: Scolipede|Protect","|-end|p1a: Your Fat Friend|confusion","|move|p1a: Your Fat Friend|Body Slam|p2a: Scolipede","|-activate|p2a: Scolipede|Protect","|","|-heal|p1a: Your Fat Friend|326/524|[from] item: Leftovers","|-boost|p2a: Scolipede|spe|1|[from] ability: Speed Boost","|turn|15","|","|move|p2a: Scolipede|Megahorn|p1a: Your Fat Friend","|-damage|p1a: Your Fat Friend|0 fnt","|-damage|p2a: Scolipede|235/261|[from] item: Life Orb","|faint|p1a: Your Fat Friend","|","|-boost|p2a: Scolipede|spe|1|[from] ability: Speed Boost","|","|switch|p1a: Transformer|Ditto|299/299","|-transform|p1a: Transformer|p2a: Scolipede","|turn|16","|","|move|p2a: Scolipede|Protect|p2a: Scolipede","|-singleturn|p2a: Scolipede|Protect","|move|p1a: Transformer|Earthquake|p2a: Scolipede","|-activate|p2a: Scolipede|Protect","|","|-boost|p1a: Transformer|spe|1|[from] ability: Speed Boost","|-boost|p2a: Scolipede|spe|1|[from] ability: Speed Boost","|turn|17","|","|move|p1a: Transformer|Earthquake|p2a: Scolipede","|-damage|p2a: Scolipede|124/261","|move|p2a: Scolipede|Earthquake|p1a: Transformer","|-damage|p1a: Transformer|130/299","|-damage|p2a: Scolipede|98/261|[from] item: Life Orb","|","|-boost|p1a: Transformer|spe|1|[from] ability: Speed Boost","|-boost|p2a: Scolipede|spe|1|[from] ability: Speed Boost","|turn|18","|","|switch|p1a: Bird Jesus|Pidgeot, F|307/307","|move|p2a: Scolipede|Earthquake|p1a: Bird Jesus","|-immune|p1a: Bird Jesus|[msg]","|","|-boost|p2a: Scolipede|spe|1|[from] ability: Speed Boost","|turn|19","|","|detailschange|p1a: Bird Jesus|Pidgeot-Mega, F","|-mega|p1a: Bird Jesus|Pidgeot|Pidgeotite","|move|p2a: Scolipede|Poison Jab|p1a: Bird Jesus","|-damage|p1a: Bird Jesus|95/307","|-status|p1a: Bird Jesus|psn","|-damage|p2a: Scolipede|72/261|[from] item: Life Orb","|move|p1a: Bird Jesus|Heat Wave|p2a: Scolipede","|-crit|p2a: Scolipede","|-supereffective|p2a: Scolipede","|-damage|p2a: Scolipede|0 fnt","|faint|p2a: Scolipede","|","|-damage|p1a: Bird Jesus|57/307 psn|[from] psn","|","|switch|p2a: Dragalge|Dragalge, M, shiny|334/334","|turn|20","|","|move|p1a: Bird Jesus|Roost|p1a: Bird Jesus","|-heal|p1a: Bird Jesus|211/307 psn","|move|p2a: Dragalge|Scald|p1a: Bird Jesus","|-damage|p1a: Bird Jesus|109/307 psn","|","|-damage|p1a: Bird Jesus|71/307 psn|[from] psn","|turn|21","|","|move|p1a: Bird Jesus|Hurricane|p2a: Dragalge","|-damage|p2a: Dragalge|174/334","|move|p2a: Dragalge|Sludge Wave|p1a: Bird Jesus","|-damage|p1a: Bird Jesus|0 fnt","|faint|p1a: Bird Jesus","|","|-heal|p2a: Dragalge|194/334|[from] item: Black Sludge","|","|switch|p1a: Transformer|Ditto|130/299","|-transform|p1a: Transformer|p2a: Dragalge","|turn|22","|","|move|p1a: Transformer|Dragon Pulse|p2a: Dragalge","|-supereffective|p2a: Dragalge","|-damage|p2a: Dragalge|0 fnt","|faint|p2a: Dragalge","|","|","|switch|p2a: Drapion|Drapion, M|318/343","|turn|23","|","|move|p2a: Drapion|Earthquake|p1a: Transformer","|-supereffective|p1a: Transformer","|-damage|p1a: Transformer|0 fnt","|faint|p1a: Transformer","|","|","|switch|p1a: Capuccino|Cinccino, F|255/291","|turn|24","|","|move|p1a: Capuccino|Tail Slap|p2a: Drapion","|-damage|p2a: Drapion|284/343","|-damage|p2a: Drapion|250/343","|-damage|p2a: Drapion|214/343","|-damage|p2a: Drapion|180/343","|-damage|p2a: Drapion|147/343","|-hitcount|p2a: Drapion|5","|cant|p2a: Drapion|flinch","|","|turn|25","|","|move|p1a: Capuccino|Tail Slap|p2a: Drapion","|-damage|p2a: Drapion|114/343","|-damage|p2a: Drapion|80/343","|-damage|p2a: Drapion|49/343","|-damage|p2a: Drapion|16/343","|-damage|p2a: Drapion|0 fnt","|-hitcount|p2a: Drapion|5","|faint|p2a: Drapion","|","|win|Marx Bot"],"p1rating":{"entryid":"79213","serverid":"eos","formatid":"monotype","userid":"marxbot","username":"Marx-Bot","w":8,"l":"11","t":"0","gxe":44.9,"r":"1444.5215502148","rd":"73.247721217148","sigma":"0","rptime":"1440925200","rpr":1460.3820107869,"rprd":71.726277155,"rpsigma":"0","acre":1069.5075455485,"lacre":1069.5075455485,"oldacre":"1031.2281030931"},"p2rating":{"entryid":"61538","serverid":"eos","formatid":"monotype","userid":"rainsherbs","username":"Rain ☆ S.Herbs","w":"19","l":23,"t":"0","gxe":45.6,"r":"1475.0811862586","rd":"53.599358220025","sigma":"0","rptime":"1440925200","rpr":1466.5304266102,"rprd":53.008569663871,"rpsigma":"0","acre":1039.7850674685,"lacre":1039.7850674685,"oldacre":"1060.4532110877"},"endType":"normal"}