{"seed":[22238,34742,65070,14148],"turns":26,"p1":"Alliance ♋ akaFila","p2":"SL Centurion","p1team":[{"name":"Hoopa-Unbound","species":"Hoopa-Unbound","item":"choiceband","ability":"Magician","moves":["hyperspacefury","facade","icepunch","drainpunch"],"nature":"Adamant","evs":{"hp":248,"atk":252,"def":0,"spa":0,"spd":8,"spe":0},"ivs":{"hp":31,"atk":31,"def":31,"spa":31,"spd":31,"spe":31}},{"name":"Sharpedo","species":"Sharpedo","item":"lifeorb","ability":"Speed Boost","moves":["hydropump","darkpulse","destinybond","protect"],"nature":"Modest","evs":{"hp":0,"atk":0,"def":0,"spa":252,"spd":4,"spe":252},"ivs":{"hp":31,"atk":31,"def":31,"spa":31,"spd":31,"spe":31}},{"name":"Pangoro","species":"Pangoro","item":"choicescarf","ability":"Iron Fist","moves":["drainpunch","knockoff","earthquake","partingshot"],"nature":"Jolly","evs":{"hp":0,"atk":252,"def":0,"spa":0,"spd":4,"spe":252},"ivs":{"hp":31,"atk":31,"def":31,"spa":31,"spd":31,"spe":31}},{"name":"Mandibuzz","species":"Mandibuzz","item":"rockyhelmet","ability":"Overcoat","moves":["foulplay","toxic","roost","defog"],"nature":"Bold","evs":{"hp":248,"atk":0,"def":252,"spa":0,"spd":8,"spe":0},"ivs":{"hp":31,"atk":31,"def":31,"spa":31,"spd":31,"spe":31}},{"name":"Tyranitar","species":"Tyranitar","item":"assaultvest","ability":"Sand Stream","moves":["crunch","earthquake","stoneedge","fireblast"],"nature":"Sassy","evs":{"hp":252,"atk":0,"def":6,"spa":0,"spd":252,"spe":0},"ivs":{"hp":31,"atk":31,"def":31,"spa":31,"spd":31,"spe":31}},{"name":"Bisharp","species":"Bisharp","item":"focussash","ability":"Defiant","moves":["swordsdance","knockoff","ironhead","suckerpunch"],"nature":"Adamant","evs":{"hp":248,"atk":252,"def":0,"spa":0,"spd":8,"spe":0},"ivs":{"hp":31,"atk":31,"def":31,"spa":31,"spd":31,"spe":31}}],"p2team":[{"name":"Skuntank","species":"Skuntank","item":"blacksludge","ability":"Aftermath","moves":["suckerpunch","explosion","crunch","poisonjab"],"nature":"Adamant","evs":{"hp":252,"atk":252,"def":0,"spa":0,"spd":4,"spe":0},"ivs":{"hp":31,"atk":31,"def":31,"spa":31,"spd":31,"spe":31}},{"name":"Gengar","species":"Gengar","item":"choicescarf","ability":"Levitate","moves":["clearsmog","dazzlinggleam","shadowball","psychic"],"nature":"Timid","evs":{"hp":0,"atk":0,"def":0,"spa":252,"spd":4,"spe":252},"ivs":{"hp":31,"atk":31,"def":31,"spa":31,"spd":31,"spe":31}},{"name":"Scolipede","species":"Scolipede","item":"airballoon","ability":"Speed Boost","moves":["protect","megahorn","batonpass","poisonjab"],"nature":"Adamant","evs":{"hp":0,"atk":252,"def":0,"spa":0,"spd":4,"spe":252},"ivs":{"hp":31,"atk":31,"def":31,"spa":31,"spd":31,"spe":31}},{"name":"Muk","species":"Muk","item":"assaultvest","ability":"Poison Touch","moves":["poweruppunch","shadowsneak","firepunch","poisonjab"],"nature":"Adamant","evs":{"hp":248,"atk":252,"def":0,"spa":0,"spd":8,"spe":0},"ivs":{"hp":31,"atk":31,"def":31,"spa":31,"spd":31,"spe":31}},{"name":"Weezing","species":"Weezing","item":"blacksludge","ability":"Levitate","moves":["willowisp","toxicspikes","fireblast","sludgebomb"],"nature":"Calm","evs":{"hp":248,"atk":0,"def":0,"spa":8,"spd":252,"spe":0},"ivs":{"hp":31,"atk":31,"def":31,"spa":31,"spd":31,"spe":31}},{"name":"Venusaur","species":"Venusaur","item":"venusaurite","ability":"Chlorophyll","moves":["synthesis","swordsdance","sleeppowder","seedbomb"],"nature":"Adamant","evs":{"hp":0,"atk":252,"def":0,"spa":0,"spd":4,"spe":252},"ivs":{"hp":31,"atk":31,"def":31,"spa":31,"spd":31,"spe":31}}],"log":["|player|p1|Alliance ♋ akaFila|allianceakafila.gif","|player|p2|SL Centurion|257","|gametype|singles","|gen|6","|tier|Monotype","|rated","|rule|Baton Pass Clause: Limit one Baton Passer, can't pass Spe and other stats simultaneously","|rule|Swagger Clause: Swagger is banned","|rule|Same Type Clause: Pokémon in a team must share a type","|clearpoke","|poke|p1|Hoopa-Unbound","|poke|p1|Sharpedo, M","|poke|p1|Pangoro, F","|poke|p1|Mandibuzz, F","|poke|p1|Tyranitar, F","|poke|p1|Bisharp, M","|poke|p2|Skuntank, F","|poke|p2|Gengar, F","|poke|p2|Scolipede, F","|poke|p2|Muk, F","|poke|p2|Weezing, F","|poke|p2|Venusaur, F","|rule|Sleep Clause Mod: Limit one foe put to sleep","|rule|Species Clause: Limit one of each Pokémon","|rule|OHKO Clause: OHKO moves are banned","|rule|Moody Clause: Moody is banned","|rule|Evasion Moves Clause: Evasion moves are banned","|rule|Endless Battle Clause: Forcing endless battles is banned","|rule|HP Percentage Mod: HP is shown in percentages","|teampreview","|","|start","|switch|p1a: Pangoro|Pangoro, F|331/331","|switch|p2a: Muk|Muk, F|413/413","|turn|1","|","|move|p1a: Pangoro|Earthquake|p2a: Muk","|-supereffective|p2a: Muk","|-damage|p2a: Muk|105/413","|move|p2a: Muk|Power-Up Punch|p1a: Pangoro","|-supereffective|p1a: Pangoro","|-damage|p1a: Pangoro|219/331","|-boost|p2a: Muk|atk|1","|","|turn|2","|","|switch|p1a: Sharpedo|Sharpedo, M|281/281","|switch|p2a: Scolipede|Scolipede, F|261/261","|-item|p2a: Scolipede|Air Balloon","|","|turn|3","|","|move|p2a: Scolipede|Megahorn|p1a: Sharpedo","|-supereffective|p1a: Sharpedo","|-damage|p1a: Sharpedo|0 fnt","|faint|p1a: Sharpedo","|","|-boost|p2a: Scolipede|spe|1|[from] ability: Speed Boost","|","|switch|p1a: Mandibuzz|Mandibuzz, F|423/423","|turn|4","|","|switch|p1a: Hoopa-Unbound|Hoopa-Unbound|363/363","|move|p2a: Scolipede|Protect|p2a: Scolipede","|-fail|p2a: Scolipede","|","|-boost|p2a: Scolipede|spe|1|[from] ability: Speed Boost","|turn|5","|","|move|p2a: Scolipede|Megahorn|p1a: Hoopa-Unbound","|-supereffective|p1a: Hoopa-Unbound","|-damage|p1a: Hoopa-Unbound|0 fnt","|faint|p1a: Hoopa-Unbound","|","|-boost|p2a: Scolipede|spe|1|[from] ability: Speed Boost","|","|switch|p1a: Mandibuzz|Mandibuzz, F|423/423","|turn|6","|","|move|p2a: Scolipede|Protect|p2a: Scolipede","|-singleturn|p2a: Scolipede|Protect","|move|p1a: Mandibuzz|Foul Play|p2a: Scolipede","|-activate|p2a: Scolipede|Protect","|","|-boost|p2a: Scolipede|spe|1|[from] ability: Speed Boost","|turn|7","|","|move|p2a: Scolipede|Baton Pass|p2a: Scolipede","|","|switch|p2a: Weezing|Weezing, F|333/333","|move|p1a: Mandibuzz|Foul Play|p2a: Weezing","|-damage|p2a: Weezing|251/333","|","|-heal|p2a: Weezing|271/333|[from] item: Black Sludge","|turn|8","|","|switch|p1a: Tyranitar|Tyranitar, F|404/404","|-weather|Sandstorm","|move|p2a: Weezing|Will-O-Wisp|p1a: Tyranitar","|-status|p1a: Tyranitar|brn","|","|-weather|Sandstorm|[upkeep]","|-damage|p2a: Weezing|251/333|[from] sandstorm","|-heal|p2a: Weezing|271/333|[from] item: Black Sludge","|-damage|p1a: Tyranitar|354/404 brn|[from] brn","|turn|9","|","|move|p2a: Weezing|Sludge Bomb|p1a: Tyranitar","|-resisted|p1a: Tyranitar","|-damage|p1a: Tyranitar|338/404 brn","|move|p1a: Tyranitar|Fire Blast|p2a: Weezing|[miss]","|-miss|p1a: Tyranitar|p2a: Weezing","|","|-weather|Sandstorm|[upkeep]","|-damage|p2a: Weezing|251/333|[from] sandstorm","|-heal|p2a: Weezing|271/333|[from] item: Black Sludge","|-damage|p1a: Tyranitar|288/404 brn|[from] brn","|turn|10","|","|move|p2a: Weezing|Toxic Spikes|p1a: Tyranitar","|-sidestart|p1: Alliance ♋ akaFila|move: Toxic Spikes","|move|p1a: Tyranitar|Fire Blast|p2a: Weezing","|-damage|p2a: Weezing|201/333","|","|-weather|Sandstorm|[upkeep]","|-damage|p2a: Weezing|181/333|[from] sandstorm","|-heal|p2a: Weezing|201/333|[from] item: Black Sludge","|-damage|p1a: Tyranitar|238/404 brn|[from] brn","|turn|11","|","|move|p2a: Weezing|Toxic Spikes|p1a: Tyranitar","|-sidestart|p1: Alliance ♋ akaFila|move: Toxic Spikes","|move|p1a: Tyranitar|Fire Blast|p2a: Weezing|[miss]","|-miss|p1a: Tyranitar|p2a: Weezing","|","|-weather|Sandstorm|[upkeep]","|-damage|p2a: Weezing|181/333|[from] sandstorm","|-heal|p2a: Weezing|201/333|[from] item: Black Sludge","|-damage|p1a: Tyranitar|188/404 brn|[from] brn","|turn|12","|","|move|p2a: Weezing|Sludge Bomb|p1a: Tyranitar","|-resisted|p1a: Tyranitar","|-damage|p1a: Tyranitar|173/404 brn","|move|p1a: Tyranitar|Fire Blast|p2a: Weezing","|-damage|p2a: Weezing|121/333","|","|-weather|none","|-heal|p2a: Weezing|141/333|[from] item: Black Sludge","|-damage|p1a: Tyranitar|123/404 brn|[from] brn","|turn|13","|","|move|p2a: Weezing|Fire Blast|p1a: Tyranitar","|-resisted|p1a: Tyranitar","|-damage|p1a: Tyranitar|106/404 brn","|move|p1a: Tyranitar|Fire Blast|p2a: Weezing","|-damage|p2a: Weezing|60/333","|","|-heal|p2a: Weezing|80/333|[from] item: Black Sludge","|-damage|p1a: Tyranitar|56/404 brn|[from] brn","|turn|14","|","|move|p2a: Weezing|Sludge Bomb|p1a: Tyranitar","|-resisted|p1a: Tyranitar","|-damage|p1a: Tyranitar|34/404 brn","|move|p1a: Tyranitar|Fire Blast|p2a: Weezing","|-damage|p2a: Weezing|4/333","|","|-heal|p2a: Weezing|24/333|[from] item: Black Sludge","|-damage|p1a: Tyranitar|0 fnt|[from] brn","|faint|p1a: Tyranitar","|","|switch|p1a: Bisharp|Bisharp, M|333/333","|turn|15","|","|move|p2a: Weezing|Will-O-Wisp|p1a: Bisharp","|-status|p1a: Bisharp|brn","|move|p1a: Bisharp|Swords Dance|p1a: Bisharp","|-boost|p1a: Bisharp|atk|2","|","|-heal|p2a: Weezing|44/333|[from] item: Black Sludge","|-damage|p1a: Bisharp|292/333 brn|[from] brn","|turn|16","|","|move|p1a: Bisharp|Sucker Punch|p2a: Weezing","|-damage|p2a: Weezing|0 fnt","|faint|p2a: Weezing","|","|-damage|p1a: Bisharp|251/333 brn|[from] brn","|","|switch|p2a: Scolipede|Scolipede, F|261/261","|-item|p2a: Scolipede|Air Balloon","|turn|17","|","|move|p2a: Scolipede|Protect|p2a: Scolipede","|-singleturn|p2a: Scolipede|Protect","|move|p1a: Bisharp|Swords Dance|p1a: Bisharp","|-boost|p1a: Bisharp|atk|2","|","|-damage|p1a: Bisharp|210/333 brn|[from] brn","|-boost|p2a: Scolipede|spe|1|[from] ability: Speed Boost","|turn|18","|","|move|p2a: Scolipede|Megahorn|p1a: Bisharp|[miss]","|-miss|p2a: Scolipede|p1a: Bisharp","|move|p1a: Bisharp|Knock Off|p2a: Scolipede","|-damage|p2a: Scolipede|0 fnt","|-enditem|p2a: Scolipede|Air Balloon","|faint|p2a: Scolipede","|","|-damage|p1a: Bisharp|169/333 brn|[from] brn","|","|switch|p2a: Skuntank|Skuntank, F|410/410","|turn|19","|","|move|p2a: Skuntank|Sucker Punch|p1a: Bisharp","|-resisted|p1a: Bisharp","|-damage|p1a: Bisharp|110/333 brn","|move|p1a: Bisharp|Iron Head|p2a: Skuntank","|-damage|p2a: Skuntank|83/410","|","|-heal|p2a: Skuntank|108/410|[from] item: Black Sludge","|-damage|p1a: Bisharp|69/333 brn|[from] brn","|turn|20","|","|move|p2a: Skuntank|Sucker Punch|p1a: Bisharp","|-resisted|p1a: Bisharp","|-damage|p1a: Bisharp|12/333 brn","|move|p1a: Bisharp|Iron Head|p2a: Skuntank","|-damage|p2a: Skuntank|0 fnt","|-damage|p1a: Bisharp|0 fnt|[from] ability: Aftermath|[of] p2a: Skuntank","|faint|p1a: Bisharp","|faint|p2a: Skuntank","|","|","|switch|p2a: Venusaur|Venusaur, F|301/301","|switch|p1a: Pangoro|Pangoro, F|219/331","|-status|p1a: Pangoro|tox","|turn|21","|","|detailschange|p2a: Venusaur|Venusaur-Mega, F","|-mega|p2a: Venusaur|Venusaur|Venusaurite","|move|p1a: Pangoro|Earthquake|p2a: Venusaur","|-damage|p2a: Venusaur|207/301","|move|p2a: Venusaur|Swords Dance|p2a: Venusaur","|-boost|p2a: Venusaur|atk|2","|","|-damage|p1a: Pangoro|199/331 tox|[from] psn","|turn|22","|","|move|p1a: Pangoro|Earthquake|p2a: Venusaur","|-damage|p2a: Venusaur|108/301","|move|p2a: Venusaur|Seed Bomb|p1a: Pangoro","|-damage|p1a: Pangoro|0 fnt","|faint|p1a: Pangoro","|","|","|switch|p1a: Mandibuzz|Mandibuzz, F|423/423","|turn|23","|","|move|p2a: Venusaur|Sleep Powder|p1a: Mandibuzz","|-immune|p1a: Mandibuzz|[msg]","|move|p1a: Mandibuzz|Foul Play|p2a: Venusaur","|-damage|p2a: Venusaur|0 fnt","|faint|p2a: Venusaur","|","|","|switch|p2a: Muk|Muk, F|105/413","|turn|24","|","|move|p2a: Muk|Shadow Sneak|p1a: Mandibuzz","|-resisted|p1a: Mandibuzz","|-damage|p1a: Mandibuzz|408/423","|-damage|p2a: Muk|37/413|[from] item: Rocky Helmet|[of] p1a: Mandibuzz","|move|p1a: Mandibuzz|Foul Play|p2a: Muk","|-damage|p2a: Muk|0 fnt","|faint|p2a: Muk","|","|","|switch|p2a: Gengar|Gengar, F|261/261","|turn|25","|","|move|p2a: Gengar|Dazzling Gleam|p1a: Mandibuzz","|-supereffective|p1a: Mandibuzz","|-damage|p1a: Mandibuzz|202/423","|move|p1a: Mandibuzz|Foul Play|p2a: Gengar","|-supereffective|p2a: Gengar","|-damage|p2a: Gengar|57/261","|","|turn|26","|","|move|p2a: Gengar|Dazzling Gleam|p1a: Mandibuzz","|-supereffective|p1a: Mandibuzz","|-damage|p1a: Mandibuzz|0 fnt","|faint|p1a: Mandibuzz","|","|win|SL Centurion"],"p1rating":{"entryid":"126995","serverid":"eos","formatid":"monotype","userid":"allianceakafila","username":"Alliance ♋ akaFila","w":"28","l":19,"t":"0","gxe":58.1,"r":"1571.1214599244","rd":"50.571674503185","sigma":"0","rptime":"1441011600","rpr":1562.4152535745,"rprd":50.137341381118,"rpsigma":"0","acre":1205.8035641932,"lacre":1205.8035641932,"oldacre":"1245.3555918092"},"p2rating":{"entryid":"680906","serverid":"eos","formatid":"monotype","userid":"slcenturion","username":"SL Centurion","w":2,"l":"2","t":"0","gxe":51,"r":"1466.655546331","rd":"111.27802202952","sigma":"0","rptime":"1441011600","rpr":1508.1885009168,"rprd":106.50274303453,"rpsigma":"0","acre":1074.0378270014,"lacre":1074.0378270014,"oldacre":"1014.1008972899"},"endType":"normal"}