{"seed":[28351,7239,34504,37290],"turns":24,"p1":"KGBeast","p2":"xNailz","p1team":[{"name":"Gengar","species":"Gengar","item":"choicescarf","ability":"Levitate","moves":["shadowball","sludgewave","dazzlinggleam","destinybond"],"nature":"Timid","evs":{"hp":0,"atk":0,"def":0,"spa":252,"spd":4,"spe":252},"ivs":{"hp":31,"atk":0,"def":31,"spa":31,"spd":31,"spe":31}},{"name":"Weezing","species":"Weezing","item":"leftovers","ability":"Levitate","moves":["willowisp","flamethrower","clearsmog","painsplit"],"nature":"Bold","evs":{"hp":248,"atk":0,"def":252,"spa":0,"spd":0,"spe":8},"ivs":{"hp":31,"atk":0,"def":31,"spa":31,"spd":31,"spe":31}},{"name":"Drapion","species":"Drapion","item":"choiceband","ability":"Sniper","moves":["knockoff","earthquake","brickbreak","pursuit"],"nature":"Adamant","evs":{"hp":0,"atk":252,"def":4,"spa":0,"spd":0,"spe":252},"ivs":{"hp":31,"atk":31,"def":31,"spa":31,"spd":31,"spe":31}},{"name":"Nidoking","species":"Nidoking","item":"focussash","ability":"Sheer Force","moves":["stealthrock","taunt","earthpower","icebeam"],"nature":"Timid","evs":{"hp":0,"atk":0,"def":0,"spa":252,"spd":4,"spe":252},"ivs":{"hp":31,"atk":0,"def":31,"spa":31,"spd":31,"spe":31}},{"name":"Venusaur","species":"Venusaur","item":"venusaurite","ability":"Overgrow","moves":["gigadrain","sludgebomb","earthquake","synthesis"],"nature":"Relaxed","evs":{"hp":248,"atk":0,"def":252,"spa":0,"spd":8,"spe":0},"ivs":{"hp":31,"atk":31,"def":31,"spa":31,"spd":31,"spe":31}},{"name":"Tentacruel","species":"Tentacruel","item":"assaultvest","ability":"Liquid Ooze","moves":["scald","sludgebomb","acidspray","rapidspin"],"nature":"Calm","evs":{"hp":248,"atk":0,"def":0,"spa":0,"spd":252,"spe":8},"ivs":{"hp":31,"atk":0,"def":31,"spa":31,"spd":31,"spe":31}}],"p2team":[{"name":"Charizard","species":"Charizard","item":"charizarditey","ability":"Blaze","moves":["solarbeam","flamethrower","dragonpulse","defog"],"nature":"Timid","evs":{"hp":0,"atk":0,"def":0,"spa":252,"spd":4,"spe":252},"ivs":{"hp":31,"atk":0,"def":31,"spa":31,"spd":31,"spe":31}},{"name":"Infernape","species":"Infernape","item":"focussash","ability":"Iron Fist","moves":["closecombat","overheat","machpunch","stealthrock"],"nature":"Naive","evs":{"hp":0,"atk":252,"def":4,"spa":0,"spd":0,"spe":252},"ivs":{"hp":31,"atk":30,"def":30,"spa":31,"spd":31,"spe":31}},{"name":"Victini","species":"Victini","item":"choicescarf","ability":"Victory Star","moves":["vcreate","boltstrike","uturn","zenheadbutt"],"nature":"Naive","evs":{"hp":0,"atk":252,"def":0,"spa":4,"spd":0,"spe":252},"ivs":{"hp":31,"atk":31,"def":31,"spa":31,"spd":31,"spe":31}},{"name":"Arcanine","species":"Arcanine","item":"leftovers","ability":"Intimidate","moves":["willowisp","extremespeed","morningsun","ironhead"],"nature":"Impish","evs":{"hp":240,"atk":0,"def":252,"spa":0,"spd":0,"spe":16},"ivs":{"hp":31,"atk":30,"def":30,"spa":31,"spd":31,"spe":31}},{"name":"Rotom-Heat","species":"Rotom-Heat","item":"leftovers","ability":"Levitate","moves":["thunderwave","overheat","hiddenpowerice","voltswitch"],"nature":"Modest","evs":{"hp":248,"atk":0,"def":0,"spa":8,"spd":252,"spe":0},"ivs":{"hp":31,"atk":30,"def":30,"spa":31,"spd":31,"spe":31}},{"name":"Chandelure","species":"Chandelure","item":"lifeorb","ability":"Infiltrator","moves":["flamethrower","energyball","trickroom","shadowball"],"nature":"Quiet","evs":{"hp":248,"atk":0,"def":8,"spa":252,"spd":0,"spe":0},"ivs":{"hp":31,"atk":30,"def":30,"spa":31,"spd":31,"spe":31}}],"log":["|player|p1|KGBeast|kgbeast.png","|player|p2|xNailz|160","|gametype|singles","|gen|6","|tier|Monotype","|rated","|rule|Baton Pass Clause: Limit one Baton Passer, can't pass Spe and other stats simultaneously","|rule|Swagger Clause: Swagger is banned","|rule|Same Type Clause: Pokémon in a team must share a type","|clearpoke","|poke|p1|Gengar, M","|poke|p1|Weezing, F","|poke|p1|Drapion, M","|poke|p1|Nidoking, M","|poke|p1|Venusaur, F","|poke|p1|Tentacruel, M","|poke|p2|Charizard, F","|poke|p2|Infernape, F","|poke|p2|Victini","|poke|p2|Arcanine, F","|poke|p2|Rotom-Heat","|poke|p2|Chandelure, F","|rule|Sleep Clause Mod: Limit one foe put to sleep","|rule|Species Clause: Limit one of each Pokémon","|rule|OHKO Clause: OHKO moves are banned","|rule|Moody Clause: Moody is banned","|rule|Evasion Moves Clause: Evasion moves are banned","|rule|Endless Battle Clause: Forcing endless battles is banned","|rule|HP Percentage Mod: HP is shown in percentages","|teampreview","|","|start","|switch|p1a: Nidoking|Nidoking, M|303/303","|switch|p2a: Charizard|Charizard, F|297/297","|turn|1","|","|switch|p1a: Tentacruel|Tentacruel, M|363/363","|detailschange|p2a: Charizard|Charizard-Mega-Y, F","|-mega|p2a: Charizard|Charizard|Charizardite Y","|-weather|SunnyDay","|move|p2a: Charizard|Flamethrower|p1a: Tentacruel","|-resisted|p1a: Tentacruel","|-damage|p1a: Tentacruel|304/363","|","|-weather|SunnyDay|[upkeep]","|turn|2","|","|switch|p2a: Victini|Victini|341/341","|move|p1a: Tentacruel|Acid Spray|p2a: Victini","|-damage|p2a: Victini|298/341","|-unboost|p2a: Victini|spd|2","|","|-weather|SunnyDay|[upkeep]","|turn|3","|","|switch|p1a: Drapion|Drapion, M|281/281","|move|p2a: Victini|V-create|p1a: Drapion","|-damage|p1a: Drapion|0 fnt","|-unboost|p2a: Victini|spe|1","|-unboost|p2a: Victini|def|1","|-unboost|p2a: Victini|spd|1","|faint|p1a: Drapion","|","|-weather|SunnyDay|[upkeep]","|","|switch|p1a: Gengar|Gengar, M|261/261","|turn|4","|","|switch|p2a: Rotom-Heat|Rotom-Heat|303/303","|move|p1a: Gengar|Shadow Ball|p2a: Rotom-Heat","|-crit|p2a: Rotom-Heat","|-damage|p2a: Rotom-Heat|134/303","|","|-weather|SunnyDay|[upkeep]","|-heal|p2a: Rotom-Heat|152/303|[from] item: Leftovers","|turn|5","|","|move|p1a: Gengar|Shadow Ball|p2a: Rotom-Heat","|-damage|p2a: Rotom-Heat|46/303","|move|p2a: Rotom-Heat|Volt Switch|p1a: Gengar","|-damage|p1a: Gengar|143/261","|","|switch|p2a: Victini|Victini|298/341","|","|-weather|none","|turn|6","|","|switch|p1a: Weezing|Weezing, F|333/333","|move|p2a: Victini|Zen Headbutt|p1a: Weezing","|-supereffective|p1a: Weezing","|-damage|p1a: Weezing|165/333","|","|-heal|p1a: Weezing|185/333|[from] item: Leftovers","|turn|7","|","|move|p2a: Victini|Zen Headbutt|p1a: Weezing","|-supereffective|p1a: Weezing","|-damage|p1a: Weezing|41/333","|move|p1a: Weezing|Pain Split|p2a: Victini","|-sethp|p2a: Victini|169/341|p1a: Weezing|169/333|[from] move: Pain Split","|","|-heal|p1a: Weezing|189/333|[from] item: Leftovers","|turn|8","|","|move|p2a: Victini|Zen Headbutt|p1a: Weezing","|-supereffective|p1a: Weezing","|-damage|p1a: Weezing|45/333","|cant|p1a: Weezing|flinch","|","|-heal|p1a: Weezing|65/333|[from] item: Leftovers","|turn|9","|","|move|p2a: Victini|Zen Headbutt|p1a: Weezing","|-supereffective|p1a: Weezing","|-damage|p1a: Weezing|0 fnt","|faint|p1a: Weezing","|","|","|switch|p1a: Gengar|Gengar, M|143/261","|turn|10","|","|switch|p2a: Rotom-Heat|Rotom-Heat|46/303","|move|p1a: Gengar|Shadow Ball|p2a: Rotom-Heat","|-damage|p2a: Rotom-Heat|0 fnt","|faint|p2a: Rotom-Heat","|","|","|switch|p2a: Charizard|Charizard-Mega-Y, F|297/297","|-weather|SunnyDay","|turn|11","|","|switch|p2a: Victini|Victini|169/341","|move|p1a: Gengar|Shadow Ball|p2a: Victini","|-supereffective|p2a: Victini","|-damage|p2a: Victini|0 fnt","|faint|p2a: Victini","|","|-weather|SunnyDay|[upkeep]","|","|switch|p2a: Infernape|Infernape, F|293/293","|turn|12","|","|switch|p1a: Venusaur|Venusaur, F|363/363","|move|p2a: Infernape|Overheat|p1a: Venusaur","|-supereffective|p1a: Venusaur","|-damage|p1a: Venusaur|0 fnt","|-unboost|p2a: Infernape|spa|2","|faint|p1a: Venusaur","|","|-weather|SunnyDay|[upkeep]","|","|switch|p1a: Nidoking|Nidoking, M|303/303","|turn|13","|","|move|p2a: Infernape|Overheat|p1a: Nidoking","|-damage|p1a: Nidoking|156/303","|-unboost|p2a: Infernape|spa|2","|move|p1a: Nidoking|Stealth Rock|p2a: Infernape","|-sidestart|p2: xNailz|move: Stealth Rock","|","|-weather|SunnyDay|[upkeep]","|turn|14","|","|switch|p2a: Arcanine|Arcanine, F|381/381","|-damage|p2a: Arcanine|286/381|[from] Stealth Rock","|-ability|p2a: Arcanine|Intimidate","|-unboost|p1a: Nidoking|atk|1","|move|p1a: Nidoking|Ice Beam|p2a: Arcanine","|-resisted|p2a: Arcanine","|-damage|p2a: Arcanine|220/381","|","|-weather|SunnyDay|[upkeep]","|-heal|p2a: Arcanine|243/381|[from] item: Leftovers","|turn|15","|","|move|p2a: Arcanine|Extreme Speed|p1a: Nidoking","|-damage|p1a: Nidoking|75/303","|move|p1a: Nidoking|Earth Power|p2a: Arcanine","|-supereffective|p2a: Arcanine","|-damage|p2a: Arcanine|0 fnt","|faint|p2a: Arcanine","|","|-weather|none","|","|switch|p2a: Charizard|Charizard-Mega-Y, F|297/297","|-damage|p2a: Charizard|149/297|[from] Stealth Rock","|-weather|SunnyDay","|turn|16","|","|move|p2a: Charizard|Defog|p1a: Nidoking","|-unboost|p1a: Nidoking|evasion|1","|-sideend|p2: xNailz|Stealth Rock|[from] move: Defog|[of] p2a: Charizard","|move|p1a: Nidoking|Earth Power|p2a: Charizard","|-immune|p2a: Charizard|[msg]","|","|-weather|SunnyDay|[upkeep]","|turn|17","|","|move|p2a: Charizard|Flamethrower|p1a: Nidoking","|-damage|p1a: Nidoking|0 fnt","|faint|p1a: Nidoking","|","|-weather|SunnyDay|[upkeep]","|","|switch|p1a: Tentacruel|Tentacruel, M|304/363","|turn|18","|","|move|p2a: Charizard|Solar Beam|p1a: Tentacruel|[still]","|-prepare|p2a: Charizard|Solar Beam|p1a: Tentacruel","|-anim|p2a: Charizard|Solar Beam|p1a: Tentacruel","|-damage|p1a: Tentacruel|235/363","|move|p1a: Tentacruel|Acid Spray|p2a: Charizard","|-damage|p2a: Charizard|115/297","|-unboost|p2a: Charizard|spd|2","|","|-weather|SunnyDay|[upkeep]","|turn|19","|","|switch|p2a: Infernape|Infernape, F|293/293","|move|p1a: Tentacruel|Scald|p2a: Infernape","|-supereffective|p2a: Infernape","|-damage|p2a: Infernape|185/293","|","|-weather|SunnyDay|[upkeep]","|turn|20","|","|move|p2a: Infernape|Close Combat|p1a: Tentacruel","|-crit|p1a: Tentacruel","|-resisted|p1a: Tentacruel","|-damage|p1a: Tentacruel|51/363","|-unboost|p2a: Infernape|def|1","|-unboost|p2a: Infernape|spd|1","|move|p1a: Tentacruel|Sludge Bomb|p2a: Infernape","|-damage|p2a: Infernape|0 fnt","|faint|p2a: Infernape","|","|-weather|none","|","|switch|p2a: Charizard|Charizard-Mega-Y, F|115/297","|-weather|SunnyDay","|turn|21","|","|move|p2a: Charizard|Defog|p1a: Tentacruel","|-unboost|p1a: Tentacruel|evasion|1","|move|p1a: Tentacruel|Sludge Bomb|p2a: Charizard","|-crit|p2a: Charizard","|-damage|p2a: Charizard|1/297","|","|-weather|SunnyDay|[upkeep]","|turn|22","|","|move|p2a: Charizard|Defog|p1a: Tentacruel","|-unboost|p1a: Tentacruel|evasion|1","|move|p1a: Tentacruel|Sludge Bomb|p2a: Charizard","|-damage|p2a: Charizard|0 fnt","|faint|p2a: Charizard","|","|-weather|SunnyDay|[upkeep]","|","|switch|p2a: Chandelure|Chandelure, F|323/323","|turn|23","|","|move|p1a: Tentacruel|Sludge Bomb|p2a: Chandelure","|-resisted|p2a: Chandelure","|-damage|p2a: Chandelure|277/323","|move|p2a: Chandelure|Trick Room|p2a: Chandelure","|-fieldstart|move: Trick Room|[of] p2a: Chandelure","|","|-weather|SunnyDay|[upkeep]","|turn|24","|","|move|p2a: Chandelure|Shadow Ball|p1a: Tentacruel","|-damage|p1a: Tentacruel|0 fnt","|-damage|p2a: Chandelure|245/323|[from] item: Life Orb","|faint|p1a: Tentacruel","|","|-weather|SunnyDay|[upkeep]","|","|win|xNailz"],"p1rating":{"entryid":"262469","serverid":"eos","formatid":"monotype","userid":"kgbeast","username":"KGBeast","w":"9","l":10,"t":"0","gxe":49.4,"r":"1489.4556204522","rd":"76.454866708668","sigma":"0","rptime":"1441011600","rpr":1495.406708414,"rprd":73.581019505869,"rpsigma":"0","acre":1120.6977450104,"lacre":1120.6977450104,"oldacre":"1142.7225258959"},"p2rating":{"entryid":"114228","serverid":"eos","formatid":"monotype","userid":"xnailz","username":"xNailz","w":8,"l":"0","t":"0","gxe":72.6,"r":"1660.3839088803","rd":"100.76479209579","sigma":"0","rptime":"1441011600","rpr":1690.3037664068,"rprd":94.645068966361,"rpsigma":"0","acre":1206.292066899,"lacre":1206.292066899,"oldacre":"1184.2672860135"},"endType":"forfeit"}