{"seed":[14130,53626,17565,50405],"turns":26,"p1":"SL Lightoak","p2":"Knight Ryan","p1team":[{"name":"Scizor","species":"Scizor","item":"scizorite","ability":"Swarm","moves":["swordsdance","bulletpunch","xscissor","roost"],"nature":"","evs":{"hp":0,"atk":0,"def":0,"spa":0,"spd":0,"spe":0},"ivs":{"hp":31,"atk":31,"def":31,"spa":31,"spd":31,"spe":31}},{"name":"Empoleon","species":"Empoleon","item":"focussash","ability":"Torrent","moves":["grassknot","flashcannon","scald","blizzard"],"nature":"Modest","evs":{"hp":248,"atk":0,"def":252,"spa":0,"spd":8,"spe":0},"ivs":{"hp":31,"atk":31,"def":31,"spa":31,"spd":31,"spe":31}},{"name":"Doublade","species":"Doublade","item":"eviolite","ability":"No Guard","moves":["rockslide","sacredsword","shadowsneak","swordsdance"],"nature":"Adamant","evs":{"hp":248,"atk":252,"def":0,"spa":0,"spd":8,"spe":0},"ivs":{"hp":31,"atk":31,"def":31,"spa":31,"spd":31,"spe":31}},{"name":"Skarmory","species":"Skarmory","item":"rockyhelmet","ability":"Keen Eye","moves":["roost","sandstorm","ironhead","defog"],"nature":"","evs":{"hp":0,"atk":0,"def":0,"spa":0,"spd":0,"spe":0},"ivs":{"hp":31,"atk":31,"def":31,"spa":31,"spd":31,"spe":31}},{"name":"Excadrill","species":"Excadrill","item":"lifeorb","ability":"Sand Rush","moves":["earthquake","ironhead","rockslide","xscissor"],"nature":"Adamant","evs":{"hp":0,"atk":252,"def":0,"spa":0,"spd":4,"spe":252},"ivs":{"hp":31,"atk":31,"def":31,"spa":31,"spd":31,"spe":31}},{"name":"Bronzong","species":"Bronzong","item":"lightclay","ability":"Levitate","moves":["lightscreen","reflect","sandstorm","psychic"],"nature":"Calm","evs":{"hp":248,"atk":0,"def":0,"spa":8,"spd":252,"spe":0},"ivs":{"hp":31,"atk":31,"def":31,"spa":31,"spd":31,"spe":31}}],"p2team":[{"name":"Breloom","species":"Breloom","item":"lifeorb","ability":"Technician","moves":["machpunch","bulletseed","swordsdance","spore"],"nature":"Jolly","evs":{"hp":0,"atk":252,"def":0,"spa":0,"spd":4,"spe":252},"gender":"M","ivs":{"hp":31,"atk":31,"def":31,"spa":31,"spd":31,"spe":31}},{"name":"Trevenant","species":"Trevenant","item":"lumberry","ability":"Harvest","moves":["willowisp","calmmind","shadowball","leechseed"],"nature":"Bold","evs":{"hp":248,"atk":0,"def":252,"spa":8,"spd":0,"spe":0},"gender":"F","shiny":true,"ivs":{"hp":31,"atk":31,"def":31,"spa":31,"spd":31,"spe":31}},{"name":"Venusaur","species":"Venusaur","item":"venusaurite","ability":"Chlorophyll","moves":["gigadrain","sludgebomb","earthquake","growth"],"nature":"Mild","evs":{"hp":0,"atk":4,"def":0,"spa":252,"spd":0,"spe":252},"gender":"M","ivs":{"hp":31,"atk":31,"def":31,"spa":31,"spd":31,"spe":31}},{"name":"Rotom-Mow","species":"Rotom-Mow","item":"sitrusberry","ability":"Levitate","moves":["discharge","leafstorm","hiddenpowerice","toxic"],"nature":"Modest","evs":{"hp":248,"atk":0,"def":0,"spa":252,"spd":8,"spe":0},"ivs":{"hp":31,"atk":30,"def":30,"spa":31,"spd":31,"spe":31}},{"name":"Ferrothorn","species":"Ferrothorn","item":"rockyhelmet","ability":"Iron Barbs","moves":["curse","gyroball","stealthrock","spikes"],"nature":"Relaxed","evs":{"hp":248,"atk":8,"def":252,"spa":0,"spd":0,"spe":0},"gender":"F","ivs":{"hp":31,"atk":31,"def":31,"spa":31,"spd":31,"spe":0}},{"name":"Serperior","species":"Serperior","item":"sitrusberry","ability":"Contrary","moves":["dragonpulse","leafstorm","hiddenpowerfire","glare"],"nature":"Timid","evs":{"hp":0,"atk":0,"def":0,"spa":252,"spd":4,"spe":252},"gender":"M","ivs":{"hp":31,"atk":30,"def":31,"spa":30,"spd":31,"spe":30},"shiny":true}],"log":["|player|p1|SL Lightoak|lightofaknowing.png","|player|p2|Knight Ryan|170","|gametype|singles","|gen|6","|tier|Monotype","|rated","|rule|Baton Pass Clause: Limit one Baton Passer, can't pass Spe and other stats simultaneously","|rule|Swagger Clause: Swagger is banned","|rule|Same Type Clause: Pokémon in a team must share a type","|clearpoke","|poke|p1|Scizor, M","|poke|p1|Empoleon, F","|poke|p1|Doublade, F","|poke|p1|Skarmory, M","|poke|p1|Excadrill, F","|poke|p1|Bronzong","|poke|p2|Breloom, M","|poke|p2|Trevenant, F, shiny","|poke|p2|Venusaur, M","|poke|p2|Rotom-Mow","|poke|p2|Ferrothorn, F","|poke|p2|Serperior, M, shiny","|rule|Sleep Clause Mod: Limit one foe put to sleep","|rule|Species Clause: Limit one of each Pokémon","|rule|OHKO Clause: OHKO moves are banned","|rule|Moody Clause: Moody is banned","|rule|Evasion Moves Clause: Evasion moves are banned","|rule|Endless Battle Clause: Forcing endless battles is banned","|rule|HP Percentage Mod: HP is shown in percentages","|teampreview","|","|start","|switch|p1a: Bronzong|Bronzong|337/337","|switch|p2a: Rotom-Mow|Rotom-Mow|303/303","|turn|1","|","|move|p2a: Rotom-Mow|Discharge|p1a: Bronzong","|-damage|p1a: Bronzong|255/337","|move|p1a: Bronzong|Light Screen|p1a: Bronzong","|-sidestart|p1: SL Lightoak|move: Light Screen","|","|turn|2","|","|move|p2a: Rotom-Mow|Discharge|p1a: Bronzong","|-damage|p1a: Bronzong|211/337","|move|p1a: Bronzong|Reflect|p1a: Bronzong","|-sidestart|p1: SL Lightoak|Reflect","|","|turn|3","|","|move|p2a: Rotom-Mow|Discharge|p1a: Bronzong","|-damage|p1a: Bronzong|171/337","|move|p1a: Bronzong|Sandstorm|p1a: Bronzong","|-weather|Sandstorm","|","|-weather|Sandstorm|[upkeep]","|-damage|p2a: Rotom-Mow|285/303|[from] sandstorm","|turn|4","|","|move|p2a: Rotom-Mow|Discharge|p1a: Bronzong","|-damage|p1a: Bronzong|123/337","|move|p1a: Bronzong|Psychic|p2a: Rotom-Mow","|-damage|p2a: Rotom-Mow|203/303","|","|-weather|Sandstorm|[upkeep]","|-damage|p2a: Rotom-Mow|185/303|[from] sandstorm","|turn|5","|","|switch|p1a: Excadrill|Excadrill, F|361/361","|move|p2a: Rotom-Mow|Discharge|p1a: Excadrill","|-immune|p1a: Excadrill|[msg]","|","|-weather|Sandstorm|[upkeep]","|-damage|p2a: Rotom-Mow|167/303|[from] sandstorm","|turn|6","|","|move|p1a: Excadrill|Rock Slide|p2a: Rotom-Mow","|-damage|p2a: Rotom-Mow|44/303","|-damage|p1a: Excadrill|325/361|[from] item: Life Orb","|-enditem|p2a: Rotom-Mow|Sitrus Berry|[eat]","|-heal|p2a: Rotom-Mow|119/303|[from] item: Sitrus Berry","|move|p2a: Rotom-Mow|Leaf Storm|p1a: Excadrill","|-damage|p1a: Excadrill|160/361","|-unboost|p2a: Rotom-Mow|spa|2","|","|-weather|Sandstorm|[upkeep]","|-damage|p2a: Rotom-Mow|101/303|[from] sandstorm","|turn|7","|","|move|p1a: Excadrill|Rock Slide|p2a: Rotom-Mow","|-damage|p2a: Rotom-Mow|0 fnt","|-damage|p1a: Excadrill|124/361|[from] item: Life Orb","|faint|p2a: Rotom-Mow","|","|-weather|none","|","|switch|p2a: Breloom|Breloom, M|261/261","|turn|8","|","|switch|p1a: Bronzong|Bronzong|123/337","|move|p2a: Breloom|Mach Punch|p1a: Bronzong","|-damage|p1a: Bronzong|66/337","|-damage|p2a: Breloom|235/261|[from] item: Life Orb","|","|-sideend|p1: SL Lightoak|move: Light Screen","|turn|9","|","|move|p2a: Breloom|Spore|p1a: Bronzong","|-status|p1a: Bronzong|slp","|cant|p1a: Bronzong|slp","|","|-sideend|p1: SL Lightoak|Reflect","|turn|10","|","|switch|p1a: Skarmory|Skarmory, M|271/271","|move|p2a: Breloom|Bullet Seed|p1a: Skarmory","|-resisted|p1a: Skarmory","|-damage|p1a: Skarmory|254/271","|-crit|p1a: Skarmory","|-resisted|p1a: Skarmory","|-damage|p1a: Skarmory|232/271","|-hitcount|p1a: Skarmory|2","|-damage|p2a: Breloom|209/261|[from] item: Life Orb","|","|turn|11","|","|switch|p2a: Ferrothorn|Ferrothorn, F|351/351","|move|p1a: Skarmory|Sandstorm|p1a: Skarmory","|-weather|Sandstorm","|","|-weather|Sandstorm|[upkeep]","|turn|12","|","|switch|p1a: Excadrill|Excadrill, F|124/361","|move|p2a: Ferrothorn|Curse|p2a: Ferrothorn","|-unboost|p2a: Ferrothorn|spe|1","|-boost|p2a: Ferrothorn|atk|1","|-boost|p2a: Ferrothorn|def|1","|","|-weather|Sandstorm|[upkeep]","|turn|13","|","|move|p1a: Excadrill|Earthquake|p2a: Ferrothorn","|-damage|p2a: Ferrothorn|238/351","|-damage|p1a: Excadrill|88/361|[from] item: Life Orb","|move|p2a: Ferrothorn|Stealth Rock|p1a: Excadrill","|-sidestart|p1: SL Lightoak|move: Stealth Rock","|","|-weather|Sandstorm|[upkeep]","|turn|14","|","|move|p1a: Excadrill|Earthquake|p2a: Ferrothorn","|-damage|p2a: Ferrothorn|135/351","|-damage|p1a: Excadrill|52/361|[from] item: Life Orb","|move|p2a: Ferrothorn|Spikes|p1a: Excadrill","|-sidestart|p1: SL Lightoak|Spikes","|","|-weather|Sandstorm|[upkeep]","|turn|15","|","|move|p1a: Excadrill|Earthquake|p2a: Ferrothorn","|-damage|p2a: Ferrothorn|25/351","|-damage|p1a: Excadrill|16/361|[from] item: Life Orb","|move|p2a: Ferrothorn|Spikes|p1a: Excadrill","|-sidestart|p1: SL Lightoak|Spikes","|","|-weather|none","|turn|16","|","|move|p1a: Excadrill|Earthquake|p2a: Ferrothorn","|-damage|p2a: Ferrothorn|0 fnt","|-damage|p1a: Excadrill|0 fnt|[from] item: Life Orb","|faint|p2a: Ferrothorn","|faint|p1a: Excadrill","|","|","|switch|p2a: Serperior|Serperior, M, shiny|291/291","|switch|p1a: Skarmory|Skarmory, M|232/271","|-damage|p1a: Skarmory|199/271|[from] Stealth Rock","|turn|17","|","|move|p2a: Serperior|Glare|p1a: Skarmory","|-status|p1a: Skarmory|par","|move|p1a: Skarmory|Defog|p2a: Serperior","|-boost|p2a: Serperior|evasion|1","|-sideend|p1: SL Lightoak|Spikes|[from] move: Defog|[of] p1a: Skarmory","|-sideend|p1: SL Lightoak|Stealth Rock|[from] move: Defog|[of] p1a: Skarmory","|","|turn|18","|","|move|p2a: Serperior|Leaf Storm|p1a: Skarmory|[miss]","|-miss|p2a: Serperior|p1a: Skarmory","|move|p1a: Skarmory|Sandstorm|p1a: Skarmory","|-weather|Sandstorm","|","|-weather|Sandstorm|[upkeep]","|-damage|p2a: Serperior|273/291|[from] sandstorm","|turn|19","|","|move|p2a: Serperior|Leaf Storm|p1a: Skarmory","|-resisted|p1a: Skarmory","|-damage|p1a: Skarmory|148/271 par","|-boost|p2a: Serperior|spa|2","|move|p1a: Skarmory|Iron Head|p2a: Serperior","|-crit|p2a: Serperior","|-damage|p2a: Serperior|144/291","|-enditem|p2a: Serperior|Sitrus Berry|[eat]","|-heal|p2a: Serperior|216/291|[from] item: Sitrus Berry","|","|-weather|Sandstorm|[upkeep]","|-damage|p2a: Serperior|198/291|[from] sandstorm","|turn|20","|","|move|p2a: Serperior|Leaf Storm|p1a: Skarmory","|-resisted|p1a: Skarmory","|-damage|p1a: Skarmory|48/271 par","|-boost|p2a: Serperior|spa|2","|move|p1a: Skarmory|Roost|p1a: Skarmory","|-heal|p1a: Skarmory|184/271 par","|","|-weather|Sandstorm|[upkeep]","|-damage|p2a: Serperior|180/291|[from] sandstorm","|turn|21","|","|move|p2a: Serperior|Hidden Power|p1a: Skarmory","|-supereffective|p1a: Skarmory","|-damage|p1a: Skarmory|0 fnt","|faint|p1a: Skarmory","|","|-weather|Sandstorm|[upkeep]","|-damage|p2a: Serperior|162/291|[from] sandstorm","|","|switch|p1a: Empoleon|Empoleon, F|371/371","|turn|22","|","|move|p2a: Serperior|Glare|p1a: Empoleon","|-status|p1a: Empoleon|par","|move|p1a: Empoleon|Blizzard|p2a: Serperior","|-miss|p1a: Empoleon|p2a: Serperior","|","|-weather|none","|turn|23","|","|move|p2a: Serperior|Leaf Storm|p1a: Empoleon","|-enditem|p1a: Empoleon|Focus Sash","|-damage|p1a: Empoleon|1/371 par","|-boost|p2a: Serperior|spa|2","|move|p1a: Empoleon|Blizzard|p2a: Serperior","|-miss|p1a: Empoleon|p2a: Serperior","|","|turn|24","|","|move|p2a: Serperior|Hidden Power|p1a: Empoleon","|-damage|p1a: Empoleon|0 fnt","|faint|p1a: Empoleon","|","|","|switch|p1a: Doublade|Doublade, F|321/321","|turn|25","|","|move|p2a: Serperior|Hidden Power|p1a: Doublade","|-supereffective|p1a: Doublade","|-damage|p1a: Doublade|0 fnt","|faint|p1a: Doublade","|","|","|switch|p1a: Scizor|Scizor, M|281/281","|turn|26","|","|detailschange|p1a: Scizor|Scizor-Mega, M","|-mega|p1a: Scizor|Scizor|Scizorite","|move|p1a: Scizor|Bullet Punch|p2a: Serperior","|-damage|p2a: Serperior|59/291","|move|p2a: Serperior|Hidden Power|p1a: Scizor","|-supereffective|p1a: Scizor","|-damage|p1a: Scizor|0 fnt","|faint|p1a: Scizor","|","|","|win|Knight Ryan"],"p1rating":{"entryid":"530913","serverid":"eos","formatid":"monotype","userid":"sllightoak","username":"SL Lightoak","w":"8","l":11,"t":"0","gxe":44.8,"r":"1474.1379655901","rd":"75.500083853038","sigma":"0","rptime":"1441011600","rpr":1460.1718747546,"rprd":71.204528026615,"rpsigma":"0","acre":1038.0404751186,"lacre":1038.0404751186,"oldacre":"1055.3745889845"},"p2rating":{"entryid":"680905","serverid":"eos","formatid":"monotype","userid":"knightryan","username":"Knight Ryan","w":6,"l":"9","t":"0","gxe":44.4,"r":"1403.8094993324","rd":"97.799903656578","sigma":"0","rptime":"1441011600","rpr":1456.8161922868,"rprd":77.352181645823,"rpsigma":"0","acre":1101.2290454518,"lacre":1101.2290454518,"oldacre":"1073.8410897217"},"endType":"forfeit"}