{"seed":[9985,10236,5468,42754],"turns":27,"p1":"Void Neo","p2":"Emg UnownMaN","p1team":[{"name":"Miller","species":"skarmory","item":"rockyhelmet","ability":"Sturdy","moves":["bravebird","stealthrock","whirlwind","roost"],"nature":"Impish","evs":{"hp":248,"atk":0,"def":252,"spa":0,"spd":0,"spe":8},"ivs":{"hp":31,"atk":31,"def":31,"spa":31,"spd":31,"spe":31}},{"name":"Andrea","species":"togekiss","item":"choicescarf","ability":"Serene Grace","moves":["airslash","dazzlinggleam","aurasphere","trick"],"nature":"Timid","evs":{"hp":4,"atk":0,"def":0,"spa":252,"spd":0,"spe":252},"ivs":{"hp":31,"atk":31,"def":31,"spa":31,"spd":31,"spe":31}},{"name":"Cyron","species":"zapdos","item":"leftovers","ability":"Pressure","moves":["discharge","heatwave","defog","roost"],"nature":"Calm","evs":{"hp":252,"atk":0,"def":0,"spa":4,"spd":252,"spe":0},"ivs":{"hp":31,"atk":31,"def":31,"spa":31,"spd":31,"spe":31}},{"name":"Ohnta","species":"gyarados","item":"gyaradosite","ability":"Intimidate","moves":["dragondance","substitute","icefang","earthquake"],"nature":"Jolly","evs":{"hp":0,"atk":252,"def":0,"spa":0,"spd":4,"spe":252},"ivs":{"hp":31,"atk":31,"def":31,"spa":31,"spd":31,"spe":31}},{"name":"Rafique","species":"landorustherian","item":"choicescarf","ability":"Intimidate","moves":["uturn","earthquake","stoneedge","knockoff"],"nature":"Jolly","evs":{"hp":0,"atk":252,"def":0,"spa":0,"spd":4,"spe":252},"ivs":{"hp":31,"atk":31,"def":31,"spa":31,"spd":31,"spe":31}},{"name":"Shari","species":"dragonite","item":"choiceband","ability":"Multiscale","moves":["outrage","firepunch","brickbreak","extremespeed"],"nature":"Adamant","evs":{"hp":4,"atk":252,"def":0,"spa":0,"spd":0,"spe":252},"ivs":{"hp":31,"atk":31,"def":31,"spa":31,"spd":31,"spe":31}}],"p2team":[{"name":"Diggersby","species":"Diggersby","item":"focussash","ability":"Huge Power","moves":["return","earthquake","knockoff","firepunch"],"nature":"Adamant","evs":{"hp":0,"atk":252,"def":4,"spa":0,"spd":0,"spe":252},"gender":"M","ivs":{"hp":31,"atk":31,"def":31,"spa":31,"spd":31,"spe":31}},{"name":"Lopunny","species":"Lopunny","item":"lopunnite","ability":"Limber","moves":["fakeout","return","highjumpkick","icepunch"],"nature":"Jolly","evs":{"hp":0,"atk":252,"def":4,"spa":0,"spd":0,"spe":252},"gender":"F","ivs":{"hp":31,"atk":31,"def":31,"spa":31,"spd":31,"spe":31}},{"name":"Smeargle","species":"Smeargle","item":"focussash","ability":"Own Tempo","moves":["spore","stealthrock","stickyweb","endeavor"],"nature":"Jolly","evs":{"hp":0,"atk":252,"def":0,"spa":4,"spd":0,"spe":252},"gender":"M","ivs":{"hp":31,"atk":31,"def":31,"spa":31,"spd":31,"spe":31}},{"name":"Staraptor","species":"Staraptor","item":"choiceband","ability":"Reckless","moves":["bravebird","doubleedge","closecombat","quickattack"],"nature":"Jolly","evs":{"hp":0,"atk":252,"def":4,"spa":0,"spd":0,"spe":252},"gender":"M","shiny":true,"ivs":{"hp":31,"atk":31,"def":31,"spa":31,"spd":31,"spe":31}},{"name":"Chansey","species":"Chansey","item":"eviolite","ability":"Natural Cure","moves":["thunderwave","softboiled","seismictoss","aromatherapy"],"nature":"Bold","evs":{"hp":4,"atk":0,"def":252,"spa":0,"spd":252,"spe":0},"ivs":{"hp":31,"atk":31,"def":31,"spa":31,"spd":31,"spe":31}},{"name":"Heliolisk","species":"Heliolisk","item":"lifeorb","ability":"Dry Skin","moves":["thunderbolt","hypervoice","surf","voltswitch"],"nature":"Timid","evs":{"hp":0,"atk":0,"def":0,"spa":252,"spd":4,"spe":252},"gender":"M","shiny":true,"ivs":{"hp":31,"atk":31,"def":31,"spa":31,"spd":31,"spe":31}}],"log":["|player|p1|Void Neo|voidneo.png","|player|p2|Emg UnownMaN|168","|gametype|singles","|gen|6","|tier|Monotype","|rated","|rule|Baton Pass Clause: Limit one Baton Passer, can't pass Spe and other stats simultaneously","|rule|Swagger Clause: Swagger is banned","|rule|Same Type Clause: Pokémon in a team must share a type","|clearpoke","|poke|p1|Skarmory, F","|poke|p1|Togekiss, F","|poke|p1|Zapdos","|poke|p1|Gyarados, F","|poke|p1|Landorus-Therian, M","|poke|p1|Dragonite, F","|poke|p2|Diggersby, M","|poke|p2|Lopunny, F","|poke|p2|Smeargle, M","|poke|p2|Staraptor, M, shiny","|poke|p2|Chansey, F","|poke|p2|Heliolisk, M, shiny","|rule|Sleep Clause Mod: Limit one foe put to sleep","|rule|Species Clause: Limit one of each Pokémon","|rule|OHKO Clause: OHKO moves are banned","|rule|Moody Clause: Moody is banned","|rule|Evasion Moves Clause: Evasion moves are banned","|rule|Endless Battle Clause: Forcing endless battles is banned","|rule|HP Percentage Mod: HP is shown in percentages","|teampreview","|","|start","|switch|p1a: Andrea|Togekiss, F|312/312","|switch|p2a: Heliolisk|Heliolisk, M, shiny|265/265","|turn|1","|","|switch|p1a: Cyron|Zapdos|384/384","|-ability|p1a: Cyron|Pressure","|move|p2a: Heliolisk|Volt Switch|p1a: Cyron","|-damage|p1a: Cyron|270/384","|-damage|p2a: Heliolisk|239/265|[from] item: Life Orb","|","|switch|p2a: Staraptor|Staraptor, M, shiny|311/311","|","|-heal|p1a: Cyron|294/384|[from] item: Leftovers","|turn|2","|","|switch|p2a: Diggersby|Diggersby, M|311/311","|switch|p1a: Miller|Skarmory, F|333/333","|","|turn|3","|","|switch|p2a: Smeargle|Smeargle, M|251/251","|move|p1a: Miller|Stealth Rock|p2a: Smeargle","|-sidestart|p2: Emg UnownMaN|move: Stealth Rock","|","|turn|4","|","|move|p2a: Smeargle|Spore|p1a: Miller","|-status|p1a: Miller|slp","|cant|p1a: Miller|slp","|","|turn|5","|","|switch|p2a: Staraptor|Staraptor, M, shiny|311/311","|-damage|p2a: Staraptor|234/311|[from] Stealth Rock","|switch|p1a: Andrea|Togekiss, F|312/312","|","|turn|6","|","|move|p1a: Andrea|Air Slash|p2a: Staraptor","|-damage|p2a: Staraptor|51/311","|move|p2a: Staraptor|Double-Edge|p1a: Andrea","|-damage|p1a: Andrea|0 fnt","|-damage|p2a: Staraptor|0 fnt|[from] recoil|[of] p1a: Andrea","|faint|p1a: Andrea","|faint|p2a: Staraptor","|","|","|switch|p2a: Lopunny|Lopunny, F|271/271","|switch|p1a: Shari|Dragonite, F|324/324","|-damage|p2a: Lopunny|238/271|[from] Stealth Rock","|turn|7","|","|switch|p1a: Rafique|Landorus-Therian, M|319/319","|-ability|p1a: Rafique|Intimidate","|-unboost|p2a: Lopunny|atk|1","|detailschange|p2a: Lopunny|Lopunny-Mega, F","|-mega|p2a: Lopunny|Lopunny|Lopunnite","|move|p2a: Lopunny|Fake Out|p1a: Rafique","|-damage|p1a: Rafique|264/319","|","|turn|8","|","|move|p1a: Rafique|U-turn|p2a: Lopunny","|-resisted|p2a: Lopunny","|-damage|p2a: Lopunny|191/271","|","|switch|p1a: Miller|Skarmory, F|333/333 slp","|move|p2a: Lopunny|Ice Punch|p1a: Miller","|-damage|p1a: Miller|300/333 slp","|-damage|p2a: Lopunny|146/271|[from] item: Rocky Helmet|[of] p1a: Miller","|","|turn|9","|","|switch|p2a: Heliolisk|Heliolisk, M, shiny|239/265","|-damage|p2a: Heliolisk|206/265|[from] Stealth Rock","|cant|p1a: Miller|slp","|","|turn|10","|","|switch|p1a: Cyron|Zapdos|294/384","|-ability|p1a: Cyron|Pressure","|move|p2a: Heliolisk|Surf|p1a: Cyron","|-damage|p1a: Cyron|195/384","|-damage|p2a: Heliolisk|180/265|[from] item: Life Orb","|","|-heal|p1a: Cyron|219/384|[from] item: Leftovers","|turn|11","|","|switch|p1a: Rafique|Landorus-Therian, M|264/319","|-ability|p1a: Rafique|Intimidate","|-unboost|p2a: Heliolisk|atk|1","|move|p2a: Heliolisk|Thunderbolt|p1a: Rafique","|-immune|p1a: Rafique|[msg]","|","|turn|12","|","|move|p1a: Rafique|Earthquake|p2a: Heliolisk","|-supereffective|p2a: Heliolisk","|-damage|p2a: Heliolisk|0 fnt","|faint|p2a: Heliolisk","|","|","|switch|p2a: Diggersby|Diggersby, M|311/311","|-damage|p2a: Diggersby|292/311|[from] Stealth Rock","|turn|13","|","|switch|p1a: Miller|Skarmory, F|300/333 slp","|move|p2a: Diggersby|Knock Off|p1a: Miller","|-damage|p1a: Miller|208/333 slp","|-damage|p2a: Diggersby|241/311|[from] item: Rocky Helmet|[of] p1a: Miller","|-enditem|p1a: Miller|Rocky Helmet|[from] move: Knock Off|[of] p2a: Diggersby","|","|turn|14","|","|move|p2a: Diggersby|Fire Punch|p1a: Miller","|-supereffective|p1a: Miller","|-damage|p1a: Miller|80/333 slp","|-curestatus|p1a: Miller|slp","|move|p1a: Miller|Whirlwind|p2a: Diggersby","|drag|p2a: Smeargle|Smeargle, M|251/251","|-damage|p2a: Smeargle|220/251|[from] Stealth Rock","|","|turn|15","|","|move|p2a: Smeargle|Stealth Rock|p1a: Miller","|-sidestart|p1: Void Neo|move: Stealth Rock","|move|p1a: Miller|Roost|p1a: Miller","|-heal|p1a: Miller|247/333","|","|turn|16","|","|move|p2a: Smeargle|Endeavor|p1a: Miller","|-damage|p1a: Miller|220/333","|move|p1a: Miller|Whirlwind|p2a: Smeargle","|drag|p2a: Diggersby|Diggersby, M|241/311","|-damage|p2a: Diggersby|222/311|[from] Stealth Rock","|","|turn|17","|","|move|p2a: Diggersby|Knock Off|p1a: Miller","|-damage|p1a: Miller|161/333","|move|p1a: Miller|Brave Bird|p2a: Diggersby","|-damage|p2a: Diggersby|78/311","|-damage|p1a: Miller|113/333|[from] recoil|[of] p2a: Diggersby","|","|turn|18","|","|move|p2a: Diggersby|Fire Punch|p1a: Miller","|-supereffective|p1a: Miller","|-damage|p1a: Miller|0 fnt","|faint|p1a: Miller","|","|","|switch|p1a: Rafique|Landorus-Therian, M|264/319","|-damage|p1a: Rafique|225/319|[from] Stealth Rock","|-ability|p1a: Rafique|Intimidate","|-unboost|p2a: Diggersby|atk|1","|turn|19","|","|move|p1a: Rafique|Earthquake|p2a: Diggersby","|-damage|p2a: Diggersby|0 fnt","|faint|p2a: Diggersby","|","|","|switch|p2a: Chansey|Chansey, F|642/642","|-damage|p2a: Chansey|562/642|[from] Stealth Rock","|turn|20","|","|move|p1a: Rafique|Earthquake|p2a: Chansey","|-damage|p2a: Chansey|303/642","|move|p2a: Chansey|Seismic Toss|p1a: Rafique","|-damage|p1a: Rafique|125/319","|","|turn|21","|","|switch|p1a: Shari|Dragonite, F|324/324","|-damage|p1a: Shari|243/324|[from] Stealth Rock","|move|p2a: Chansey|Seismic Toss|p1a: Shari","|-damage|p1a: Shari|143/324","|","|turn|22","|","|move|p1a: Shari|Brick Break|p2a: Chansey","|-supereffective|p2a: Chansey","|-damage|p2a: Chansey|0 fnt","|faint|p2a: Chansey","|","|","|switch|p2a: Smeargle|Smeargle, M|220/251","|-damage|p2a: Smeargle|189/251|[from] Stealth Rock","|turn|23","|","|switch|p1a: Cyron|Zapdos|219/384","|-damage|p1a: Cyron|123/384|[from] Stealth Rock","|-ability|p1a: Cyron|Pressure","|move|p2a: Smeargle|Spore|p1a: Cyron","|-status|p1a: Cyron|slp","|","|-heal|p1a: Cyron|147/384 slp|[from] item: Leftovers","|turn|24","|","|switch|p2a: Lopunny|Lopunny-Mega, F|146/271","|-damage|p2a: Lopunny|130/271|[from] Stealth Rock","|switch|p1a: Ohnta|Gyarados, F|331/331","|-damage|p1a: Ohnta|249/331|[from] Stealth Rock","|-ability|p1a: Ohnta|Intimidate","|-unboost|p2a: Lopunny|atk|1","|","|turn|25","|","|switch|p1a: Rafique|Landorus-Therian, M|125/319","|-damage|p1a: Rafique|86/319|[from] Stealth Rock","|-ability|p1a: Rafique|Intimidate","|-unboost|p2a: Lopunny|atk|1","|move|p2a: Lopunny|Fake Out|p1a: Rafique","|-damage|p1a: Rafique|44/319","|","|turn|26","|","|switch|p2a: Smeargle|Smeargle, M|189/251","|-damage|p2a: Smeargle|158/251|[from] Stealth Rock","|move|p1a: Rafique|Earthquake|p2a: Smeargle","|-damage|p2a: Smeargle|0 fnt","|faint|p2a: Smeargle","|","|","|switch|p2a: Lopunny|Lopunny-Mega, F|130/271","|-damage|p2a: Lopunny|114/271|[from] Stealth Rock","|turn|27","|","|move|p1a: Rafique|Earthquake|p2a: Lopunny","|-damage|p2a: Lopunny|0 fnt","|faint|p2a: Lopunny","|","|win|Void Neo"],"p1rating":{"entryid":"413977","serverid":"eos","formatid":"monotype","userid":"voidneo","username":"Void Neo","w":27,"l":"3","t":"0","gxe":80.5,"r":"1752.692490646","rd":"66.349776160969","sigma":"0","rptime":"1441011600","rpr":1771.3050124682,"rprd":63.586359593775,"rpsigma":"0","acre":1392.1520457533,"lacre":1392.1520457533,"oldacre":"1383.3920266638"},"p2rating":{"entryid":"180774","serverid":"eos","formatid":"monotype","userid":"emgunownman","username":"Emg UnownMaN","w":"10","l":9,"t":"0","gxe":50.8,"r":"1488.4238960878","rd":"76.688062113569","sigma":"0","rptime":"1441011600","rpr":1506.4526883806,"rprd":72.637507265478,"rpsigma":"0","acre":1151.5597198986,"lacre":1151.5597198986,"oldacre":"1162.5097437605"},"endType":"normal"}