{"seed":[48854,46351,63716,48351],"turns":29,"p1":"Apex Salamence","p2":"OkamiNine","p1team":[{"name":"Typhoon","species":"gyarados","item":"gyaradosite","ability":"Intimidate","moves":["crunch","dragondance","earthquake","waterfall"],"nature":"Adamant","evs":{"hp":0,"atk":252,"def":0,"spa":0,"spd":4,"spe":252},"gender":"M","shiny":true,"ivs":{"hp":31,"atk":31,"def":31,"spa":31,"spd":31,"spe":31}},{"name":"Porunga","species":"dragonite","item":"weaknesspolicy","ability":"Multiscale","moves":["dragonclaw","dragondance","extremespeed","fly"],"nature":"Adamant","evs":{"hp":0,"atk":252,"def":0,"spa":0,"spd":4,"spe":252},"gender":"M","shiny":true,"ivs":{"hp":31,"atk":31,"def":31,"spa":31,"spd":31,"spe":31}},{"name":"Jupiter","species":"thundurus","item":"lifeorb","ability":"Prankster","moves":["nastyplot","thunderbolt","hiddenpowerice","thunderwave"],"nature":"Timid","evs":{"hp":0,"atk":0,"def":0,"spa":252,"spd":4,"spe":252},"ivs":{"hp":31,"atk":30,"def":30,"spa":31,"spd":31,"spe":31},"shiny":true},{"name":"Cherokee","species":"xatu","item":"leftovers","ability":"Magic Bounce","moves":["haze","heatwave","nightshade","roost"],"nature":"Calm","evs":{"hp":252,"atk":0,"def":0,"spa":4,"spd":252,"spe":0},"gender":"M","shiny":true,"ivs":{"hp":31,"atk":31,"def":31,"spa":31,"spd":31,"spe":31}},{"name":"DEATH","species":"togekiss","item":"leftovers","ability":"Serene Grace","moves":["airslash","thunderwave","nastyplot","wish"],"nature":"Calm","evs":{"hp":252,"atk":0,"def":0,"spa":4,"spd":252,"spe":0},"gender":"F","shiny":true,"ivs":{"hp":31,"atk":31,"def":31,"spa":31,"spd":31,"spe":31}},{"name":"Gliscor","species":"Gliscor","item":"toxicorb","ability":"Poison Heal","moves":["aerialace","earthquake","protect","toxic"],"nature":"Impish","evs":{"hp":248,"atk":0,"def":188,"spa":0,"spd":0,"spe":72},"ivs":{"hp":31,"atk":31,"def":31,"spa":31,"spd":31,"spe":31}}],"p2team":[{"name":"Venus","species":"ferrothorn","item":"leftovers","ability":"Iron Barbs","moves":["powerwhip","protect","spikes","leechseed"],"nature":"Relaxed","evs":{"hp":248,"atk":0,"def":88,"spa":0,"spd":168,"spe":0},"gender":"F","shiny":true,"ivs":{"hp":31,"atk":31,"def":31,"spa":31,"spd":31,"spe":31}},{"name":"Maria","species":"skarmory","item":"rockyhelmet","ability":"Sturdy","moves":["roost","defog","bravebird","whirlwind"],"nature":"Impish","evs":{"hp":248,"atk":0,"def":236,"spa":0,"spd":0,"spe":24},"gender":"F","shiny":true,"ivs":{"hp":31,"atk":31,"def":31,"spa":31,"spd":31,"spe":31}},{"name":"Big Boss","species":"heatran","item":"leftovers","ability":"Flash Fire","moves":["lavaplume","taunt","stealthrock","earthpower"],"nature":"Calm","evs":{"hp":248,"atk":0,"def":0,"spa":0,"spd":192,"spe":68},"gender":"M","ivs":{"hp":31,"atk":31,"def":31,"spa":31,"spd":31,"spe":31}},{"name":"Holy Duo","species":"doublade","item":"eviolite","ability":"No Guard","moves":["swordsdance","shadowsneak","sacredsword","gyroball"],"nature":"Brave","evs":{"hp":240,"atk":252,"def":0,"spa":0,"spd":16,"spe":0},"gender":"M","ivs":{"hp":31,"atk":31,"def":31,"spa":31,"spd":31,"spe":0},"shiny":true},{"name":"U.F.O 3829","species":"magnezone","item":"choicescarf","ability":"Magnet Pull","moves":["hiddenpowerfire","flashcannon","voltswitch","thunderbolt"],"nature":"Timid","evs":{"hp":0,"atk":0,"def":0,"spa":252,"spd":4,"spe":252},"ivs":{"hp":31,"atk":30,"def":31,"spa":30,"spd":31,"spe":30}},{"name":"Lizzy","species":"scizor","item":"scizorite","ability":"Technician","moves":["roost","swordsdance","bulletpunch","knockoff"],"nature":"Impish","evs":{"hp":248,"atk":44,"def":16,"spa":0,"spd":200,"spe":0},"gender":"F","ivs":{"hp":31,"atk":31,"def":31,"spa":31,"spd":31,"spe":31}}],"log":["|player|p1|Apex Salamence|1","|player|p2|OkamiNine|146","|gametype|singles","|gen|6","|tier|Monotype","|rated","|rule|Baton Pass Clause: Limit one Baton Passer, can't pass Spe and other stats simultaneously","|rule|Swagger Clause: Swagger is banned","|rule|Same Type Clause: Pokémon in a team must share a type","|clearpoke","|poke|p1|Gyarados, M, shiny","|poke|p1|Dragonite, M, shiny","|poke|p1|Thundurus, M, shiny","|poke|p1|Xatu, M, shiny","|poke|p1|Togekiss, F, shiny","|poke|p1|Gliscor, F","|poke|p2|Ferrothorn, F, shiny","|poke|p2|Skarmory, F, shiny","|poke|p2|Heatran, M","|poke|p2|Doublade, M, shiny","|poke|p2|Magnezone","|poke|p2|Scizor, F","|rule|Sleep Clause Mod: Limit one foe put to sleep","|rule|Species Clause: Limit one of each Pokémon","|rule|OHKO Clause: OHKO moves are banned","|rule|Moody Clause: Moody is banned","|rule|Evasion Moves Clause: Evasion moves are banned","|rule|Endless Battle Clause: Forcing endless battles is banned","|rule|HP Percentage Mod: HP is shown in percentages","|teampreview","|","|start","|switch|p1a: Jupiter|Thundurus, M, shiny|299/299","|switch|p2a: Venus|Ferrothorn, F, shiny|351/351","|turn|1","|","|switch|p1a: Cherokee|Xatu, M, shiny|334/334","|move|p2a: Venus|Leech Seed|p1a: Cherokee","|move|p1a: Cherokee|Leech Seed|p2a: Venus|[from]Magic Bounce","|-immune|p2a: Venus|[msg]","|","|turn|2","|","|switch|p2a: Lizzy|Scizor, F|343/343","|move|p1a: Cherokee|Heat Wave|p2a: Lizzy","|-miss|p1a: Cherokee|p2a: Lizzy","|","|turn|3","|","|detailschange|p2a: Lizzy|Scizor-Mega, F","|-mega|p2a: Lizzy|Scizor|Scizorite","|move|p1a: Cherokee|Heat Wave|p2a: Lizzy","|-supereffective|p2a: Lizzy","|-damage|p2a: Lizzy|123/343","|-status|p2a: Lizzy|brn","|move|p2a: Lizzy|Knock Off|p1a: Cherokee","|-supereffective|p1a: Cherokee","|-damage|p1a: Cherokee|172/334","|-enditem|p1a: Cherokee|Leftovers|[from] move: Knock Off|[of] p2a: Lizzy","|","|-damage|p2a: Lizzy|81/343 brn|[from] brn","|turn|4","|","|switch|p2a: Big Boss|Heatran, M|385/385","|move|p1a: Cherokee|Night Shade|p2a: Big Boss","|-damage|p2a: Big Boss|285/385","|","|-heal|p2a: Big Boss|309/385|[from] item: Leftovers","|turn|5","|player|p2","|player|p2|OkamiNine|146","|","|move|p1a: Cherokee|Roost|p1a: Cherokee","|-heal|p1a: Cherokee|334/334","|move|p2a: Big Boss|Lava Plume|p1a: Cherokee","|-damage|p1a: Cherokee|237/334","|","|-heal|p2a: Big Boss|333/385|[from] item: Leftovers","|turn|6","|","|move|p1a: Cherokee|Night Shade|p2a: Big Boss","|-damage|p2a: Big Boss|233/385","|move|p2a: Big Boss|Lava Plume|p1a: Cherokee","|-damage|p1a: Cherokee|129/334","|","|-heal|p2a: Big Boss|257/385|[from] item: Leftovers","|turn|7","|","|move|p1a: Cherokee|Roost|p1a: Cherokee","|-heal|p1a: Cherokee|296/334","|move|p2a: Big Boss|Lava Plume|p1a: Cherokee","|-damage|p1a: Cherokee|190/334","|-status|p1a: Cherokee|brn","|","|-heal|p2a: Big Boss|281/385|[from] item: Leftovers","|-damage|p1a: Cherokee|149/334 brn|[from] brn","|turn|8","|","|move|p1a: Cherokee|Roost|p1a: Cherokee","|-heal|p1a: Cherokee|316/334 brn","|move|p2a: Big Boss|Lava Plume|p1a: Cherokee","|-damage|p1a: Cherokee|205/334 brn","|","|-heal|p2a: Big Boss|305/385|[from] item: Leftovers","|-damage|p1a: Cherokee|164/334 brn|[from] brn","|turn|9","|","|switch|p2a: Lizzy|Scizor-Mega, F|81/343 brn","|move|p1a: Cherokee|Night Shade|p2a: Lizzy","|-damage|p2a: Lizzy|0 fnt","|faint|p2a: Lizzy","|","|-damage|p1a: Cherokee|123/334 brn|[from] brn","|","|switch|p2a: Holy Duo|Doublade, M, shiny|319/319","|turn|10","|","|move|p1a: Cherokee|Haze|p1a: Cherokee","|-clearallboost","|move|p2a: Holy Duo|Swords Dance|p2a: Holy Duo","|-boost|p2a: Holy Duo|atk|2","|","|-damage|p1a: Cherokee|82/334 brn|[from] brn","|turn|11","|","|move|p2a: Holy Duo|Shadow Sneak|p1a: Cherokee","|-supereffective|p1a: Cherokee","|-damage|p1a: Cherokee|0 fnt","|faint|p1a: Cherokee","|","|","|switch|p1a: Gliscor|Gliscor, F|353/353","|turn|12","|","|move|p1a: Gliscor|Earthquake|p2a: Holy Duo","|-supereffective|p2a: Holy Duo","|-damage|p2a: Holy Duo|209/319","|move|p2a: Holy Duo|Gyro Ball|p1a: Gliscor","|-damage|p1a: Gliscor|131/353","|","|-status|p1a: Gliscor|tox|[from] item: Toxic Orb","|turn|13","|","|move|p1a: Gliscor|Protect|p1a: Gliscor","|-singleturn|p1a: Gliscor|Protect","|move|p2a: Holy Duo|Gyro Ball|p1a: Gliscor","|-activate|p1a: Gliscor|Protect","|","|-heal|p1a: Gliscor|175/353 tox|[from] ability: Poison Heal","|turn|14","|","|move|p1a: Gliscor|Earthquake|p2a: Holy Duo","|-supereffective|p2a: Holy Duo","|-damage|p2a: Holy Duo|111/319","|move|p2a: Holy Duo|Gyro Ball|p1a: Gliscor","|-damage|p1a: Gliscor|0 fnt","|faint|p1a: Gliscor","|","|","|switch|p1a: Typhoon|Gyarados, M, shiny|331/331","|-ability|p1a: Typhoon|Intimidate","|-unboost|p2a: Holy Duo|atk|1","|turn|15","|","|switch|p2a: Venus|Ferrothorn, F, shiny|351/351","|detailschange|p1a: Typhoon|Gyarados-Mega, M, shiny","|-mega|p1a: Typhoon|Gyarados|Gyaradosite","|-ability|p1a: Typhoon|Mold Breaker","|move|p1a: Typhoon|Dragon Dance|p1a: Typhoon","|-boost|p1a: Typhoon|atk|1","|-boost|p1a: Typhoon|spe|1","|","|turn|16","|","|move|p1a: Typhoon|Earthquake|p2a: Venus","|-damage|p2a: Venus|196/351","|move|p2a: Venus|Leech Seed|p1a: Typhoon","|-start|p1a: Typhoon|move: Leech Seed","|","|-heal|p2a: Venus|217/351|[from] item: Leftovers","|-damage|p1a: Typhoon|290/331|[from] Leech Seed|[of] p2a: Venus","|-heal|p2a: Venus|258/351|[silent]","|turn|17","|","|move|p1a: Typhoon|Earthquake|p2a: Venus","|-damage|p2a: Venus|116/351","|move|p2a: Venus|Power Whip|p1a: Typhoon","|-supereffective|p1a: Typhoon","|-damage|p1a: Typhoon|24/331","|","|-heal|p2a: Venus|137/351|[from] item: Leftovers","|-damage|p1a: Typhoon|0 fnt|[from] Leech Seed|[of] p2a: Venus","|-heal|p2a: Venus|161/351|[silent]","|faint|p1a: Typhoon","|player|p2","|player|p2|OkamiNine|146","|","|switch|p1a: DEATH|Togekiss, F, shiny|374/374","|turn|18","|","|switch|p2a: Big Boss|Heatran, M|305/385","|move|p1a: DEATH|Air Slash|p2a: Big Boss","|-resisted|p2a: Big Boss","|-damage|p2a: Big Boss|266/385","|","|-heal|p2a: Big Boss|290/385|[from] item: Leftovers","|turn|19","|","|move|p2a: Big Boss|Taunt|p1a: DEATH","|-start|p1a: DEATH|move: Taunt","|cant|p1a: DEATH|move: Taunt|Thunder Wave","|","|-heal|p2a: Big Boss|314/385|[from] item: Leftovers","|turn|20","|","|move|p2a: Big Boss|Stealth Rock|p1a: DEATH","|-sidestart|p1: Apex Salamence|move: Stealth Rock","|move|p1a: DEATH|Air Slash|p2a: Big Boss","|-resisted|p2a: Big Boss","|-damage|p2a: Big Boss|278/385","|","|-heal|p2a: Big Boss|302/385|[from] item: Leftovers","|turn|21","|","|move|p2a: Big Boss|Lava Plume|p1a: DEATH","|-damage|p1a: DEATH|298/374","|move|p1a: DEATH|Air Slash|p2a: Big Boss","|-resisted|p2a: Big Boss","|-damage|p2a: Big Boss|267/385","|","|-heal|p2a: Big Boss|291/385|[from] item: Leftovers","|-heal|p1a: DEATH|321/374|[from] item: Leftovers","|-end|p1a: DEATH|move: Taunt","|turn|22","|","|move|p2a: Big Boss|Taunt|p1a: DEATH","|-start|p1a: DEATH|move: Taunt","|move|p1a: DEATH|Air Slash|p2a: Big Boss","|-resisted|p2a: Big Boss","|-damage|p2a: Big Boss|254/385","|","|-heal|p2a: Big Boss|278/385|[from] item: Leftovers","|-heal|p1a: DEATH|344/374|[from] item: Leftovers","|turn|23","|","|switch|p2a: U.F.O 3829|Magnezone|281/281","|move|p1a: DEATH|Air Slash|p2a: U.F.O 3829","|-resisted|p2a: U.F.O 3829","|-damage|p2a: U.F.O 3829|255/281","|","|-heal|p1a: DEATH|367/374|[from] item: Leftovers","|turn|24","|","|move|p2a: U.F.O 3829|Thunderbolt|p1a: DEATH","|-crit|p1a: DEATH","|-supereffective|p1a: DEATH","|-damage|p1a: DEATH|65/374","|move|p1a: DEATH|Air Slash|p2a: U.F.O 3829","|-resisted|p2a: U.F.O 3829","|-damage|p2a: U.F.O 3829|229/281","|","|-heal|p1a: DEATH|88/374|[from] item: Leftovers","|-end|p1a: DEATH|move: Taunt","|turn|25","|","|move|p2a: U.F.O 3829|Thunderbolt|p1a: DEATH","|-crit|p1a: DEATH","|-supereffective|p1a: DEATH","|-damage|p1a: DEATH|0 fnt","|faint|p1a: DEATH","|","|","|switch|p1a: Jupiter|Thundurus, M, shiny|299/299","|-damage|p1a: Jupiter|225/299|[from] Stealth Rock","|turn|26","|","|move|p1a: Jupiter|Nasty Plot|p1a: Jupiter","|-boost|p1a: Jupiter|spa|2","|move|p2a: U.F.O 3829|Thunderbolt|p1a: Jupiter","|-damage|p1a: Jupiter|27/299","|","|turn|27","|","|move|p2a: U.F.O 3829|Thunderbolt|p1a: Jupiter","|-damage|p1a: Jupiter|0 fnt","|faint|p1a: Jupiter","|","|","|switch|p1a: Porunga|Dragonite, M, shiny|323/323","|-damage|p1a: Porunga|243/323|[from] Stealth Rock","|turn|28","|","|move|p2a: U.F.O 3829|Thunderbolt|p1a: Porunga","|-damage|p1a: Porunga|93/323","|move|p1a: Porunga|Dragon Dance|p1a: Porunga","|-boost|p1a: Porunga|atk|1","|-boost|p1a: Porunga|spe|1","|","|turn|29","|","|move|p1a: Porunga|Extreme Speed|p2a: U.F.O 3829","|-resisted|p2a: U.F.O 3829","|-damage|p2a: U.F.O 3829|156/281","|move|p2a: U.F.O 3829|Thunderbolt|p1a: Porunga","|-damage|p1a: Porunga|0 fnt","|faint|p1a: Porunga","|","|win|OkamiNine"],"p1rating":{"entryid":"1755","serverid":"eos","formatid":"monotype","userid":"apexsalamence","username":"Apex Salamence","w":"46","l":41,"t":"0","gxe":54.4,"r":"1535.7706060171","rd":"38.884736753959","sigma":"0","rptime":"1441011600","rpr":1533.1922010624,"rprd":38.692721281138,"rpsigma":"0","acre":1082.3496586169,"lacre":1082.3496586169,"oldacre":"1096.7388598772"},"p2rating":{"entryid":"629886","serverid":"eos","formatid":"monotype","userid":"okaminine","username":"OkamiNine","w":16,"l":"2","t":"0","gxe":75,"r":"1679.5266524723","rd":"88.260078165077","sigma":"0","rptime":"1441011600","rpr":1711.8776020571,"rprd":75.893830867545,"rpsigma":"0","acre":1263.9938765117,"lacre":1263.9938765117,"oldacre":"1249.317505028"},"endType":"normal"}