{"seed":[41497,31434,47548,42616],"turns":33,"p1":"GTX♅Jhulez","p2":"Knight Ryan","p1team":[{"name":"Heatran","species":"Heatran","item":"leftovers","ability":"Flash Fire","moves":["lavaplume","stealthrock","earthpower","toxic"],"nature":"Calm","evs":{"hp":252,"atk":0,"def":0,"spa":0,"spd":176,"spe":80},"ivs":{"hp":31,"atk":31,"def":31,"spa":31,"spd":31,"spe":31}},{"name":"Bisharp","species":"Bisharp","item":"lifeorb","ability":"Defiant","moves":["knockoff","swordsdance","suckerpunch","ironhead"],"nature":"Adamant","evs":{"hp":0,"atk":252,"def":0,"spa":0,"spd":4,"spe":252},"ivs":{"hp":31,"atk":31,"def":31,"spa":31,"spd":31,"spe":31}},{"name":"Skarmory","species":"Skarmory","item":"rockyhelmet","ability":"Sturdy","moves":["bravebird","spikes","roost","whirlwind"],"nature":"Impish","evs":{"hp":252,"atk":0,"def":252,"spa":0,"spd":4,"spe":0},"ivs":{"hp":31,"atk":31,"def":31,"spa":31,"spd":31,"spe":31}},{"name":"Doublade","species":"Doublade","item":"eviolite","ability":"No Guard","moves":["swordsdance","shadowclaw","shadowsneak","sacredsword"],"nature":"Adamant","evs":{"hp":248,"atk":252,"def":0,"spa":0,"spd":8,"spe":0},"ivs":{"hp":31,"atk":31,"def":31,"spa":31,"spd":31,"spe":31}},{"name":"Excadrill","species":"Excadrill","item":"choicescarf","ability":"Mold Breaker","moves":["earthquake","rockslide","rapidspin","ironhead"],"nature":"Jolly","evs":{"hp":0,"atk":252,"def":0,"spa":0,"spd":4,"spe":252},"ivs":{"hp":31,"atk":31,"def":31,"spa":31,"spd":31,"spe":31}},{"name":"Magnezone","species":"Magnezone","item":"choicescarf","ability":"Magnet Pull","moves":["voltswitch","hiddenpowerice","flashcannon","thunderbolt"],"nature":"Timid","evs":{"hp":0,"atk":0,"def":0,"spa":252,"spd":4,"spe":252},"ivs":{"hp":31,"atk":30,"def":30,"spa":31,"spd":31,"spe":31}}],"p2team":[{"name":"Breloom","species":"Breloom","item":"lifeorb","ability":"Technician","moves":["machpunch","bulletseed","swordsdance","spore"],"nature":"Jolly","evs":{"hp":0,"atk":252,"def":0,"spa":0,"spd":4,"spe":252},"gender":"M","ivs":{"hp":31,"atk":31,"def":31,"spa":31,"spd":31,"spe":31}},{"name":"Trevenant","species":"Trevenant","item":"lumberry","ability":"Harvest","moves":["willowisp","calmmind","shadowball","leechseed"],"nature":"Bold","evs":{"hp":248,"atk":0,"def":252,"spa":8,"spd":0,"spe":0},"gender":"F","shiny":true,"ivs":{"hp":31,"atk":31,"def":31,"spa":31,"spd":31,"spe":31}},{"name":"Venusaur","species":"Venusaur","item":"venusaurite","ability":"Chlorophyll","moves":["gigadrain","sludgebomb","earthquake","growth"],"nature":"Mild","evs":{"hp":0,"atk":4,"def":0,"spa":252,"spd":0,"spe":252},"gender":"M","ivs":{"hp":31,"atk":31,"def":31,"spa":31,"spd":31,"spe":31}},{"name":"Rotom-Mow","species":"Rotom-Mow","item":"sitrusberry","ability":"Levitate","moves":["discharge","leafstorm","hiddenpowerice","toxic"],"nature":"Modest","evs":{"hp":248,"atk":0,"def":0,"spa":252,"spd":8,"spe":0},"ivs":{"hp":31,"atk":30,"def":30,"spa":31,"spd":31,"spe":31}},{"name":"Ferrothorn","species":"Ferrothorn","item":"rockyhelmet","ability":"Iron Barbs","moves":["curse","gyroball","stealthrock","spikes"],"nature":"Relaxed","evs":{"hp":248,"atk":8,"def":252,"spa":0,"spd":0,"spe":0},"gender":"F","ivs":{"hp":31,"atk":31,"def":31,"spa":31,"spd":31,"spe":0}},{"name":"Serperior","species":"Serperior","item":"sitrusberry","ability":"Contrary","moves":["dragonpulse","leafstorm","hiddenpowerfire","glare"],"nature":"Timid","evs":{"hp":0,"atk":0,"def":0,"spa":252,"spd":4,"spe":252},"gender":"M","ivs":{"hp":31,"atk":30,"def":31,"spa":30,"spd":31,"spe":30},"shiny":true}],"log":["|player|p1|GTX♅Jhulez|161","|player|p2|Knight Ryan|180","|gametype|singles","|gen|6","|tier|Monotype","|rated","|rule|Baton Pass Clause: Limit one Baton Passer, can't pass Spe and other stats simultaneously","|rule|Swagger Clause: Swagger is banned","|rule|Same Type Clause: Pokémon in a team must share a type","|clearpoke","|poke|p1|Heatran, F","|poke|p1|Bisharp, M","|poke|p1|Skarmory, F","|poke|p1|Doublade, F","|poke|p1|Excadrill, M","|poke|p1|Magnezone","|poke|p2|Breloom, M","|poke|p2|Trevenant, F, shiny","|poke|p2|Venusaur, M","|poke|p2|Rotom-Mow","|poke|p2|Ferrothorn, F","|poke|p2|Serperior, M, shiny","|rule|Sleep Clause Mod: Limit one foe put to sleep","|rule|Species Clause: Limit one of each Pokémon","|rule|OHKO Clause: OHKO moves are banned","|rule|Moody Clause: Moody is banned","|rule|Evasion Moves Clause: Evasion moves are banned","|rule|Endless Battle Clause: Forcing endless battles is banned","|rule|HP Percentage Mod: HP is shown in percentages","|teampreview","|","|start","|switch|p1a: Heatran|Heatran, F|386/386","|switch|p2a: Serperior|Serperior, M, shiny|291/291","|turn|1","|","|move|p2a: Serperior|Glare|p1a: Heatran","|-status|p1a: Heatran|par","|move|p1a: Heatran|Lava Plume|p2a: Serperior","|-supereffective|p2a: Serperior","|-damage|p2a: Serperior|67/291","|-status|p2a: Serperior|brn","|-enditem|p2a: Serperior|Sitrus Berry|[eat]","|-heal|p2a: Serperior|139/291 brn|[from] item: Sitrus Berry","|","|-damage|p2a: Serperior|103/291 brn|[from] brn","|turn|2","|","|move|p2a: Serperior|Leaf Storm|p1a: Heatran","|-resisted|p1a: Heatran","|-damage|p1a: Heatran|356/386 par","|-boost|p2a: Serperior|spa|2","|move|p1a: Heatran|Lava Plume|p2a: Serperior","|-supereffective|p2a: Serperior","|-damage|p2a: Serperior|0 fnt","|faint|p2a: Serperior","|","|-heal|p1a: Heatran|380/386 par|[from] item: Leftovers","|","|switch|p2a: Venusaur|Venusaur, M|301/301","|turn|3","|","|detailschange|p2a: Venusaur|Venusaur-Mega, M","|-mega|p2a: Venusaur|Venusaur|Venusaurite","|move|p2a: Venusaur|Earthquake|p1a: Heatran","|-supereffective|p1a: Heatran","|-damage|p1a: Heatran|104/386 par","|move|p1a: Heatran|Stealth Rock|p2a: Venusaur","|-sidestart|p2: Knight Ryan|move: Stealth Rock","|","|-heal|p1a: Heatran|128/386 par|[from] item: Leftovers","|turn|4","|","|switch|p1a: Skarmory|Skarmory, F|334/334","|move|p2a: Venusaur|Earthquake|p1a: Skarmory","|-immune|p1a: Skarmory|[msg]","|","|turn|5","|","|switch|p2a: Rotom-Mow|Rotom-Mow|303/303","|-damage|p2a: Rotom-Mow|266/303|[from] Stealth Rock","|move|p1a: Skarmory|Spikes|p2a: Rotom-Mow","|-sidestart|p2: Knight Ryan|Spikes","|","|turn|6","|","|switch|p1a: Magnezone|Magnezone|281/281","|move|p2a: Rotom-Mow|Discharge|p1a: Magnezone","|-resisted|p1a: Magnezone","|-damage|p1a: Magnezone|206/281","|","|turn|7","|","|switch|p2a: Venusaur|Venusaur-Mega, M|301/301","|-damage|p2a: Venusaur|264/301|[from] Stealth Rock","|-damage|p2a: Venusaur|227/301|[from] Spikes","|move|p1a: Magnezone|Hidden Power|p2a: Venusaur","|-supereffective|p2a: Venusaur","|-damage|p2a: Venusaur|171/301","|","|turn|8","|","|switch|p1a: Skarmory|Skarmory, F|334/334","|move|p2a: Venusaur|Earthquake|p1a: Skarmory","|-immune|p1a: Skarmory|[msg]","|","|turn|9","|","|switch|p2a: Rotom-Mow|Rotom-Mow|266/303","|-damage|p2a: Rotom-Mow|229/303|[from] Stealth Rock","|move|p1a: Skarmory|Spikes|p2a: Rotom-Mow","|-sidestart|p2: Knight Ryan|Spikes","|","|turn|10","|","|switch|p1a: Excadrill|Excadrill, M|361/361","|-ability|p1a: Excadrill|Mold Breaker","|move|p2a: Rotom-Mow|Discharge|p1a: Excadrill","|-immune|p1a: Excadrill|[msg]","|","|turn|11","|","|switch|p2a: Ferrothorn|Ferrothorn, F|351/351","|-damage|p2a: Ferrothorn|330/351|[from] Stealth Rock","|-damage|p2a: Ferrothorn|272/351|[from] Spikes","|move|p1a: Excadrill|Iron Head|p2a: Ferrothorn","|-crit|p2a: Ferrothorn","|-resisted|p2a: Ferrothorn","|-damage|p2a: Ferrothorn|211/351","|-damage|p1a: Excadrill|316/361|[from] ability: Iron Barbs|[of] p2a: Ferrothorn","|-damage|p1a: Excadrill|256/361|[from] item: Rocky Helmet|[of] p2a: Ferrothorn","|","|turn|12","|","|switch|p1a: Heatran|Heatran, F|128/386 par","|move|p2a: Ferrothorn|Curse|p2a: Ferrothorn","|-unboost|p2a: Ferrothorn|spe|1","|-boost|p2a: Ferrothorn|atk|1","|-boost|p2a: Ferrothorn|def|1","|","|-heal|p1a: Heatran|152/386 par|[from] item: Leftovers","|turn|13","|","|move|p1a: Heatran|Lava Plume|p2a: Ferrothorn","|-supereffective|p2a: Ferrothorn","|-damage|p2a: Ferrothorn|0 fnt","|faint|p2a: Ferrothorn","|","|-heal|p1a: Heatran|176/386 par|[from] item: Leftovers","|","|switch|p2a: Breloom|Breloom, M|261/261","|-damage|p2a: Breloom|218/261|[from] Spikes","|-damage|p2a: Breloom|202/261|[from] Stealth Rock","|turn|14","|","|switch|p1a: Doublade|Doublade, F|321/321","|move|p2a: Breloom|Mach Punch|p1a: Doublade","|-immune|p1a: Doublade|[msg]","|","|turn|15","|","|move|p1a: Doublade|Shadow Sneak|p2a: Breloom","|-damage|p2a: Breloom|118/261","|move|p2a: Breloom|Spore|p1a: Doublade","|-status|p1a: Doublade|slp","|","|turn|16","|","|move|p2a: Breloom|Swords Dance|p2a: Breloom","|-boost|p2a: Breloom|atk|2","|cant|p1a: Doublade|slp","|","|turn|17","|","|move|p2a: Breloom|Swords Dance|p2a: Breloom","|-boost|p2a: Breloom|atk|2","|cant|p1a: Doublade|slp","|","|turn|18","|","|move|p2a: Breloom|Swords Dance|p2a: Breloom","|-boost|p2a: Breloom|atk|2","|cant|p1a: Doublade|slp","|","|turn|19","|","|move|p2a: Breloom|Bullet Seed|p1a: Doublade","|-resisted|p1a: Doublade","|-damage|p1a: Doublade|235/321 slp","|-resisted|p1a: Doublade","|-damage|p1a: Doublade|160/321 slp","|-resisted|p1a: Doublade","|-damage|p1a: Doublade|73/321 slp","|-resisted|p1a: Doublade","|-damage|p1a: Doublade|0 fnt","|-hitcount|p1a: Doublade|4","|-damage|p2a: Breloom|92/261|[from] item: Life Orb","|faint|p1a: Doublade","|","|","|switch|p1a: Bisharp|Bisharp, M|271/271","|turn|20","|","|move|p2a: Breloom|Mach Punch|p1a: Bisharp","|-supereffective|p1a: Bisharp","|-damage|p1a: Bisharp|0 fnt","|-damage|p2a: Breloom|66/261|[from] item: Life Orb","|faint|p1a: Bisharp","|","|","|switch|p1a: Skarmory|Skarmory, F|334/334","|turn|21","|","|move|p2a: Breloom|Spore|p1a: Skarmory","|-status|p1a: Skarmory|slp","|cant|p1a: Skarmory|slp","|","|turn|22","|","|move|p2a: Breloom|Bullet Seed|p1a: Skarmory","|-resisted|p1a: Skarmory","|-damage|p1a: Skarmory|283/334 slp","|-resisted|p1a: Skarmory","|-damage|p1a: Skarmory|234/334 slp","|-resisted|p1a: Skarmory","|-damage|p1a: Skarmory|182/334 slp","|-resisted|p1a: Skarmory","|-damage|p1a: Skarmory|135/334 slp","|-hitcount|p1a: Skarmory|4","|-damage|p2a: Breloom|40/261|[from] item: Life Orb","|cant|p1a: Skarmory|slp","|","|turn|23","|","|move|p2a: Breloom|Bullet Seed|p1a: Skarmory","|-resisted|p1a: Skarmory","|-damage|p1a: Skarmory|88/334 slp","|-resisted|p1a: Skarmory","|-damage|p1a: Skarmory|36/334 slp","|-resisted|p1a: Skarmory","|-damage|p1a: Skarmory|0 fnt","|-hitcount|p1a: Skarmory|3","|-damage|p2a: Breloom|14/261|[from] item: Life Orb","|faint|p1a: Skarmory","|","|","|switch|p1a: Magnezone|Magnezone|206/281","|turn|24","|","|move|p2a: Breloom|Mach Punch|p1a: Magnezone","|-supereffective|p1a: Magnezone","|-damage|p1a: Magnezone|0 fnt","|-damage|p2a: Breloom|0 fnt|[from] item: Life Orb","|faint|p1a: Magnezone","|faint|p2a: Breloom","|","|","|switch|p1a: Excadrill|Excadrill, M|256/361","|switch|p2a: Trevenant|Trevenant, F, shiny|373/373","|-ability|p1a: Excadrill|Mold Breaker","|-damage|p2a: Trevenant|311/373|[from] Spikes","|-damage|p2a: Trevenant|265/373|[from] Stealth Rock","|turn|25","|","|move|p1a: Excadrill|Iron Head|p2a: Trevenant","|-damage|p2a: Trevenant|150/373","|cant|p2a: Trevenant|flinch","|","|turn|26","|","|move|p1a: Excadrill|Iron Head|p2a: Trevenant","|-damage|p2a: Trevenant|30/373","|cant|p2a: Trevenant|flinch","|","|turn|27","|","|move|p1a: Excadrill|Iron Head|p2a: Trevenant","|-crit|p2a: Trevenant","|-damage|p2a: Trevenant|0 fnt","|faint|p2a: Trevenant","|","|","|switch|p2a: Venusaur|Venusaur-Mega, M|171/301","|-damage|p2a: Venusaur|121/301|[from] Spikes","|-damage|p2a: Venusaur|84/301|[from] Stealth Rock","|turn|28","|","|move|p1a: Excadrill|Iron Head|p2a: Venusaur","|-damage|p2a: Venusaur|0 fnt","|faint|p2a: Venusaur","|","|","|switch|p2a: Rotom-Mow|Rotom-Mow|229/303","|-damage|p2a: Rotom-Mow|192/303|[from] Stealth Rock","|turn|29","|","|move|p1a: Excadrill|Iron Head|p2a: Rotom-Mow","|-resisted|p2a: Rotom-Mow","|-damage|p2a: Rotom-Mow|128/303","|-enditem|p2a: Rotom-Mow|Sitrus Berry|[eat]","|-heal|p2a: Rotom-Mow|203/303|[from] item: Sitrus Berry","|move|p2a: Rotom-Mow|Hidden Power|p1a: Excadrill","|-crit|p1a: Excadrill","|-damage|p1a: Excadrill|122/361","|","|turn|30","|","|move|p1a: Excadrill|Iron Head|p2a: Rotom-Mow","|-resisted|p2a: Rotom-Mow","|-damage|p2a: Rotom-Mow|131/303","|move|p2a: Rotom-Mow|Hidden Power|p1a: Excadrill","|-damage|p1a: Excadrill|23/361","|","|turn|31","|","|move|p1a: Excadrill|Iron Head|p2a: Rotom-Mow","|-resisted|p2a: Rotom-Mow","|-damage|p2a: Rotom-Mow|62/303","|move|p2a: Rotom-Mow|Hidden Power|p1a: Excadrill","|-damage|p1a: Excadrill|0 fnt","|faint|p1a: Excadrill","|","|","|switch|p1a: Heatran|Heatran, F|176/386 par","|turn|32","|","|move|p2a: Rotom-Mow|Discharge|p1a: Heatran","|-damage|p1a: Heatran|68/386 par","|cant|p1a: Heatran|par","|","|-heal|p1a: Heatran|92/386 par|[from] item: Leftovers","|turn|33","|","|move|p2a: Rotom-Mow|Discharge|p1a: Heatran","|-damage|p1a: Heatran|0 fnt","|faint|p1a: Heatran","|","|win|Knight Ryan"],"p1rating":{"entryid":"480255","serverid":"eos","formatid":"monotype","userid":"gtxjhulez","username":"GTX♅Jhulez","w":"7","l":7,"t":"0","gxe":50.3,"r":"1509.4547785041","rd":"82.225588498823","sigma":"0","rptime":"1441011600","rpr":1502.0872972614,"rprd":78.548907211026,"rpsigma":"0","acre":1104.13034608,"lacre":1104.13034608,"oldacre":"1126.5544108652"},"p2rating":{"entryid":"680905","serverid":"eos","formatid":"monotype","userid":"knightryan","username":"Knight Ryan","w":22,"l":"22","t":"0","gxe":50.9,"r":"1403.8094993324","rd":"97.799903656578","sigma":"0","rptime":"1441011600","rpr":1506.917307233,"rprd":51.970763020814,"rpsigma":"0","acre":1184.9048399001,"lacre":1184.9048399001,"oldacre":"1162.4807751149"},"endType":"normal"}