{"seed":[33126,22383,3619,10404],"turns":27,"p1":"Imp❇ Jk","p2":"GTX♅Wild","p1team":[{"name":"Cobalion","species":"Cobalion","item":"leftovers","ability":"Justified","moves":["thunderwave","ironhead","stealthrock","taunt"],"nature":"Impish","evs":{"hp":252,"atk":4,"def":252,"spa":0,"spd":0,"spe":0},"ivs":{"hp":31,"atk":31,"def":31,"spa":31,"spd":31,"spe":31}},{"name":"Scrafty","species":"Scrafty","item":"leftovers","ability":"Shed Skin","moves":["icepunch","crunch","drainpunch","bulkup"],"nature":"Careful","evs":{"hp":252,"atk":16,"def":0,"spa":0,"spd":240,"spe":0},"ivs":{"hp":31,"atk":31,"def":31,"spa":31,"spd":31,"spe":31}},{"name":"Hitmontop","species":"Hitmontop","item":"assaultvest","ability":"Intimidate","moves":["endeavor","seismictoss","suckerpunch","rapidspin"],"nature":"Impish","evs":{"hp":252,"atk":0,"def":64,"spa":0,"spd":192,"spe":0},"ivs":{"hp":31,"atk":31,"def":31,"spa":31,"spd":31,"spe":31}},{"name":"Infernape","species":"Infernape","item":"focussash","ability":"Blaze","moves":["flamethrower","vacuumwave","nastyplot","encore"],"nature":"Timid","evs":{"hp":0,"atk":0,"def":0,"spa":252,"spd":0,"spe":252},"ivs":{"hp":31,"atk":31,"def":31,"spa":31,"spd":31,"spe":31}},{"name":"Heracross","species":"Heracross","item":"heracronite","ability":"Moxie","moves":["bulletseed","pinmissile","rockblast","closecombat"],"nature":"Adamant","evs":{"hp":252,"atk":120,"def":136,"spa":0,"spd":0,"spe":0},"ivs":{"hp":31,"atk":31,"def":31,"spa":31,"spd":31,"spe":31}},{"name":"Terrakion","species":"Terrakion","item":"choicescarf","ability":"Justified","moves":["closecombat","stoneedge","earthquake","ironhead"],"nature":"Adamant","evs":{"hp":4,"atk":252,"def":0,"spa":0,"spd":0,"spe":252},"ivs":{"hp":31,"atk":31,"def":31,"spa":31,"spd":31,"spe":31}}],"p2team":[{"name":"Autozone","species":"magnezone","item":"lifeorb","ability":"Magnet Pull","moves":["hiddenpowerfire","thunder","flashcannon","voltswitch"],"nature":"Serious","evs":{"hp":252,"atk":0,"def":4,"spa":252,"spd":0,"spe":0},"ivs":{"hp":31,"atk":30,"def":31,"spa":30,"spd":31,"spe":30}},{"name":"Icarus 2.0","species":"skarmory","item":"leftovers","ability":"Sturdy","moves":["defog","bravebird","stealthrock","toxic"],"nature":"Impish","evs":{"hp":252,"atk":0,"def":232,"spa":0,"spd":0,"spe":24},"ivs":{"hp":31,"atk":31,"def":31,"spa":31,"spd":31,"spe":31}},{"name":"Hephaestus","species":"heatran","item":"airballoon","ability":"Flash Fire","moves":["earthpower","magmastorm","dragonpulse","flashcannon"],"nature":"Modest","evs":{"hp":248,"atk":0,"def":0,"spa":252,"spd":8,"spe":0},"ivs":{"hp":31,"atk":31,"def":31,"spa":31,"spd":31,"spe":31}},{"name":"Bisharp","species":"Bisharp","item":"focussash","ability":"Defiant","moves":["swordsdance","psychocut","brickbreak","nightslash"],"nature":"Adamant","evs":{"hp":248,"atk":252,"def":0,"spa":0,"spd":8,"spe":0},"ivs":{"hp":31,"atk":31,"def":31,"spa":31,"spd":31,"spe":31}},{"name":"Anubis","species":"lucario","item":"choiceband","ability":"Justified","moves":["bulletpunch","drainpunch","crunch","icepunch"],"nature":"Adamant","evs":{"hp":200,"atk":252,"def":0,"spa":0,"spd":0,"spe":56},"ivs":{"hp":31,"atk":31,"def":31,"spa":31,"spd":31,"spe":31}},{"name":"Altair","species":"jirachi","item":"choicescarf","ability":"Serene Grace","moves":["ironhead","bodyslam","drainpunch","trick"],"nature":"Adamant","evs":{"hp":0,"atk":252,"def":0,"spa":0,"spd":4,"spe":252},"ivs":{"hp":31,"atk":31,"def":31,"spa":31,"spd":31,"spe":31}}],"log":["|player|p1|Imp❇ Jk|93","|player|p2|GTX♅Wild|101","|gametype|singles","|gen|6","|tier|Monotype","|rated","|rule|Baton Pass Clause: Limit one Baton Passer, can't pass Spe and other stats simultaneously","|rule|Swagger Clause: Swagger is banned","|rule|Same Type Clause: Pokémon in a team must share a type","|clearpoke","|poke|p1|Cobalion","|poke|p1|Scrafty, F","|poke|p1|Hitmontop, M","|poke|p1|Infernape, M","|poke|p1|Heracross, M","|poke|p1|Terrakion","|poke|p2|Magnezone","|poke|p2|Skarmory, M","|poke|p2|Heatran, M","|poke|p2|Bisharp, F","|poke|p2|Lucario, F","|poke|p2|Jirachi","|rule|Sleep Clause Mod: Limit one foe put to sleep","|rule|Species Clause: Limit one of each Pokémon","|rule|OHKO Clause: OHKO moves are banned","|rule|Moody Clause: Moody is banned","|rule|Evasion Moves Clause: Evasion moves are banned","|rule|Endless Battle Clause: Forcing endless battles is banned","|rule|HP Percentage Mod: HP is shown in percentages","|teampreview","|","|start","|switch|p1a: Hitmontop|Hitmontop, M|304/304","|switch|p2a: Icarus 2.0|Skarmory, M|334/334","|-ability|p1a: Hitmontop|Intimidate","|-unboost|p2a: Icarus 2.0|atk|1","|turn|1","|","|switch|p1a: Infernape|Infernape, M|293/293","|move|p2a: Icarus 2.0|Stealth Rock|p1a: Infernape","|-sidestart|p1: Imp❇ Jk|move: Stealth Rock","|","|turn|2","|","|switch|p2a: Hephaestus|Heatran, M|385/385","|-item|p2a: Hephaestus|Air Balloon","|move|p1a: Infernape|Vacuum Wave|p2a: Hephaestus","|-supereffective|p2a: Hephaestus","|-damage|p2a: Hephaestus|277/385","|-enditem|p2a: Hephaestus|Air Balloon","|","|turn|3","|","|switch|p1a: Hitmontop|Hitmontop, M|304/304","|-damage|p1a: Hitmontop|285/304|[from] Stealth Rock","|-ability|p1a: Hitmontop|Intimidate","|-unboost|p2a: Hephaestus|atk|1","|move|p2a: Hephaestus|Earth Power|p1a: Hitmontop","|-damage|p1a: Hitmontop|219/304","|","|turn|4","|","|switch|p2a: Icarus 2.0|Skarmory, M|334/334","|move|p1a: Hitmontop|Rapid Spin|p2a: Icarus 2.0","|-resisted|p2a: Icarus 2.0","|-damage|p2a: Icarus 2.0|329/334","|-sideend|p1: Imp❇ Jk|Stealth Rock|[from] move: Rapid Spin|[of] p1a: Hitmontop","|","|-heal|p2a: Icarus 2.0|334/334|[from] item: Leftovers","|turn|5","|","|move|p2a: Icarus 2.0|Brave Bird|p1a: Hitmontop","|-supereffective|p1a: Hitmontop","|-damage|p1a: Hitmontop|27/304","|-damage|p2a: Icarus 2.0|271/334|[from] recoil|[of] p1a: Hitmontop","|move|p1a: Hitmontop|Seismic Toss|p2a: Icarus 2.0","|-damage|p2a: Icarus 2.0|171/334","|","|-heal|p2a: Icarus 2.0|191/334|[from] item: Leftovers","|turn|6","|","|move|p2a: Icarus 2.0|Brave Bird|p1a: Hitmontop","|-supereffective|p1a: Hitmontop","|-damage|p1a: Hitmontop|0 fnt","|-damage|p2a: Icarus 2.0|182/334|[from] recoil|[of] p1a: Hitmontop","|faint|p1a: Hitmontop","|","|-heal|p2a: Icarus 2.0|202/334|[from] item: Leftovers","|","|switch|p1a: Infernape|Infernape, M|293/293","|turn|7","|","|switch|p2a: Hephaestus|Heatran, M|277/385","|move|p1a: Infernape|Flamethrower|p2a: Hephaestus","|-start|p2a: Hephaestus|ability: Flash Fire","|","|turn|8","|","|switch|p1a: Scrafty|Scrafty, F|334/334","|move|p2a: Hephaestus|Magma Storm|p1a: Scrafty","|-damage|p1a: Scrafty|129/334","|-activate|p1a: Scrafty|move: Magma Storm|[of] p2a: Hephaestus","|","|-heal|p1a: Scrafty|149/334|[from] item: Leftovers","|-damage|p1a: Scrafty|108/334|[from] move: Magma Storm|[partiallytrapped]","|turn|9","|","|-end|p2a: Hephaestus|ability: Flash Fire|[silent]","|switch|p2a: Icarus 2.0|Skarmory, M|202/334","|move|p1a: Scrafty|Drain Punch|p2a: Icarus 2.0","|-damage|p2a: Icarus 2.0|154/334","|-heal|p1a: Scrafty|132/334|[from] drain|[of] p2a: Icarus 2.0","|","|-heal|p2a: Icarus 2.0|174/334|[from] item: Leftovers","|-heal|p1a: Scrafty|152/334|[from] item: Leftovers","|turn|10","|","|switch|p1a: Infernape|Infernape, M|293/293","|move|p2a: Icarus 2.0|Brave Bird|p1a: Infernape","|-supereffective|p1a: Infernape","|-enditem|p1a: Infernape|Focus Sash","|-damage|p1a: Infernape|1/293","|-damage|p2a: Icarus 2.0|78/334|[from] recoil|[of] p1a: Infernape","|","|-heal|p2a: Icarus 2.0|98/334|[from] item: Leftovers","|turn|11","|","|switch|p2a: Hephaestus|Heatran, M|277/385","|move|p1a: Infernape|Vacuum Wave|p2a: Hephaestus","|-supereffective|p2a: Hephaestus","|-damage|p2a: Hephaestus|169/385","|","|turn|12","|","|switch|p1a: Scrafty|Scrafty, F|152/334","|move|p2a: Hephaestus|Magma Storm|p1a: Scrafty","|-damage|p1a: Scrafty|26/334","|-activate|p1a: Scrafty|move: Magma Storm|[of] p2a: Hephaestus","|","|-heal|p1a: Scrafty|46/334|[from] item: Leftovers","|-damage|p1a: Scrafty|5/334|[from] move: Magma Storm|[partiallytrapped]","|turn|13","|","|switch|p2a: Icarus 2.0|Skarmory, M|98/334","|move|p1a: Scrafty|Bulk Up|p1a: Scrafty","|-boost|p1a: Scrafty|atk|1","|-boost|p1a: Scrafty|def|1","|","|-heal|p2a: Icarus 2.0|118/334|[from] item: Leftovers","|-heal|p1a: Scrafty|25/334|[from] item: Leftovers","|turn|14","|","|move|p2a: Icarus 2.0|Brave Bird|p1a: Scrafty","|-supereffective|p1a: Scrafty","|-damage|p1a: Scrafty|0 fnt","|-damage|p2a: Icarus 2.0|110/334|[from] recoil|[of] p1a: Scrafty","|faint|p1a: Scrafty","|","|-heal|p2a: Icarus 2.0|130/334|[from] item: Leftovers","|","|switch|p1a: Infernape|Infernape, M|1/293","|turn|15","|","|switch|p1a: Terrakion|Terrakion|324/324","|move|p2a: Icarus 2.0|Brave Bird|p1a: Terrakion","|-damage|p1a: Terrakion|197/324","|-damage|p2a: Icarus 2.0|88/334|[from] recoil|[of] p1a: Terrakion","|","|-heal|p2a: Icarus 2.0|108/334|[from] item: Leftovers","|turn|16","|","|move|p1a: Terrakion|Close Combat|p2a: Icarus 2.0","|-damage|p2a: Icarus 2.0|0 fnt","|-unboost|p1a: Terrakion|def|1","|-unboost|p1a: Terrakion|spd|1","|faint|p2a: Icarus 2.0","|","|","|switch|p2a: Altair|Jirachi|341/341","|turn|17","|","|switch|p1a: Cobalion|Cobalion|386/386","|move|p2a: Altair|Drain Punch|p1a: Cobalion","|-supereffective|p1a: Cobalion","|-damage|p1a: Cobalion|284/386","|","|-heal|p1a: Cobalion|308/386|[from] item: Leftovers","|turn|18","|","|switch|p2a: Autozone|Magnezone|344/344","|move|p1a: Cobalion|Thunder Wave|p2a: Autozone","|-immune|p2a: Autozone|[msg]","|","|-heal|p1a: Cobalion|332/386|[from] item: Leftovers","|turn|19","|","|move|p1a: Cobalion|Stealth Rock|p2a: Autozone","|-sidestart|p2: GTX♅Wild|move: Stealth Rock","|move|p2a: Autozone|Hidden Power|p1a: Cobalion","|-supereffective|p1a: Cobalion","|-damage|p1a: Cobalion|88/386","|-damage|p2a: Autozone|310/344|[from] item: Life Orb","|","|-heal|p1a: Cobalion|112/386|[from] item: Leftovers","|turn|20","|","|move|p1a: Cobalion|Iron Head|p2a: Autozone","|-resisted|p2a: Autozone","|-damage|p2a: Autozone|292/344","|move|p2a: Autozone|Hidden Power|p1a: Cobalion","|-supereffective|p1a: Cobalion","|-damage|p1a: Cobalion|0 fnt","|-damage|p2a: Autozone|258/344|[from] item: Life Orb","|faint|p1a: Cobalion","|","|","|switch|p1a: Heracross|Heracross, M|364/364","|turn|21","|","|detailschange|p1a: Heracross|Heracross-Mega, M","|-mega|p1a: Heracross|Heracross|Heracronite","|move|p1a: Heracross|Close Combat|p2a: Autozone","|-supereffective|p2a: Autozone","|-damage|p2a: Autozone|0 fnt","|-unboost|p1a: Heracross|def|1","|-unboost|p1a: Heracross|spd|1","|faint|p2a: Autozone","|","|","|switch|p2a: Altair|Jirachi|341/341","|-damage|p2a: Altair|320/341|[from] Stealth Rock","|turn|22","|","|move|p2a: Altair|Drain Punch|p1a: Heracross","|-crit|p1a: Heracross","|-resisted|p1a: Heracross","|-damage|p1a: Heracross|290/364","|-heal|p2a: Altair|341/341|[from] drain|[of] p1a: Heracross","|move|p1a: Heracross|Pin Missile|p2a: Altair","|-damage|p2a: Altair|277/341","|-damage|p2a: Altair|219/341","|-damage|p2a: Altair|164/341","|-damage|p2a: Altair|109/341","|-damage|p2a: Altair|54/341","|-hitcount|p2a: Altair|5","|","|turn|23","|","|move|p2a: Altair|Drain Punch|p1a: Heracross","|-resisted|p1a: Heracross","|-damage|p1a: Heracross|241/364","|-heal|p2a: Altair|79/341|[from] drain|[of] p1a: Heracross","|move|p1a: Heracross|Pin Missile|p2a: Altair","|-damage|p2a: Altair|21/341","|-damage|p2a: Altair|0 fnt","|-hitcount|p2a: Altair|2","|faint|p2a: Altair","|","|","|switch|p2a: Anubis|Lucario, F|331/331","|-damage|p2a: Anubis|321/331|[from] Stealth Rock","|turn|24","|","|move|p2a: Anubis|Drain Punch|p1a: Heracross","|-resisted|p1a: Heracross","|-damage|p1a: Heracross|136/364","|-heal|p2a: Anubis|331/331|[from] drain|[of] p1a: Heracross","|move|p1a: Heracross|Close Combat|p2a: Anubis","|-supereffective|p2a: Anubis","|-damage|p2a: Anubis|0 fnt","|-unboost|p1a: Heracross|def|1","|-unboost|p1a: Heracross|spd|1","|faint|p2a: Anubis","|","|","|switch|p2a: Hephaestus|Heatran, M|169/385","|-damage|p2a: Hephaestus|121/385|[from] Stealth Rock","|turn|25","|","|move|p2a: Hephaestus|Magma Storm|p1a: Heracross","|-supereffective|p1a: Heracross","|-damage|p1a: Heracross|0 fnt","|faint|p1a: Heracross","|","|","|switch|p1a: Terrakion|Terrakion|197/324","|turn|26","|","|switch|p2a: Bisharp|Bisharp, F|333/333","|-damage|p2a: Bisharp|313/333|[from] Stealth Rock","|move|p1a: Terrakion|Close Combat|p2a: Bisharp","|-supereffective|p2a: Bisharp","|-damage|p2a: Bisharp|0 fnt","|-unboost|p1a: Terrakion|def|1","|-unboost|p1a: Terrakion|spd|1","|faint|p2a: Bisharp","|","|","|switch|p2a: Hephaestus|Heatran, M|121/385","|-damage|p2a: Hephaestus|73/385|[from] Stealth Rock","|turn|27","|","|move|p1a: Terrakion|Close Combat|p2a: Hephaestus","|-supereffective|p2a: Hephaestus","|-damage|p2a: Hephaestus|0 fnt","|-unboost|p1a: Terrakion|def|1","|-unboost|p1a: Terrakion|spd|1","|faint|p2a: Hephaestus","|","|win|Imp❇ Jk"],"p1rating":{"entryid":"86215","serverid":"eos","formatid":"monotype","userid":"impjk","username":"Imp❇ Jk","w":14,"l":"8","t":"0","gxe":58.3,"r":"1554.5020911808","rd":"78.275046896375","sigma":"0","rptime":"1441011600","rpr":1564.2479507983,"rprd":69.766283945102,"rpsigma":"0","acre":1194.6763697995,"lacre":1194.6763697995,"oldacre":"1176.9469441027"},"p2rating":{"entryid":"670822","serverid":"eos","formatid":"monotype","userid":"gtxwild","username":"GTX♅Wild","w":"5","l":6,"t":"0","gxe":47.8,"r":"1534.445811961","rd":"95.486777538612","sigma":"0","rptime":"1441011600","rpr":1482.8639337037,"rprd":84.847796829499,"rpsigma":"0","acre":1058.055285463,"lacre":1058.055285463,"oldacre":"1072.9021334953"},"endType":"normal"}