{"seed":[51882,10311,11369,65028],"turns":39,"p1":"Erica*07","p2":"Raiteri","p1team":[{"name":"Mew","species":"Mew","item":"leftovers","ability":"Synchronize","moves":["knockoff","willowisp","taunt","roost"],"nature":"Careful","evs":{"hp":240,"atk":0,"def":0,"spa":0,"spd":152,"spe":116},"ivs":{"hp":31,"atk":31,"def":31,"spa":31,"spd":31,"spe":31}},{"name":"Uxie","species":"Uxie","item":"redcard","ability":"Levitate","moves":["uturn","stealthrock","thunderwave","healbell"],"nature":"Impish","evs":{"hp":240,"atk":0,"def":112,"spa":0,"spd":0,"spe":156},"ivs":{"hp":31,"atk":31,"def":31,"spa":31,"spd":31,"spe":31}},{"name":"Meloetta","species":"Meloetta","item":"assaultvest","ability":"Serene Grace","moves":["closecombat","knockoff","stoneedge","relicsong"],"nature":"Jolly","evs":{"hp":40,"atk":252,"def":0,"spa":0,"spd":0,"spe":216},"ivs":{"hp":31,"atk":31,"def":31,"spa":31,"spd":31,"spe":31}},{"name":"Victini","species":"Victini","item":"choicescarf","ability":"Victory Star","moves":["vcreate","boltstrike","trick","uturn"],"nature":"Jolly","evs":{"hp":0,"atk":252,"def":4,"spa":0,"spd":0,"spe":252},"ivs":{"hp":31,"atk":31,"def":31,"spa":31,"spd":31,"spe":31}},{"name":"Starmie","species":"Starmie","item":"leftovers","ability":"Natural Cure","moves":["scald","reflecttype","rapidspin","recover"],"nature":"Timid","evs":{"hp":248,"atk":0,"def":8,"spa":0,"spd":0,"spe":252},"ivs":{"hp":31,"atk":0,"def":31,"spa":31,"spd":31,"spe":31}},{"name":"Gardevoir","species":"Gardevoir","item":"gardevoirite","ability":"Trace","moves":["hypervoice","psyshock","focusblast","substitute"],"nature":"Modest","evs":{"hp":4,"atk":0,"def":0,"spa":252,"spd":0,"spe":252},"ivs":{"hp":31,"atk":0,"def":31,"spa":31,"spd":31,"spe":31}}],"p2team":[{"name":"Muk","species":"Muk","item":"blacksludge","ability":"Stench","moves":["firepunch","icepunch","shadowsneak","curse"],"nature":"Impish","evs":{"hp":252,"atk":4,"def":252,"spa":0,"spd":0,"spe":0},"ivs":{"hp":31,"atk":31,"def":31,"spa":31,"spd":31,"spe":31}},{"name":"Roserade","species":"Roserade","item":"blacksludge","ability":"Natural Cure","moves":["gigadrain","spikes","toxicspikes","leechseed"],"nature":"Calm","evs":{"hp":156,"atk":0,"def":0,"spa":0,"spd":108,"spe":244},"ivs":{"hp":31,"atk":31,"def":31,"spa":31,"spd":31,"spe":31}},{"name":"Qwilfish","species":"Qwilfish","item":"starfberry","ability":"Intimidate","moves":["aquajet","poisonjab","payback","thunderwave"],"nature":"Naughty","evs":{"hp":156,"atk":152,"def":24,"spa":0,"spd":0,"spe":176},"ivs":{"hp":31,"atk":31,"def":31,"spa":31,"spd":31,"spe":31}},{"name":"Venomoth","species":"Venomoth","item":"lifeorb","ability":"Tinted Lens","moves":["bugbuzz","sludgebomb","quiverdance","roost"],"nature":"Calm","evs":{"hp":68,"atk":0,"def":0,"spa":136,"spd":168,"spe":136},"ivs":{"hp":31,"atk":31,"def":31,"spa":31,"spd":31,"spe":31}},{"name":"Skuntank","species":"Skuntank","item":"starfberry","ability":"Aftermath","moves":["playrough","poisonjab","crunch","shadowclaw"],"nature":"Adamant","evs":{"hp":212,"atk":88,"def":80,"spa":0,"spd":128,"spe":0},"ivs":{"hp":31,"atk":31,"def":31,"spa":31,"spd":31,"spe":31}},{"name":"Scolipede","species":"Scolipede","item":"blacksludge","ability":"Speed Boost","moves":["earthquake","poisonjab","xscissor","swordsdance"],"nature":"Adamant","evs":{"hp":56,"atk":148,"def":144,"spa":0,"spd":0,"spe":160},"ivs":{"hp":31,"atk":31,"def":31,"spa":31,"spd":31,"spe":31}}],"log":["|player|p1|Erica*07|erica07.png","|player|p2|Raiteri|151","|gametype|singles","|gen|6","|tier|Monotype","|rated","|rule|Baton Pass Clause: Limit one Baton Passer, can't pass Spe and other stats simultaneously","|rule|Swagger Clause: Swagger is banned","|rule|Same Type Clause: Pokémon in a team must share a type","|clearpoke","|poke|p1|Mew","|poke|p1|Uxie","|poke|p1|Meloetta","|poke|p1|Victini","|poke|p1|Starmie","|poke|p1|Gardevoir, M","|poke|p2|Muk, M","|poke|p2|Roserade, M","|poke|p2|Qwilfish, M","|poke|p2|Venomoth, F","|poke|p2|Skuntank, M","|poke|p2|Scolipede, M","|rule|Sleep Clause Mod: Limit one foe put to sleep","|rule|Species Clause: Limit one of each Pokémon","|rule|OHKO Clause: OHKO moves are banned","|rule|Moody Clause: Moody is banned","|rule|Evasion Moves Clause: Evasion moves are banned","|rule|Endless Battle Clause: Forcing endless battles is banned","|rule|HP Percentage Mod: HP is shown in percentages","|teampreview","|","|start","|switch|p1a: Victini|Victini|341/341","|switch|p2a: Skuntank|Skuntank, M|400/400","|turn|1","|","|move|p1a: Victini|U-turn|p2a: Skuntank","|-damage|p2a: Skuntank|317/400","|","|switch|p1a: Mew|Mew|401/401","|move|p2a: Skuntank|Shadow Claw|p1a: Mew","|-supereffective|p1a: Mew","|-damage|p1a: Mew|277/401","|","|-heal|p1a: Mew|302/401|[from] item: Leftovers","|turn|2","|","|move|p1a: Mew|Will-O-Wisp|p2a: Skuntank","|-status|p2a: Skuntank|brn","|move|p2a: Skuntank|Crunch|p1a: Mew","|-supereffective|p1a: Mew","|-damage|p1a: Mew|197/401","|","|-heal|p1a: Mew|222/401|[from] item: Leftovers","|-damage|p2a: Skuntank|267/400 brn|[from] brn","|turn|3","|","|move|p1a: Mew|Roost|p1a: Mew","|-heal|p1a: Mew|401/401","|move|p2a: Skuntank|Crunch|p1a: Mew","|-supereffective|p1a: Mew","|-damage|p1a: Mew|290/401","|","|-heal|p1a: Mew|315/401|[from] item: Leftovers","|-damage|p2a: Skuntank|217/400 brn|[from] brn","|turn|4","|","|move|p1a: Mew|Knock Off|p2a: Skuntank","|-resisted|p2a: Skuntank","|-damage|p2a: Skuntank|167/400 brn","|-enditem|p2a: Skuntank|Starf Berry|[from] move: Knock Off|[of] p1a: Mew","|move|p2a: Skuntank|Crunch|p1a: Mew","|-supereffective|p1a: Mew","|-damage|p1a: Mew|203/401","|","|-heal|p1a: Mew|228/401|[from] item: Leftovers","|-damage|p2a: Skuntank|117/400 brn|[from] brn","|turn|5","|","|move|p1a: Mew|Roost|p1a: Mew","|-heal|p1a: Mew|401/401","|move|p2a: Skuntank|Crunch|p1a: Mew","|-supereffective|p1a: Mew","|-damage|p1a: Mew|301/401","|","|-heal|p1a: Mew|326/401|[from] item: Leftovers","|-damage|p2a: Skuntank|67/400 brn|[from] brn","|turn|6","|","|move|p1a: Mew|Roost|p1a: Mew","|-heal|p1a: Mew|401/401","|move|p2a: Skuntank|Crunch|p1a: Mew","|-supereffective|p1a: Mew","|-damage|p1a: Mew|290/401","|","|-heal|p1a: Mew|315/401|[from] item: Leftovers","|-damage|p2a: Skuntank|17/400 brn|[from] brn","|turn|7","|","|move|p1a: Mew|Roost|p1a: Mew","|-heal|p1a: Mew|401/401","|move|p2a: Skuntank|Crunch|p1a: Mew","|-supereffective|p1a: Mew","|-damage|p1a: Mew|301/401","|","|-heal|p1a: Mew|326/401|[from] item: Leftovers","|-damage|p2a: Skuntank|0 fnt|[from] brn","|faint|p2a: Skuntank","|","|switch|p2a: Venomoth|Venomoth, F|298/298","|turn|8","|","|move|p1a: Mew|Knock Off|p2a: Venomoth","|-damage|p2a: Venomoth|173/298","|-enditem|p2a: Venomoth|Life Orb|[from] move: Knock Off|[of] p1a: Mew","|move|p2a: Venomoth|Bug Buzz|p1a: Mew","|-supereffective|p1a: Mew","|-damage|p1a: Mew|152/401","|","|-heal|p1a: Mew|177/401|[from] item: Leftovers","|turn|9","|","|move|p1a: Mew|Roost|p1a: Mew","|-heal|p1a: Mew|378/401","|move|p2a: Venomoth|Quiver Dance|p2a: Venomoth","|-boost|p2a: Venomoth|spa|1","|-boost|p2a: Venomoth|spd|1","|-boost|p2a: Venomoth|spe|1","|","|-heal|p1a: Mew|401/401|[from] item: Leftovers","|turn|10","|","|move|p2a: Venomoth|Roost|p2a: Venomoth","|-heal|p2a: Venomoth|298/298","|move|p1a: Mew|Taunt|p2a: Venomoth","|-start|p2a: Venomoth|move: Taunt","|","|turn|11","|","|switch|p1a: Uxie|Uxie|351/351","|move|p2a: Venomoth|Bug Buzz|p1a: Uxie","|-supereffective|p1a: Uxie","|-damage|p1a: Uxie|69/351","|-enditem|p1a: Uxie|Red Card|[of] p2a: Venomoth","|drag|p2a: Muk|Muk, M|414/414","|","|turn|12","|","|move|p2a: Muk|Shadow Sneak|p1a: Uxie","|-crit|p1a: Uxie","|-supereffective|p1a: Uxie","|-damage|p1a: Uxie|5/351","|move|p1a: Uxie|Stealth Rock|p2a: Muk","|-sidestart|p2: Raiteri|move: Stealth Rock","|","|turn|13","|","|move|p1a: Uxie|Thunder Wave|p2a: Muk","|-status|p2a: Muk|par","|move|p2a: Muk|Curse|p2a: Muk","|-unboost|p2a: Muk|spe|1","|-boost|p2a: Muk|atk|1","|-boost|p2a: Muk|def|1","|","|turn|14","|","|move|p1a: Uxie|U-turn|p2a: Muk","|-resisted|p2a: Muk","|-damage|p2a: Muk|402/414 par","|","|switch|p1a: Mew|Mew|401/401","|move|p2a: Muk|Curse|p2a: Muk","|-unboost|p2a: Muk|spe|1","|-boost|p2a: Muk|atk|1","|-boost|p2a: Muk|def|1","|","|-heal|p2a: Muk|414/414 par|[from] item: Black Sludge","|turn|15","|","|move|p2a: Muk|Shadow Sneak|p1a: Mew","|-crit|p1a: Mew","|-supereffective|p1a: Mew","|-damage|p1a: Mew|211/401","|move|p1a: Mew|Taunt|p2a: Muk","|-start|p2a: Muk|move: Taunt","|","|-heal|p1a: Mew|236/401|[from] item: Leftovers","|turn|16","|","|move|p2a: Muk|Shadow Sneak|p1a: Mew","|-supereffective|p1a: Mew","|-damage|p1a: Mew|94/401","|move|p1a: Mew|Roost|p1a: Mew","|-heal|p1a: Mew|295/401","|","|-heal|p1a: Mew|320/401|[from] item: Leftovers","|turn|17","|","|move|p2a: Muk|Shadow Sneak|p1a: Mew","|-supereffective|p1a: Mew","|-damage|p1a: Mew|186/401","|move|p1a: Mew|Roost|p1a: Mew","|-heal|p1a: Mew|387/401","|","|-heal|p1a: Mew|401/401|[from] item: Leftovers","|turn|18","|","|move|p2a: Muk|Shadow Sneak|p1a: Mew","|-supereffective|p1a: Mew","|-damage|p1a: Mew|277/401","|move|p1a: Mew|Knock Off|p2a: Muk","|-damage|p2a: Muk|383/414 par","|-enditem|p2a: Muk|Black Sludge|[from] move: Knock Off|[of] p1a: Mew","|","|-heal|p1a: Mew|302/401|[from] item: Leftovers","|-end|p2a: Muk|move: Taunt","|turn|19","|","|move|p1a: Mew|Taunt|p2a: Muk","|-start|p2a: Muk|move: Taunt","|cant|p2a: Muk|move: Taunt|Curse","|","|-heal|p1a: Mew|327/401|[from] item: Leftovers","|turn|20","|","|switch|p1a: Uxie|Uxie|5/351","|move|p2a: Muk|Ice Punch|p1a: Uxie","|-damage|p1a: Uxie|0 fnt","|faint|p1a: Uxie","|","|","|switch|p1a: Gardevoir|Gardevoir, M|278/278","|-ability|p1a: Gardevoir|Stench|[from] ability: Trace|[of] p2a: Muk","|turn|21","|","|detailschange|p1a: Gardevoir|Gardevoir-Mega, M","|-mega|p1a: Gardevoir|Gardevoir|Gardevoirite","|move|p2a: Muk|Shadow Sneak|p1a: Gardevoir","|-supereffective|p1a: Gardevoir","|-damage|p1a: Gardevoir|104/278","|move|p1a: Gardevoir|Psyshock|p2a: Muk","|-supereffective|p2a: Muk","|-damage|p2a: Muk|225/414 par","|","|-end|p2a: Muk|move: Taunt","|turn|22","|","|move|p2a: Muk|Shadow Sneak|p1a: Gardevoir","|-supereffective|p1a: Gardevoir","|-damage|p1a: Gardevoir|0 fnt","|faint|p1a: Gardevoir","|","|","|switch|p1a: Meloetta|Meloetta|351/351","|turn|23","|","|move|p1a: Meloetta|Relic Song|p2a: Muk","|-crit|p2a: Muk","|-damage|p2a: Muk|83/414 par","|-formechange|p1a: Meloetta|Meloetta-Pirouette|[msg]","|move|p2a: Muk|Fire Punch|p1a: Meloetta","|-damage|p1a: Meloetta|222/351","|","|turn|24","|","|move|p1a: Meloetta|Stone Edge|p2a: Muk","|-damage|p2a: Muk|34/414 par","|move|p2a: Muk|Fire Punch|p1a: Meloetta","|-crit|p1a: Meloetta","|-damage|p1a: Meloetta|25/351","|","|turn|25","|","|move|p1a: Meloetta|Stone Edge|p2a: Muk","|-damage|p2a: Muk|0 fnt","|faint|p2a: Muk","|","|","|switch|p2a: Qwilfish|Qwilfish, M|310/310","|-damage|p2a: Qwilfish|272/310|[from] Stealth Rock","|-ability|p2a: Qwilfish|Intimidate","|-unboost|p1a: Meloetta|atk|1","|turn|26","|","|switch|p1a: Starmie|Starmie|323/323","|move|p2a: Qwilfish|Aqua Jet|p1a: Starmie","|-resisted|p1a: Starmie","|-damage|p1a: Starmie|292/323","|","|-heal|p1a: Starmie|312/323|[from] item: Leftovers","|turn|27","|","|move|p1a: Starmie|Scald|p2a: Qwilfish","|-resisted|p2a: Qwilfish","|-damage|p2a: Qwilfish|188/310","|move|p2a: Qwilfish|Payback|p1a: Starmie","|-supereffective|p1a: Starmie","|-damage|p1a: Starmie|106/323","|","|-heal|p1a: Starmie|126/323|[from] item: Leftovers","|turn|28","|","|move|p1a: Starmie|Recover|p1a: Starmie","|-heal|p1a: Starmie|288/323","|move|p2a: Qwilfish|Thunder Wave|p1a: Starmie","|-status|p1a: Starmie|par","|","|-heal|p1a: Starmie|308/323 par|[from] item: Leftovers","|turn|29","|","|switch|p1a: Meloetta|Meloetta|25/351","|move|p2a: Qwilfish|Payback|p1a: Meloetta","|-supereffective|p1a: Meloetta","|-damage|p1a: Meloetta|0 fnt","|faint|p1a: Meloetta","|","|","|switch|p1a: Mew|Mew|327/401","|turn|30","|","|move|p1a: Mew|Will-O-Wisp|p2a: Qwilfish","|-status|p2a: Qwilfish|brn","|move|p2a: Qwilfish|Thunder Wave|p1a: Mew","|-status|p1a: Mew|par","|","|-heal|p1a: Mew|352/401 par|[from] item: Leftovers","|-damage|p2a: Qwilfish|150/310 brn|[from] brn","|turn|31","|","|move|p2a: Qwilfish|Payback|p1a: Mew","|-supereffective|p1a: Mew","|-damage|p1a: Mew|301/401 par","|move|p1a: Mew|Knock Off|p2a: Qwilfish","|-damage|p2a: Qwilfish|60/310 brn","|-enditem|p2a: Qwilfish|Starf Berry|[from] move: Knock Off|[of] p1a: Mew","|","|-heal|p1a: Mew|326/401 par|[from] item: Leftovers","|-damage|p2a: Qwilfish|22/310 brn|[from] brn","|turn|32","|","|move|p2a: Qwilfish|Poison Jab|p1a: Mew","|-damage|p1a: Mew|272/401 par","|cant|p1a: Mew|par","|","|-heal|p1a: Mew|297/401 par|[from] item: Leftovers","|-damage|p2a: Qwilfish|0 fnt|[from] brn","|faint|p2a: Qwilfish","|","|switch|p2a: Roserade|Roserade, M|300/300","|-damage|p2a: Roserade|263/300|[from] Stealth Rock","|turn|33","|","|move|p2a: Roserade|Leech Seed|p1a: Mew","|-start|p1a: Mew|move: Leech Seed","|move|p1a: Mew|Roost|p1a: Mew","|-heal|p1a: Mew|401/401 par","|","|-heal|p2a: Roserade|281/300|[from] item: Black Sludge","|-damage|p1a: Mew|351/401 par|[from] Leech Seed|[of] p2a: Roserade","|-heal|p2a: Roserade|300/300|[silent]","|turn|34","|","|switch|p1a: Victini|Victini|341/341","|move|p2a: Roserade|Spikes|p1a: Victini","|-sidestart|p1: Erica*07|Spikes","|","|turn|35","|","|move|p1a: Victini|V-create|p2a: Roserade","|-supereffective|p2a: Roserade","|-damage|p2a: Roserade|0 fnt","|-unboost|p1a: Victini|spe|1","|-unboost|p1a: Victini|def|1","|-unboost|p1a: Victini|spd|1","|faint|p2a: Roserade","|","|","|switch|p2a: Scolipede|Scolipede, M|275/275","|-damage|p2a: Scolipede|207/275|[from] Stealth Rock","|turn|36","|","|move|p1a: Victini|V-create|p2a: Scolipede","|-supereffective|p2a: Scolipede","|-damage|p2a: Scolipede|0 fnt","|-unboost|p1a: Victini|spe|1","|-unboost|p1a: Victini|def|1","|-unboost|p1a: Victini|spd|1","|faint|p2a: Scolipede","|","|","|switch|p2a: Venomoth|Venomoth, F|298/298","|-damage|p2a: Venomoth|224/298|[from] Stealth Rock","|turn|37","|","|switch|p1a: Starmie|Starmie|308/323","|-damage|p1a: Starmie|268/323|[from] Spikes","|move|p2a: Venomoth|Sludge Bomb|p1a: Starmie","|-damage|p1a: Starmie|133/323","|","|-heal|p1a: Starmie|153/323|[from] item: Leftovers","|turn|38","|","|switch|p1a: Victini|Victini|341/341","|-damage|p1a: Victini|299/341|[from] Spikes","|move|p2a: Venomoth|Quiver Dance|p2a: Venomoth","|-boost|p2a: Venomoth|spa|1","|-boost|p2a: Venomoth|spd|1","|-boost|p2a: Venomoth|spe|1","|","|turn|39","|","|move|p1a: Victini|V-create|p2a: Venomoth","|-supereffective|p2a: Venomoth","|-damage|p2a: Venomoth|0 fnt","|-unboost|p1a: Victini|spe|1","|-unboost|p1a: Victini|def|1","|-unboost|p1a: Victini|spd|1","|faint|p2a: Venomoth","|","|win|Erica*07"],"p1rating":{"entryid":"583798","serverid":"eos","formatid":"monotype","userid":"erica07","username":"Erica*07","w":2,"l":"0","t":"0","gxe":58.8,"r":"1540.1606143388","rd":"123.22070420879","sigma":"0","rptime":"1441011600","rpr":1570.7786465224,"rprd":116.95643465189,"rpsigma":"0","acre":1074.9169450975,"lacre":1074.9169450975,"oldacre":"1040"},"p2rating":{"entryid":"386564","serverid":"eos","formatid":"monotype","userid":"raiteri","username":"Raiteri","w":"2","l":4,"t":"0","gxe":43.8,"r":"1472.8130030917","rd":"102.37895576313","sigma":"0","rptime":"1441011600","rpr":1451.3030159847,"rprd":98.839129269093,"rpsigma":"0","acre":1031.4969981039,"lacre":1031.4969981039,"oldacre":"1049.3722537513"},"endType":"normal"}