{"seed":[9458,21668,39025,12650],"turns":23,"p1":"Primal Geo","p2":"V Photon","p1team":[{"name":"Nosepass","species":"Nosepass","item":"berryjuice","ability":"Sturdy","moves":["painsplit","toxic","stealthrock","protect"],"nature":"Naive","evs":{"hp":0,"atk":252,"def":0,"spa":0,"spd":0,"spe":252},"shiny":true,"level":1,"ivs":{"hp":31,"atk":31,"def":31,"spa":31,"spd":31,"spe":31}},{"name":"Archeops","species":"Archeops","item":"focussash","ability":"Defeatist","moves":["endeavor","quickattack","uturn","acrobatics"],"nature":"Lonely","evs":{"hp":4,"atk":252,"def":0,"spa":0,"spd":0,"spe":252},"ivs":{"hp":31,"atk":31,"def":31,"spa":31,"spd":31,"spe":31}},{"name":"Terrakion","species":"Terrakion","item":"choicescarf","ability":"Justified","moves":["closecombat","rockslide","earthquake","poisonjab"],"nature":"Adamant","evs":{"hp":4,"atk":252,"def":0,"spa":0,"spd":0,"spe":252},"ivs":{"hp":31,"atk":31,"def":31,"spa":31,"spd":31,"spe":31}},{"name":"Cradily","species":"Cradily","item":"leftovers","ability":"Storm Drain","moves":["gigadrain","toxic","stockpile","recover"],"nature":"Bold","evs":{"hp":128,"atk":0,"def":252,"spa":0,"spd":128,"spe":0},"ivs":{"hp":31,"atk":31,"def":31,"spa":31,"spd":31,"spe":31}},{"name":"Diancie","species":"Diancie","item":"diancite","ability":"Clear Body","moves":["diamondstorm","moonblast","calmmind","protect"],"nature":"Timid","evs":{"hp":0,"atk":128,"def":0,"spa":128,"spd":0,"spe":252},"ivs":{"hp":31,"atk":31,"def":31,"spa":31,"spd":31,"spe":31}},{"name":"Tyranitar","species":"Tyranitar","item":"leftovers","ability":"Sand Stream","moves":["taunt","stealthrock","pursuit","earthquake"],"nature":"Impish","evs":{"hp":128,"atk":128,"def":252,"spa":0,"spd":0,"spe":0},"ivs":{"hp":31,"atk":31,"def":31,"spa":31,"spd":31,"spe":31}}],"p2team":[{"name":"Stun","species":"venusaur","item":"venusaurite","ability":"Overgrow","moves":["sludgebomb","synthesis","earthquake","hiddenpowerfire"],"nature":"Modest","evs":{"hp":248,"atk":0,"def":108,"spa":64,"spd":88,"spe":0},"ivs":{"hp":31,"atk":30,"def":31,"spa":30,"spd":31,"spe":30}},{"name":"Myth","species":"ferrothorn","item":"rockyhelmet","ability":"Iron Barbs","moves":["stealthrock","leechseed","gyroball","toxic"],"nature":"Relaxed","evs":{"hp":252,"atk":0,"def":88,"spa":0,"spd":168,"spe":0},"ivs":{"hp":31,"atk":31,"def":31,"spa":31,"spd":31,"spe":31}},{"name":"Lonely","species":"cradily","item":"leftovers","ability":"Storm Drain","moves":["curse","earthquake","synthesis","rockslide"],"nature":"Careful","evs":{"hp":252,"atk":0,"def":4,"spa":0,"spd":252,"spe":0},"ivs":{"hp":31,"atk":31,"def":31,"spa":31,"spd":31,"spe":31}},{"name":"Kray","species":"roserade","item":"choicescarf","ability":"Technician","moves":["sludgebomb","hiddenpowerice","energyball","dazzlinggleam"],"nature":"Timid","evs":{"hp":0,"atk":0,"def":0,"spa":252,"spd":4,"spe":252},"ivs":{"hp":31,"atk":30,"def":30,"spa":31,"spd":31,"spe":31}},{"name":"Neo","species":"shiftry","item":"lifeorb","ability":"Chlorophyll","moves":["knockoff","suckerpunch","rockslide","swordsdance"],"nature":"Adamant","evs":{"hp":0,"atk":252,"def":0,"spa":0,"spd":4,"spe":252},"ivs":{"hp":31,"atk":31,"def":31,"spa":31,"spd":31,"spe":31}},{"name":"Sam","species":"breloom","item":"toxicorb","ability":"Poison Heal","moves":["swordsdance","drainpunch","seedbomb","machpunch"],"nature":"Jolly","evs":{"hp":12,"atk":244,"def":0,"spa":0,"spd":0,"spe":252},"ivs":{"hp":31,"atk":31,"def":31,"spa":31,"spd":31,"spe":31}}],"log":["|player|p1|Primal Geo|primalgeo.png","|player|p2|V Photon|169","|gametype|singles","|gen|6","|tier|Monotype","|rated","|rule|Baton Pass Clause: Limit one Baton Passer, can't pass Spe and other stats simultaneously","|rule|Swagger Clause: Swagger is banned","|rule|Same Type Clause: Pokémon in a team must share a type","|clearpoke","|poke|p1|Nosepass, L1, M, shiny","|poke|p1|Archeops, M","|poke|p1|Terrakion","|poke|p1|Cradily, F","|poke|p1|Diancie","|poke|p1|Tyranitar, M","|poke|p2|Venusaur, F","|poke|p2|Ferrothorn, F","|poke|p2|Cradily, F","|poke|p2|Roserade, M","|poke|p2|Shiftry, F","|poke|p2|Breloom, F","|rule|Sleep Clause Mod: Limit one foe put to sleep","|rule|Species Clause: Limit one of each Pokémon","|rule|OHKO Clause: OHKO moves are banned","|rule|Moody Clause: Moody is banned","|rule|Evasion Moves Clause: Evasion moves are banned","|rule|Endless Battle Clause: Forcing endless battles is banned","|rule|HP Percentage Mod: HP is shown in percentages","|teampreview","|","|start","|switch|p1a: Tyranitar|Tyranitar, M|373/373","|switch|p2a: Sam|Breloom, F|264/264","|-weather|Sandstorm","|turn|1","|","|switch|p1a: Cradily|Cradily, F|345/345","|move|p2a: Sam|Drain Punch|p1a: Cradily","|-supereffective|p1a: Cradily","|-damage|p1a: Cradily|147/345","|","|-weather|Sandstorm|[upkeep]","|-damage|p2a: Sam|248/264|[from] sandstorm","|-heal|p1a: Cradily|168/345|[from] item: Leftovers","|-status|p2a: Sam|tox|[from] item: Toxic Orb","|turn|2","|","|move|p2a: Sam|Swords Dance|p2a: Sam","|-boost|p2a: Sam|atk|2","|move|p1a: Cradily|Recover|p1a: Cradily","|-heal|p1a: Cradily|341/345","|","|-weather|Sandstorm|[upkeep]","|-damage|p2a: Sam|232/264 tox|[from] sandstorm","|-heal|p1a: Cradily|345/345|[from] item: Leftovers","|-heal|p2a: Sam|264/264 tox|[from] ability: Poison Heal","|turn|3","|","|switch|p1a: Archeops|Archeops, M|292/292","|move|p2a: Sam|Swords Dance|p2a: Sam","|-boost|p2a: Sam|atk|2","|","|-weather|Sandstorm|[upkeep]","|-damage|p2a: Sam|248/264 tox|[from] sandstorm","|-heal|p2a: Sam|264/264 tox|[from] ability: Poison Heal","|turn|4","|","|move|p2a: Sam|Mach Punch|p1a: Archeops","|-enditem|p1a: Archeops|Focus Sash","|-damage|p1a: Archeops|1/292","|move|p1a: Archeops|Acrobatics|p2a: Sam","|-supereffective|p2a: Sam","|-damage|p2a: Sam|0 fnt","|faint|p2a: Sam","|","|-weather|Sandstorm|[upkeep]","|","|switch|p2a: Kray|Roserade, M|261/261","|turn|5","|","|move|p2a: Kray|Energy Ball|p1a: Archeops","|-damage|p1a: Archeops|0 fnt","|faint|p1a: Archeops","|","|-weather|none","|","|switch|p1a: Cradily|Cradily, F|345/345","|turn|6","|","|switch|p2a: Neo|Shiftry, F|321/321","|move|p1a: Cradily|Stockpile|p1a: Cradily","|-start|p1a: Cradily|stockpile1","|-boost|p1a: Cradily|def|1","|-boost|p1a: Cradily|spd|1","|","|turn|7","|","|move|p2a: Neo|Swords Dance|p2a: Neo","|-boost|p2a: Neo|atk|2","|move|p1a: Cradily|Toxic|p2a: Neo","|-status|p2a: Neo|tox","|","|-damage|p2a: Neo|301/321 tox|[from] psn","|turn|8","|","|move|p2a: Neo|Swords Dance|p2a: Neo","|-boost|p2a: Neo|atk|2","|move|p1a: Cradily|Recover|p1a: Cradily","|-fail|p1a: Cradily","|","|-damage|p2a: Neo|261/321 tox|[from] psn","|turn|9","|","|switch|p1a: Nosepass|Nosepass, L1, M, shiny|11/11","|move|p2a: Neo|Knock Off|p1a: Nosepass","|-ability|p1a: Nosepass|Sturdy","|-damage|p1a: Nosepass|1/11","|-enditem|p1a: Nosepass|Berry Juice|[from] move: Knock Off|[of] p2a: Neo","|-damage|p2a: Neo|229/321 tox|[from] item: Life Orb","|","|-damage|p2a: Neo|169/321 tox|[from] psn","|turn|10","|","|move|p1a: Nosepass|Protect|p1a: Nosepass","|-singleturn|p1a: Nosepass|Protect","|move|p2a: Neo|Knock Off|p1a: Nosepass","|-activate|p1a: Nosepass|Protect","|","|-damage|p2a: Neo|89/321 tox|[from] psn","|turn|11","|","|switch|p1a: Diancie|Diancie|241/241","|move|p2a: Neo|Knock Off|p1a: Diancie","|-resisted|p1a: Diancie","|-damage|p1a: Diancie|102/241","|-damage|p2a: Neo|57/321 tox|[from] item: Life Orb","|","|-damage|p2a: Neo|0 fnt|[from] psn","|faint|p2a: Neo","|","|switch|p2a: Kray|Roserade, M|261/261","|turn|12","|","|switch|p1a: Cradily|Cradily, F|345/345","|move|p2a: Kray|Energy Ball|p1a: Cradily","|-damage|p1a: Cradily|224/345","|","|-heal|p1a: Cradily|245/345|[from] item: Leftovers","|turn|13","|","|switch|p2a: Myth|Ferrothorn, F|352/352","|move|p1a: Cradily|Stockpile|p1a: Cradily","|-start|p1a: Cradily|stockpile1","|-boost|p1a: Cradily|def|1","|-boost|p1a: Cradily|spd|1","|","|-heal|p1a: Cradily|266/345|[from] item: Leftovers","|turn|14","|","|switch|p1a: Tyranitar|Tyranitar, M|373/373","|-weather|Sandstorm","|move|p2a: Myth|Toxic|p1a: Tyranitar","|-status|p1a: Tyranitar|tox","|","|-weather|Sandstorm|[upkeep]","|-damage|p1a: Tyranitar|350/373 tox|[from] psn","|turn|15","|","|switch|p2a: Lonely|Cradily, F|376/376","|move|p1a: Tyranitar|Taunt|p2a: Lonely","|-start|p2a: Lonely|move: Taunt","|","|-weather|Sandstorm|[upkeep]","|-heal|p1a: Tyranitar|373/373 tox|[from] item: Leftovers","|-damage|p1a: Tyranitar|327/373 tox|[from] psn","|turn|16","|","|move|p1a: Tyranitar|Stealth Rock|p2a: Lonely","|-sidestart|p2: V Photon|move: Stealth Rock","|move|p2a: Lonely|Earthquake|p1a: Tyranitar","|-supereffective|p1a: Tyranitar","|-damage|p1a: Tyranitar|235/373 tox","|","|-weather|Sandstorm|[upkeep]","|-heal|p1a: Tyranitar|258/373 tox|[from] item: Leftovers","|-damage|p1a: Tyranitar|189/373 tox|[from] psn","|turn|17","|","|move|p1a: Tyranitar|Earthquake|p2a: Lonely","|-damage|p2a: Lonely|267/376","|move|p2a: Lonely|Earthquake|p1a: Tyranitar","|-supereffective|p1a: Tyranitar","|-damage|p1a: Tyranitar|97/373 tox","|","|-weather|Sandstorm|[upkeep]","|-heal|p1a: Tyranitar|120/373 tox|[from] item: Leftovers","|-heal|p2a: Lonely|290/376|[from] item: Leftovers","|-damage|p1a: Tyranitar|28/373 tox|[from] psn","|-end|p2a: Lonely|move: Taunt","|turn|18","|","|move|p1a: Tyranitar|Taunt|p2a: Lonely","|-start|p2a: Lonely|move: Taunt","|move|p2a: Lonely|Earthquake|p1a: Tyranitar","|-supereffective|p1a: Tyranitar","|-damage|p1a: Tyranitar|0 fnt","|faint|p1a: Tyranitar","|","|-weather|none","|-heal|p2a: Lonely|313/376|[from] item: Leftovers","|","|switch|p1a: Terrakion|Terrakion|324/324","|turn|19","|","|switch|p2a: Stun|Venusaur, F|363/363","|-damage|p2a: Stun|318/363|[from] Stealth Rock","|move|p1a: Terrakion|Close Combat|p2a: Stun","|-resisted|p2a: Stun","|-damage|p2a: Stun|189/363","|-unboost|p1a: Terrakion|def|1","|-unboost|p1a: Terrakion|spd|1","|","|turn|20","|","|switch|p1a: Nosepass|Nosepass, L1, M, shiny|1/11","|detailschange|p2a: Stun|Venusaur-Mega, F","|-mega|p2a: Stun|Venusaur|Venusaurite","|move|p2a: Stun|Synthesis|p2a: Stun","|-heal|p2a: Stun|363/363","|","|turn|21","|","|move|p2a: Stun|Hidden Power|p1a: Nosepass","|-resisted|p1a: Nosepass","|-damage|p1a: Nosepass|0 fnt","|faint|p1a: Nosepass","|","|","|switch|p1a: Terrakion|Terrakion|324/324","|turn|22","|","|move|p1a: Terrakion|Earthquake|p2a: Stun","|-damage|p2a: Stun|260/363","|move|p2a: Stun|Earthquake|p1a: Terrakion","|-supereffective|p1a: Terrakion","|-damage|p1a: Terrakion|176/324","|","|turn|23","|","|win|V Photon"],"p1rating":{"entryid":"523888","serverid":"eos","formatid":"monotype","userid":"primalgeo","username":"Primal Geo","w":"4","l":6,"t":"0","gxe":46.5,"r":"1498.0399351262","rd":"107.20585211877","sigma":"0","rptime":"1441011600","rpr":1472.3901218384,"rprd":88.277551281582,"rpsigma":"0","acre":1073.3632368275,"lacre":1073.3632368275,"oldacre":"1093.1086790524"},"p2rating":{"entryid":"24749","serverid":"eos","formatid":"monotype","userid":"vphoton","username":"V Photon - ⓈⓁⒺⒺⓅ","w":13,"l":"15","t":"0","gxe":47.8,"r":"1431.5539054604","rd":"70.532250456261","sigma":"0","rptime":"1441011600","rpr":1483.3209043405,"rprd":63.925314702371,"rpsigma":"0","acre":1175.5395597455,"lacre":1175.5395597455,"oldacre":"1154.9424706097"},"endType":"forfeit"}