{"seed":[38882,24259,10044,39976],"turns":30,"p1":"SL Aqua","p2":"Knight Miku","p1team":[{"name":"Deepthroat","species":"toxicroak","item":"focussash","ability":"Poison Touch","moves":["swordsdance","drainpunch","suckerpunch","poisonjab"],"nature":"Adamant","evs":{"hp":4,"atk":252,"def":0,"spa":0,"spd":0,"spe":252},"gender":"M","ivs":{"hp":31,"atk":31,"def":31,"spa":31,"spd":31,"spe":31}},{"name":"Rosie","species":"venusaur","item":"venusaurite","ability":"Chlorophyll","moves":["sludgebomb","gigadrain","sleeppowder","leechseed"],"nature":"Modest","evs":{"hp":0,"atk":0,"def":252,"spa":4,"spd":252,"spe":0},"gender":"F","ivs":{"hp":31,"atk":31,"def":31,"spa":31,"spd":31,"spe":31}},{"name":"Big Big Bug","species":"scolipede","item":"focussash","ability":"Speed Boost","moves":["swordsdance","earthquake","xscissor","rockslide"],"nature":"Adamant","evs":{"hp":4,"atk":252,"def":0,"spa":0,"spd":0,"spe":252},"gender":"M","ivs":{"hp":31,"atk":31,"def":31,"spa":31,"spd":31,"spe":31}},{"name":"Goober","species":"muk","item":"blacksludge","ability":"Poison Touch","moves":["shadowsneak","poisonjab","icepunch","acidarmor"],"nature":"Adamant","evs":{"hp":4,"atk":252,"def":0,"spa":0,"spd":252,"spe":0},"gender":"M","ivs":{"hp":31,"atk":31,"def":31,"spa":31,"spd":31,"spe":31}},{"name":"King Nido","species":"nidoking","item":"choicescarf","ability":"Sheer Force","moves":["icebeam","sludgewave","earthpower","shadowball"],"nature":"Modest","evs":{"hp":4,"atk":0,"def":0,"spa":252,"spd":0,"spe":252},"ivs":{"hp":31,"atk":31,"def":31,"spa":31,"spd":31,"spe":31}},{"name":"Jellyjelly","species":"tentacruel","item":"blacksludge","ability":"Liquid Ooze","moves":["rapidspin","scald","toxicspikes","infestation"],"nature":"Bold","evs":{"hp":252,"atk":0,"def":240,"spa":0,"spd":0,"spe":16},"gender":"F","ivs":{"hp":31,"atk":31,"def":31,"spa":31,"spd":31,"spe":31}}],"p2team":[{"name":"Ampharos","species":"Ampharos","item":"ampharosite","ability":"Static","moves":["powergem","healbell","toxic","dragonpulse"],"nature":"Calm","evs":{"hp":248,"atk":0,"def":0,"spa":8,"spd":252,"spe":0},"ivs":{"hp":31,"atk":0,"def":31,"spa":31,"spd":31,"spe":31}},{"name":"Zapdos","species":"Zapdos","item":"leftovers","ability":"Pressure","moves":["discharge","heatwave","roost","defog"],"nature":"Calm","evs":{"hp":252,"atk":0,"def":0,"spa":4,"spd":252,"spe":0},"ivs":{"hp":31,"atk":0,"def":31,"spa":31,"spd":31,"spe":31}},{"name":"Rotom-Wash","species":"Rotom-Wash","item":"leftovers","ability":"Levitate","moves":["hydropump","voltswitch","willowisp","painsplit"],"nature":"Calm","evs":{"hp":252,"atk":0,"def":0,"spa":4,"spd":252,"spe":0},"ivs":{"hp":31,"atk":0,"def":31,"spa":31,"spd":31,"spe":31}},{"name":"Raikou","species":"Raikou","item":"leftovers","ability":"Pressure","moves":["hiddenpowerice","extrasensory","thunderbolt","calmmind"],"nature":"Timid","evs":{"hp":0,"atk":0,"def":4,"spa":252,"spd":0,"spe":252},"ivs":{"hp":31,"atk":0,"def":30,"spa":31,"spd":31,"spe":31}},{"name":"Thundurus","species":"Thundurus","item":"lifeorb","ability":"Prankster","moves":["superpower","knockoff","thunderwave","taunt"],"nature":"Jolly","evs":{"hp":0,"atk":252,"def":0,"spa":0,"spd":4,"spe":252},"ivs":{"hp":31,"atk":31,"def":31,"spa":31,"spd":31,"spe":31}},{"name":"Magnezone","species":"Magnezone","item":"choicespecs","ability":"Sturdy","moves":["signalbeam","thunderbolt","flashcannon","hiddenpowergrass"],"nature":"Modest","evs":{"hp":248,"atk":0,"def":0,"spa":252,"spd":8,"spe":0},"ivs":{"hp":31,"atk":0,"def":31,"spa":30,"spd":31,"spe":31}}],"log":["|player|p1|SL Aqua|141","|player|p2|Knight Miku|23","|gametype|singles","|gen|6","|tier|Monotype","|rated","|rule|Baton Pass Clause: Limit one Baton Passer, can't pass Spe and other stats simultaneously","|rule|Swagger Clause: Swagger is banned","|rule|Same Type Clause: Pokémon in a team must share a type","|clearpoke","|poke|p1|Toxicroak, M","|poke|p1|Venusaur, F","|poke|p1|Scolipede, M","|poke|p1|Muk, M","|poke|p1|Nidoking, M","|poke|p1|Tentacruel, F","|poke|p2|Ampharos, M","|poke|p2|Zapdos","|poke|p2|Rotom-Wash","|poke|p2|Raikou","|poke|p2|Thundurus, M","|poke|p2|Magnezone","|rule|Sleep Clause Mod: Limit one foe put to sleep","|rule|Species Clause: Limit one of each Pokémon","|rule|OHKO Clause: OHKO moves are banned","|rule|Moody Clause: Moody is banned","|rule|Evasion Moves Clause: Evasion moves are banned","|rule|Endless Battle Clause: Forcing endless battles is banned","|rule|HP Percentage Mod: HP is shown in percentages","|teampreview","|","|start","|switch|p1a: Goober|Muk, M|352/352","|switch|p2a: Thundurus|Thundurus, M|299/299","|turn|1","|","|move|p2a: Thundurus|Taunt|p1a: Goober","|-start|p1a: Goober|move: Taunt","|cant|p1a: Goober|move: Taunt|Acid Armor","|","|turn|2","|","|switch|p2a: Rotom-Wash|Rotom-Wash|304/304","|move|p1a: Goober|Ice Punch|p2a: Rotom-Wash","|-resisted|p2a: Rotom-Wash","|-damage|p2a: Rotom-Wash|263/304","|","|-heal|p2a: Rotom-Wash|282/304|[from] item: Leftovers","|turn|3","|","|move|p2a: Rotom-Wash|Volt Switch|p1a: Goober","|-damage|p1a: Goober|285/352","|","|switch|p2a: Magnezone|Magnezone|343/343","|move|p1a: Goober|Poison Jab|p2a: Magnezone","|-immune|p2a: Magnezone|[msg]","|","|-heal|p1a: Goober|307/352|[from] item: Black Sludge","|-end|p1a: Goober|move: Taunt","|turn|4","|","|move|p2a: Magnezone|Thunderbolt|p1a: Goober","|-crit|p1a: Goober","|-damage|p1a: Goober|10/352","|move|p1a: Goober|Acid Armor|p1a: Goober","|-boost|p1a: Goober|def|2","|","|-heal|p1a: Goober|32/352|[from] item: Black Sludge","|turn|5","|","|switch|p2a: Rotom-Wash|Rotom-Wash|282/304","|move|p1a: Goober|Shadow Sneak|p2a: Rotom-Wash","|-damage|p2a: Rotom-Wash|241/304","|","|-heal|p2a: Rotom-Wash|260/304|[from] item: Leftovers","|-heal|p1a: Goober|54/352|[from] item: Black Sludge","|turn|6","|","|move|p1a: Goober|Shadow Sneak|p2a: Rotom-Wash","|-damage|p2a: Rotom-Wash|215/304","|move|p2a: Rotom-Wash|Volt Switch|p1a: Goober","|-damage|p1a: Goober|0 fnt","|faint|p1a: Goober","|","|switch|p2a: Thundurus|Thundurus, M|299/299","|","|","|switch|p1a: King Nido|Nidoking, M|304/304","|turn|7","|","|move|p1a: King Nido|Earth Power|p2a: Thundurus","|-immune|p2a: Thundurus|[msg]","|move|p2a: Thundurus|Knock Off|p1a: King Nido","|-damage|p1a: King Nido|139/304","|-enditem|p1a: King Nido|Choice Scarf|[from] move: Knock Off|[of] p2a: Thundurus","|-damage|p2a: Thundurus|270/299|[from] item: Life Orb","|","|turn|8","|","|switch|p2a: Rotom-Wash|Rotom-Wash|215/304","|move|p1a: King Nido|Ice Beam|p2a: Rotom-Wash","|-resisted|p2a: Rotom-Wash","|-damage|p2a: Rotom-Wash|172/304","|","|-heal|p2a: Rotom-Wash|191/304|[from] item: Leftovers","|turn|9","|","|switch|p2a: Magnezone|Magnezone|343/343","|move|p1a: King Nido|Shadow Ball|p2a: Magnezone","|-damage|p2a: Magnezone|235/343","|","|turn|10","|","|switch|p2a: Rotom-Wash|Rotom-Wash|191/304","|move|p1a: King Nido|Shadow Ball|p2a: Rotom-Wash","|-damage|p2a: Rotom-Wash|125/304","|","|-heal|p2a: Rotom-Wash|144/304|[from] item: Leftovers","|turn|11","|","|move|p1a: King Nido|Sludge Wave|p2a: Rotom-Wash","|-damage|p2a: Rotom-Wash|17/304","|move|p2a: Rotom-Wash|Hydro Pump|p1a: King Nido|[miss]","|-miss|p2a: Rotom-Wash|p1a: King Nido","|","|-heal|p2a: Rotom-Wash|36/304|[from] item: Leftovers","|turn|12","|","|move|p1a: King Nido|Shadow Ball|p2a: Rotom-Wash","|-damage|p2a: Rotom-Wash|0 fnt","|faint|p2a: Rotom-Wash","|","|","|switch|p2a: Raikou|Raikou|321/321","|-ability|p2a: Raikou|Pressure","|turn|13","|","|move|p2a: Raikou|Extrasensory|p1a: King Nido","|-supereffective|p1a: King Nido","|-damage|p1a: King Nido|0 fnt","|faint|p1a: King Nido","|","|","|switch|p1a: Jellyjelly|Tentacruel, F|364/364","|turn|14","|","|move|p2a: Raikou|Calm Mind|p2a: Raikou","|-boost|p2a: Raikou|spa|1","|-boost|p2a: Raikou|spd|1","|move|p1a: Jellyjelly|Infestation|p2a: Raikou","|-damage|p2a: Raikou|311/321","|-activate|p2a: Raikou|move: Infestation|[of] p1a: Jellyjelly","|","|-heal|p2a: Raikou|321/321|[from] item: Leftovers","|-damage|p2a: Raikou|281/321|[from] move: Infestation|[partiallytrapped]","|turn|15","|","|move|p2a: Raikou|Thunderbolt|p1a: Jellyjelly","|-supereffective|p1a: Jellyjelly","|-damage|p1a: Jellyjelly|14/364","|move|p1a: Jellyjelly|Scald|p2a: Raikou","|-damage|p2a: Raikou|227/321","|","|-heal|p2a: Raikou|247/321|[from] item: Leftovers","|-heal|p1a: Jellyjelly|36/364|[from] item: Black Sludge","|-damage|p2a: Raikou|207/321|[from] move: Infestation|[partiallytrapped]","|turn|16","|","|move|p2a: Raikou|Thunderbolt|p1a: Jellyjelly","|-supereffective|p1a: Jellyjelly","|-damage|p1a: Jellyjelly|0 fnt","|faint|p1a: Jellyjelly","|","|-heal|p2a: Raikou|227/321|[from] item: Leftovers","|","|switch|p1a: Rosie|Venusaur, F|301/301","|turn|17","|","|detailschange|p1a: Rosie|Venusaur-Mega, F","|-mega|p1a: Rosie|Venusaur|Venusaurite","|move|p2a: Raikou|Calm Mind|p2a: Raikou","|-boost|p2a: Raikou|spa|1","|-boost|p2a: Raikou|spd|1","|move|p1a: Rosie|Sleep Powder|p2a: Raikou","|-status|p2a: Raikou|slp","|","|-heal|p2a: Raikou|247/321 slp|[from] item: Leftovers","|turn|18","|","|cant|p2a: Raikou|slp","|move|p1a: Rosie|Leech Seed|p2a: Raikou","|-start|p2a: Raikou|move: Leech Seed","|","|-heal|p2a: Raikou|267/321 slp|[from] item: Leftovers","|-damage|p2a: Raikou|227/321 slp|[from] Leech Seed|[of] p1a: Rosie","|turn|19","|","|cant|p2a: Raikou|slp","|move|p1a: Rosie|Sludge Bomb|p2a: Raikou","|-damage|p2a: Raikou|152/321 slp","|","|-heal|p2a: Raikou|172/321 slp|[from] item: Leftovers","|-damage|p2a: Raikou|132/321 slp|[from] Leech Seed|[of] p1a: Rosie","|turn|20","|","|cant|p2a: Raikou|slp","|move|p1a: Rosie|Sludge Bomb|p2a: Raikou","|-damage|p2a: Raikou|62/321 slp","|","|-heal|p2a: Raikou|82/321 slp|[from] item: Leftovers","|-damage|p2a: Raikou|42/321 slp|[from] Leech Seed|[of] p1a: Rosie","|turn|21","|","|-curestatus|p2a: Raikou|slp","|move|p2a: Raikou|Extrasensory|p1a: Rosie","|-supereffective|p1a: Rosie","|-damage|p1a: Rosie|51/301","|move|p1a: Rosie|Giga Drain|p2a: Raikou","|-damage|p2a: Raikou|0 fnt","|-heal|p1a: Rosie|72/301|[from] drain|[of] p2a: Raikou","|faint|p2a: Raikou","|","|","|switch|p2a: Ampharos|Ampharos, M|383/383","|turn|22","|","|detailschange|p2a: Ampharos|Ampharos-Mega, M","|-mega|p2a: Ampharos|Ampharos|Ampharosite","|-ability|p2a: Ampharos|Mold Breaker","|move|p1a: Rosie|Sleep Powder|p2a: Ampharos|[miss]","|-miss|p1a: Rosie|p2a: Ampharos","|move|p2a: Ampharos|Dragon Pulse|p1a: Rosie","|-damage|p1a: Rosie|0 fnt","|faint|p1a: Rosie","|","|","|switch|p1a: Big Big Bug|Scolipede, M|262/262","|turn|23","|","|move|p1a: Big Big Bug|Swords Dance|p1a: Big Big Bug","|-boost|p1a: Big Big Bug|atk|2","|move|p2a: Ampharos|Power Gem|p1a: Big Big Bug","|-supereffective|p1a: Big Big Bug","|-enditem|p1a: Big Big Bug|Focus Sash","|-damage|p1a: Big Big Bug|1/262","|","|-boost|p1a: Big Big Bug|spe|1|[from] ability: Speed Boost","|turn|24","|","|move|p1a: Big Big Bug|Earthquake|p2a: Ampharos","|-supereffective|p2a: Ampharos","|-damage|p2a: Ampharos|0 fnt","|faint|p2a: Ampharos","|","|-boost|p1a: Big Big Bug|spe|1|[from] ability: Speed Boost","|","|switch|p2a: Thundurus|Thundurus, M|270/299","|turn|25","|","|move|p2a: Thundurus|Thunder Wave|p1a: Big Big Bug","|-status|p1a: Big Big Bug|par","|cant|p1a: Big Big Bug|par","|","|-boost|p1a: Big Big Bug|spe|1|[from] ability: Speed Boost","|turn|26","|","|move|p2a: Thundurus|Knock Off|p1a: Big Big Bug","|-damage|p1a: Big Big Bug|0 fnt","|-damage|p2a: Thundurus|241/299|[from] item: Life Orb","|faint|p1a: Big Big Bug","|","|","|switch|p1a: Deepthroat|Toxicroak, M|308/308","|turn|27","|","|move|p2a: Thundurus|Thunder Wave|p1a: Deepthroat","|-status|p1a: Deepthroat|par","|cant|p1a: Deepthroat|par","|","|turn|28","|","|move|p2a: Thundurus|Knock Off|p1a: Deepthroat","|-resisted|p1a: Deepthroat","|-damage|p1a: Deepthroat|216/308 par","|-enditem|p1a: Deepthroat|Focus Sash|[from] move: Knock Off|[of] p2a: Thundurus","|-damage|p2a: Thundurus|212/299|[from] item: Life Orb","|move|p1a: Deepthroat|Swords Dance|p1a: Deepthroat","|-boost|p1a: Deepthroat|atk|2","|","|turn|29","|","|move|p1a: Deepthroat|Sucker Punch|p2a: Thundurus","|-damage|p2a: Thundurus|0 fnt","|faint|p2a: Thundurus","|","|","|switch|p2a: Magnezone|Magnezone|235/343","|turn|30","|","|cant|p1a: Deepthroat|par","|move|p2a: Magnezone|Thunderbolt|p1a: Deepthroat","|-damage|p1a: Deepthroat|0 fnt","|faint|p1a: Deepthroat","|","|win|Knight Miku"],"p1rating":{"entryid":"663579","serverid":"eos","formatid":"monotype","userid":"slaqua","username":"SL Aqua","w":"4","l":4,"t":"0","gxe":50.9,"r":"1500","rd":"130","sigma":"0","rptime":"1440925200","rpr":1507.2525868042,"rprd":91.388868817661,"rpsigma":"0","acre":1058.6191715326,"lacre":1058.6191715326,"oldacre":"1077.9711071034"},"p2rating":{"entryid":"161090","serverid":"eos","formatid":"monotype","userid":"knightmiku","username":"Knight Miku","w":13,"l":"9","t":"0","gxe":58.5,"r":"1554.722394232","rd":"70.380329163197","sigma":"0","rptime":"1440925200","rpr":1565.6220772294,"rprd":69.202393634388,"rpsigma":"0","acre":1137.9500783065,"lacre":1137.9500783065,"oldacre":"1115.6507680291"},"endType":"normal"}