{"seed":[43387,26170,315,61660],"turns":28,"p1":"Marx-Bot","p2":"GTX♅Wild","p1team":[{"name":"Transformer","species":"ditto","item":"choicescarf","ability":"Imposter","moves":["transform"],"nature":"Bold","evs":{"hp":248,"atk":0,"def":252,"spa":0,"spd":8,"spe":0},"ivs":{"hp":31,"atk":31,"def":31,"spa":31,"spd":31,"spe":31}},{"name":"Braviary","species":"Braviary","item":"lifeorb","ability":"Sheer Force","moves":["bravebird","rockslide","superpower","crushclaw"],"nature":"Jolly","evs":{"hp":0,"atk":252,"def":0,"spa":0,"spd":4,"spe":252},"ivs":{"hp":31,"atk":31,"def":31,"spa":31,"spd":31,"spe":31}},{"name":"Capuccino","species":"cinccino","item":"kingsrock","ability":"Skill Link","moves":["bulletseed","rockblast","tailslap","uturn"],"nature":"Jolly","evs":{"hp":0,"atk":252,"def":0,"spa":0,"spd":4,"spe":252},"ivs":{"hp":31,"atk":31,"def":31,"spa":31,"spd":31,"spe":31}},{"name":"Lady GaGa","species":"meloetta","item":"assaultvest","ability":"Serene Grace","moves":["chargebeam","hypervoice","psyshock","energyball"],"nature":"Modest","evs":{"hp":248,"atk":0,"def":0,"spa":252,"spd":8,"spe":0},"ivs":{"hp":31,"atk":31,"def":31,"spa":31,"spd":31,"spe":31}},{"name":"Bird Jesus","species":"pidgeot","item":"pidgeotite","ability":"Keen Eye","moves":["airslash","hurricane","heatwave","roost"],"nature":"Timid","evs":{"hp":0,"atk":0,"def":0,"spa":252,"spd":4,"spe":252},"ivs":{"hp":31,"atk":31,"def":31,"spa":31,"spd":31,"spe":31}},{"name":"Your Fat Friend","species":"snorlax","item":"leftovers","ability":"Thick Fat","moves":["heavyslam","bodyslam","rest","sleeptalk"],"nature":"Adamant","evs":{"hp":252,"atk":252,"def":0,"spa":0,"spd":4,"spe":0},"ivs":{"hp":31,"atk":31,"def":31,"spa":31,"spd":31,"spe":31}}],"p2team":[{"name":"Autozone","species":"magnezone","item":"lifeorb","ability":"Magnet Pull","moves":["hiddenpowerfire","thunder","flashcannon","voltswitch"],"nature":"Serious","evs":{"hp":252,"atk":0,"def":4,"spa":252,"spd":0,"spe":0},"ivs":{"hp":31,"atk":30,"def":31,"spa":30,"spd":31,"spe":30}},{"name":"Icarus 2.0","species":"skarmory","item":"leftovers","ability":"Sturdy","moves":["defog","bravebird","stealthrock","toxic"],"nature":"Impish","evs":{"hp":252,"atk":0,"def":232,"spa":0,"spd":0,"spe":24},"ivs":{"hp":31,"atk":31,"def":31,"spa":31,"spd":31,"spe":31}},{"name":"Hephaestus","species":"heatran","item":"airballoon","ability":"Flash Fire","moves":["earthpower","magmastorm","dragonpulse","flashcannon"],"nature":"Modest","evs":{"hp":248,"atk":0,"def":0,"spa":252,"spd":8,"spe":0},"ivs":{"hp":31,"atk":31,"def":31,"spa":31,"spd":31,"spe":31}},{"name":"Bisharp","species":"Bisharp","item":"focussash","ability":"Defiant","moves":["swordsdance","psychocut","brickbreak","nightslash"],"nature":"Adamant","evs":{"hp":248,"atk":252,"def":0,"spa":0,"spd":8,"spe":0},"ivs":{"hp":31,"atk":31,"def":31,"spa":31,"spd":31,"spe":31}},{"name":"Anubis","species":"lucario","item":"choiceband","ability":"Justified","moves":["bulletpunch","drainpunch","crunch","icepunch"],"nature":"Adamant","evs":{"hp":200,"atk":252,"def":0,"spa":0,"spd":0,"spe":56},"ivs":{"hp":31,"atk":31,"def":31,"spa":31,"spd":31,"spe":31}},{"name":"Altair","species":"jirachi","item":"choicescarf","ability":"Serene Grace","moves":["ironhead","bodyslam","drainpunch","trick"],"nature":"Adamant","evs":{"hp":0,"atk":252,"def":0,"spa":0,"spd":4,"spe":252},"ivs":{"hp":31,"atk":31,"def":31,"spa":31,"spd":31,"spe":31}}],"log":["|player|p1|Marx-Bot|167","|player|p2|GTX♅Wild|101","|gametype|singles","|gen|6","|tier|Monotype","|rated","|rule|Baton Pass Clause: Limit one Baton Passer, can't pass Spe and other stats simultaneously","|rule|Swagger Clause: Swagger is banned","|rule|Same Type Clause: Pokémon in a team must share a type","|clearpoke","|poke|p1|Ditto","|poke|p1|Braviary, M","|poke|p1|Cinccino, M","|poke|p1|Meloetta","|poke|p1|Pidgeot, M","|poke|p1|Snorlax, F","|poke|p2|Magnezone","|poke|p2|Skarmory, F","|poke|p2|Heatran, F","|poke|p2|Bisharp, F","|poke|p2|Lucario, M","|poke|p2|Jirachi","|rule|Sleep Clause Mod: Limit one foe put to sleep","|rule|Species Clause: Limit one of each Pokémon","|rule|OHKO Clause: OHKO moves are banned","|rule|Moody Clause: Moody is banned","|rule|Evasion Moves Clause: Evasion moves are banned","|rule|Endless Battle Clause: Forcing endless battles is banned","|rule|HP Percentage Mod: HP is shown in percentages","|teampreview","|","|start","|switch|p1a: Braviary|Braviary, M|341/341","|switch|p2a: Anubis|Lucario, M|331/331","|turn|1","|","|move|p1a: Braviary|Superpower|p2a: Anubis","|-supereffective|p2a: Anubis","|-damage|p2a: Anubis|0 fnt","|-unboost|p1a: Braviary|atk|1","|-unboost|p1a: Braviary|def|1","|-damage|p1a: Braviary|307/341|[from] item: Life Orb","|faint|p2a: Anubis","|","|","|switch|p2a: Icarus 2.0|Skarmory, F|334/334","|turn|2","|","|switch|p1a: Bird Jesus|Pidgeot, M|307/307","|move|p2a: Icarus 2.0|Stealth Rock|p1a: Bird Jesus","|-sidestart|p1: Marx-Bot|move: Stealth Rock","|","|turn|3","|","|switch|p2a: Hephaestus|Heatran, F|385/385","|-item|p2a: Hephaestus|Air Balloon","|detailschange|p1a: Bird Jesus|Pidgeot-Mega, M","|-mega|p1a: Bird Jesus|Pidgeot|Pidgeotite","|move|p1a: Bird Jesus|Hurricane|p2a: Hephaestus","|-resisted|p2a: Hephaestus","|-damage|p2a: Hephaestus|298/385","|-enditem|p2a: Hephaestus|Air Balloon","|","|turn|4","|","|switch|p1a: Transformer|Ditto|299/299","|-damage|p1a: Transformer|262/299|[from] Stealth Rock","|-transform|p1a: Transformer|p2a: Hephaestus","|move|p2a: Hephaestus|Magma Storm|p1a: Transformer","|-start|p1a: Transformer|ability: Flash Fire","|","|turn|5","|","|move|p1a: Transformer|Earth Power|p2a: Hephaestus","|-supereffective|p2a: Hephaestus","|-damage|p2a: Hephaestus|0 fnt","|faint|p2a: Hephaestus","|","|","|switch|p2a: Autozone|Magnezone|344/344","|turn|6","|","|switch|p2a: Icarus 2.0|Skarmory, F|334/334","|move|p1a: Transformer|Earth Power|p2a: Icarus 2.0","|-immune|p2a: Icarus 2.0|[msg]","|","|turn|7","|","|-end|p1a: Transformer|ability: Flash Fire|[silent]","|switch|p1a: Your Fat Friend|Snorlax, F|524/524","|-damage|p1a: Your Fat Friend|459/524|[from] Stealth Rock","|move|p2a: Icarus 2.0|Stealth Rock|p1a: Your Fat Friend","|-fail|p1a: Your Fat Friend","|","|-heal|p1a: Your Fat Friend|491/524|[from] item: Leftovers","|turn|8","|","|move|p2a: Icarus 2.0|Toxic|p1a: Your Fat Friend|[miss]","|-miss|p2a: Icarus 2.0|p1a: Your Fat Friend","|move|p1a: Your Fat Friend|Body Slam|p2a: Icarus 2.0","|-resisted|p2a: Icarus 2.0","|-damage|p2a: Icarus 2.0|295/334","|","|-heal|p2a: Icarus 2.0|315/334|[from] item: Leftovers","|-heal|p1a: Your Fat Friend|523/524|[from] item: Leftovers","|turn|9","|","|switch|p1a: Transformer|Ditto|262/299","|-damage|p1a: Transformer|225/299|[from] Stealth Rock","|-transform|p1a: Transformer|p2a: Icarus 2.0","|move|p2a: Icarus 2.0|Toxic|p1a: Transformer","|-immune|p1a: Transformer|[msg]","|","|-heal|p2a: Icarus 2.0|334/334|[from] item: Leftovers","|turn|10","|","|switch|p2a: Bisharp|Bisharp, F|333/333","|move|p1a: Transformer|Defog|p2a: Bisharp","|-unboost|p2a: Bisharp|evasion|1","|-boost|p2a: Bisharp|atk|2|[from] ability: Defiant","|-sideend|p1: Marx-Bot|Stealth Rock|[from] move: Defog|[of] p1a: Transformer","|","|turn|11","|","|switch|p1a: Your Fat Friend|Snorlax, F|523/524","|move|p2a: Bisharp|Swords Dance|p2a: Bisharp","|-boost|p2a: Bisharp|atk|2","|","|-heal|p1a: Your Fat Friend|524/524|[from] item: Leftovers","|turn|12","|","|move|p2a: Bisharp|Brick Break|p1a: Your Fat Friend","|-supereffective|p1a: Your Fat Friend","|-damage|p1a: Your Fat Friend|0 fnt","|faint|p1a: Your Fat Friend","|","|","|switch|p1a: Transformer|Ditto|225/299","|-transform|p1a: Transformer|p2a: Bisharp","|turn|13","|","|move|p1a: Transformer|Brick Break|p2a: Bisharp","|-crit|p2a: Bisharp","|-supereffective|p2a: Bisharp","|-enditem|p2a: Bisharp|Focus Sash","|-damage|p2a: Bisharp|1/333","|move|p2a: Bisharp|Brick Break|p1a: Transformer","|-supereffective|p1a: Transformer","|-damage|p1a: Transformer|0 fnt","|faint|p1a: Transformer","|","|","|switch|p1a: Capuccino|Cinccino, M|291/291","|turn|14","|","|move|p1a: Capuccino|U-turn|p2a: Bisharp","|-damage|p2a: Bisharp|0 fnt","|faint|p2a: Bisharp","|","|switch|p1a: Bird Jesus|Pidgeot-Mega, M|307/307","|","|","|switch|p2a: Autozone|Magnezone|344/344","|turn|15","|","|move|p1a: Bird Jesus|Heat Wave|p2a: Autozone","|-supereffective|p2a: Autozone","|-damage|p2a: Autozone|80/344","|move|p2a: Autozone|Thunder|p1a: Bird Jesus","|-supereffective|p1a: Bird Jesus","|-damage|p1a: Bird Jesus|0 fnt","|-damage|p2a: Autozone|46/344|[from] item: Life Orb","|faint|p1a: Bird Jesus","|","|","|switch|p1a: Capuccino|Cinccino, M|291/291","|turn|16","|","|switch|p2a: Icarus 2.0|Skarmory, F|334/334","|move|p1a: Capuccino|Tail Slap|p2a: Icarus 2.0","|-resisted|p2a: Icarus 2.0","|-damage|p2a: Icarus 2.0|323/334","|-resisted|p2a: Icarus 2.0","|-damage|p2a: Icarus 2.0|312/334","|-resisted|p2a: Icarus 2.0","|-damage|p2a: Icarus 2.0|301/334","|-resisted|p2a: Icarus 2.0","|-damage|p2a: Icarus 2.0|290/334","|-resisted|p2a: Icarus 2.0","|-damage|p2a: Icarus 2.0|279/334","|-hitcount|p2a: Icarus 2.0|5","|","|-heal|p2a: Icarus 2.0|299/334|[from] item: Leftovers","|turn|17","|","|move|p1a: Capuccino|Rock Blast|p2a: Icarus 2.0","|-damage|p2a: Icarus 2.0|283/334","|-damage|p2a: Icarus 2.0|269/334","|-damage|p2a: Icarus 2.0|255/334","|-damage|p2a: Icarus 2.0|241/334","|-damage|p2a: Icarus 2.0|226/334","|-hitcount|p2a: Icarus 2.0|5","|cant|p2a: Icarus 2.0|flinch","|","|-heal|p2a: Icarus 2.0|246/334|[from] item: Leftovers","|turn|18","|","|move|p1a: Capuccino|Rock Blast|p2a: Icarus 2.0","|-damage|p2a: Icarus 2.0|231/334","|-damage|p2a: Icarus 2.0|217/334","|-damage|p2a: Icarus 2.0|202/334","|-damage|p2a: Icarus 2.0|189/334","|-damage|p2a: Icarus 2.0|175/334","|-hitcount|p2a: Icarus 2.0|5","|cant|p2a: Icarus 2.0|flinch","|","|-heal|p2a: Icarus 2.0|195/334|[from] item: Leftovers","|turn|19","|","|move|p1a: Capuccino|Rock Blast|p2a: Icarus 2.0","|-damage|p2a: Icarus 2.0|180/334","|-damage|p2a: Icarus 2.0|166/334","|-crit|p2a: Icarus 2.0","|-damage|p2a: Icarus 2.0|144/334","|-damage|p2a: Icarus 2.0|130/334","|-damage|p2a: Icarus 2.0|115/334","|-hitcount|p2a: Icarus 2.0|5","|cant|p2a: Icarus 2.0|flinch","|","|-heal|p2a: Icarus 2.0|135/334|[from] item: Leftovers","|turn|20","|","|move|p1a: Capuccino|Rock Blast|p2a: Icarus 2.0|[miss]","|-miss|p1a: Capuccino|p2a: Icarus 2.0","|move|p2a: Icarus 2.0|Stealth Rock|p1a: Capuccino","|-sidestart|p1: Marx-Bot|move: Stealth Rock","|","|-heal|p2a: Icarus 2.0|155/334|[from] item: Leftovers","|turn|21","|","|move|p1a: Capuccino|Rock Blast|p2a: Icarus 2.0","|-damage|p2a: Icarus 2.0|140/334","|-damage|p2a: Icarus 2.0|126/334","|-crit|p2a: Icarus 2.0","|-damage|p2a: Icarus 2.0|106/334","|-damage|p2a: Icarus 2.0|90/334","|-damage|p2a: Icarus 2.0|77/334","|-hitcount|p2a: Icarus 2.0|5","|move|p2a: Icarus 2.0|Brave Bird|p1a: Capuccino","|-damage|p1a: Capuccino|117/291","|-damage|p2a: Icarus 2.0|20/334|[from] recoil|[of] p1a: Capuccino","|","|-heal|p2a: Icarus 2.0|40/334|[from] item: Leftovers","|turn|22","|","|move|p1a: Capuccino|Rock Blast|p2a: Icarus 2.0|[miss]","|-miss|p1a: Capuccino|p2a: Icarus 2.0","|move|p2a: Icarus 2.0|Brave Bird|p1a: Capuccino","|-damage|p1a: Capuccino|0 fnt","|-damage|p2a: Icarus 2.0|1/334|[from] recoil|[of] p1a: Capuccino","|faint|p1a: Capuccino","|","|-heal|p2a: Icarus 2.0|21/334|[from] item: Leftovers","|","|switch|p1a: Lady GaGa|Meloetta|403/403","|-damage|p1a: Lady GaGa|353/403|[from] Stealth Rock","|turn|23","|","|move|p1a: Lady GaGa|Charge Beam|p2a: Icarus 2.0","|-supereffective|p2a: Icarus 2.0","|-damage|p2a: Icarus 2.0|0 fnt","|-boost|p1a: Lady GaGa|spa|1","|faint|p2a: Icarus 2.0","|","|","|switch|p2a: Altair|Jirachi|341/341","|turn|24","|","|move|p2a: Altair|Iron Head|p1a: Lady GaGa","|-damage|p1a: Lady GaGa|200/403","|move|p1a: Lady GaGa|Charge Beam|p2a: Altair","|-damage|p2a: Altair|238/341","|-boost|p1a: Lady GaGa|spa|1","|","|turn|25","|","|move|p2a: Altair|Iron Head|p1a: Lady GaGa","|-damage|p1a: Lady GaGa|46/403","|move|p1a: Lady GaGa|Hyper Voice|p2a: Altair","|-resisted|p2a: Altair","|-damage|p2a: Altair|57/341","|","|turn|26","|","|move|p2a: Altair|Iron Head|p1a: Lady GaGa","|-damage|p1a: Lady GaGa|0 fnt","|faint|p1a: Lady GaGa","|","|","|switch|p1a: Braviary|Braviary, M|307/341","|-damage|p1a: Braviary|222/341|[from] Stealth Rock","|turn|27","|","|move|p2a: Altair|Iron Head|p1a: Braviary","|-damage|p1a: Braviary|66/341","|move|p1a: Braviary|Superpower|p2a: Altair","|-damage|p2a: Altair|0 fnt","|-unboost|p1a: Braviary|atk|1","|-unboost|p1a: Braviary|def|1","|-damage|p1a: Braviary|32/341|[from] item: Life Orb","|faint|p2a: Altair","|","|","|switch|p2a: Autozone|Magnezone|46/344","|turn|28","|","|move|p1a: Braviary|Superpower|p2a: Autozone","|-supereffective|p2a: Autozone","|-damage|p2a: Autozone|0 fnt","|-unboost|p1a: Braviary|atk|1","|-unboost|p1a: Braviary|def|1","|-damage|p1a: Braviary|0 fnt|[from] item: Life Orb","|faint|p2a: Autozone","|faint|p1a: Braviary","|","|win|Marx-Bot"],"p1rating":{"entryid":"79213","serverid":"eos","formatid":"monotype","userid":"marxbot","username":"Marx-Bot","w":16,"l":"16","t":"0","gxe":50.4,"r":"1460.3820107869","rd":"71.726277155","sigma":"0","rptime":"1441011600","rpr":1503.0954764719,"rprd":58.827802521441,"rpsigma":"0","acre":1162.6364636536,"lacre":1162.6364636536,"oldacre":"1143.6755788624"},"p2rating":{"entryid":"670822","serverid":"eos","formatid":"monotype","userid":"gtxwild","username":"GTX♅Wild","w":"5","l":7,"t":"0","gxe":45.2,"r":"1534.445811961","rd":"95.486777538612","sigma":"0","rptime":"1441011600","rpr":1462.4317562946,"rprd":82.633146962115,"rpsigma":"0","acre":1043.8662540714,"lacre":1043.8662540714,"oldacre":"1058.055285463"},"endType":"normal"}