{"seed":[49033,44224,59943,47601],"turns":26,"p1":"Emg GL Svu","p2":"Imp Donut","p1team":[{"name":"Azumarill","species":"Azumarill","item":"sitrusberry","ability":"Huge Power","moves":["bellydrum","aquajet","playrough","superpower"],"nature":"Adamant","evs":{"hp":252,"atk":252,"def":0,"spa":0,"spd":4,"spe":0},"ivs":{"hp":31,"atk":31,"def":31,"spa":31,"spd":31,"spe":31}},{"name":"Diancie","species":"Diancie","item":"diancite","ability":"Clear Body","moves":["moonblast","diamondstorm","earthpower","protect"],"nature":"Hasty","evs":{"hp":0,"atk":40,"def":0,"spa":216,"spd":0,"spe":252},"ivs":{"hp":31,"atk":31,"def":31,"spa":31,"spd":31,"spe":31}},{"name":"Klefki","species":"Klefki","item":"lightclay","ability":"Prankster","moves":["reflect","lightscreen","drainingkiss","thunderwave"],"nature":"Bold","evs":{"hp":248,"atk":0,"def":252,"spa":8,"spd":0,"spe":0},"ivs":{"hp":31,"atk":31,"def":31,"spa":31,"spd":31,"spe":31}},{"name":"Togekiss","species":"Togekiss","item":"leftovers","ability":"Serene Grace","moves":["thunderwave","airslash","flamethrower","aurasphere"],"nature":"Modest","evs":{"hp":252,"atk":0,"def":0,"spa":252,"spd":4,"spe":0},"ivs":{"hp":31,"atk":31,"def":31,"spa":31,"spd":31,"spe":31}},{"name":"Slurpuff","species":"Slurpuff","item":"sitrusberry","ability":"Unburden","moves":["bellydrum","playrough","drainpunch","facade"],"nature":"Jolly","evs":{"hp":4,"atk":252,"def":0,"spa":0,"spd":0,"spe":252},"ivs":{"hp":31,"atk":31,"def":31,"spa":31,"spd":31,"spe":31}},{"name":"Clefable","species":"Clefable","item":"lifeorb","ability":"Unaware","moves":["flamethrower","moonblast","psyshock","moonlight"],"nature":"Modest","evs":{"hp":248,"atk":0,"def":0,"spa":252,"spd":8,"spe":0},"ivs":{"hp":31,"atk":31,"def":31,"spa":31,"spd":31,"spe":31}}],"p2team":[{"name":"Excadrill","species":"Excadrill","item":"choicescarf","ability":"Mold Breaker","moves":["brickbreak","earthquake","ironhead","rockslide"],"nature":"Jolly","evs":{"hp":0,"atk":252,"def":0,"spa":0,"spd":4,"spe":252},"ivs":{"hp":31,"atk":31,"def":31,"spa":31,"spd":31,"spe":31}},{"name":"Heatran","species":"Heatran","item":"airballoon","ability":"Flash Fire","moves":["ancientpower","earthpower","lavaplume","hiddenpowergrass"],"nature":"Modest","evs":{"hp":232,"atk":0,"def":0,"spa":252,"spd":0,"spe":24},"ivs":{"hp":31,"atk":30,"def":31,"spa":30,"spd":31,"spe":31}},{"name":"Skarmory","species":"Skarmory","item":"rockyhelmet","ability":"Sturdy","moves":["bravebird","stealthrock","roost","whirlwind"],"nature":"Impish","evs":{"hp":248,"atk":0,"def":236,"spa":0,"spd":0,"spe":24},"ivs":{"hp":31,"atk":31,"def":31,"spa":31,"spd":31,"spe":31}},{"name":"Scizor","species":"Scizor","item":"scizorite","ability":"Technician","moves":["bulletpunch","roost","swordsdance","bugbite"],"nature":"Adamant","evs":{"hp":248,"atk":252,"def":0,"spa":0,"spd":8,"spe":0},"ivs":{"hp":31,"atk":31,"def":31,"spa":31,"spd":31,"spe":31}},{"name":"Empoleon","species":"Empoleon","item":"leftovers","ability":"Torrent","moves":["scald","roar","knockoff","icebeam"],"nature":"Calm","evs":{"hp":196,"atk":0,"def":84,"spa":56,"spd":172,"spe":0},"ivs":{"hp":31,"atk":30,"def":31,"spa":30,"spd":31,"spe":31}},{"name":"Doublade","species":"Doublade","item":"eviolite","ability":"No Guard","moves":["swordsdance","ironhead","sacredsword","shadowsneak"],"nature":"Adamant","evs":{"hp":248,"atk":252,"def":0,"spa":0,"spd":8,"spe":0},"ivs":{"hp":31,"atk":31,"def":31,"spa":31,"spd":31,"spe":31}}],"log":["|player|p1|Emg GL Svu|291","|player|p2|Imp Donut|170","|gametype|singles","|gen|6","|tier|Monotype","|rated","|rule|Baton Pass Clause: Limit one Baton Passer, can't pass Spe and other stats simultaneously","|rule|Swagger Clause: Swagger is banned","|rule|Same Type Clause: Pokémon in a team must share a type","|clearpoke","|poke|p1|Azumarill, F","|poke|p1|Diancie","|poke|p1|Klefki, M","|poke|p1|Togekiss, M","|poke|p1|Slurpuff, F","|poke|p1|Clefable, F","|poke|p2|Excadrill, F","|poke|p2|Heatran, M","|poke|p2|Skarmory, F","|poke|p2|Scizor, F","|poke|p2|Empoleon, F","|poke|p2|Doublade, F","|rule|Sleep Clause Mod: Limit one foe put to sleep","|rule|Species Clause: Limit one of each Pokémon","|rule|OHKO Clause: OHKO moves are banned","|rule|Moody Clause: Moody is banned","|rule|Evasion Moves Clause: Evasion moves are banned","|rule|Endless Battle Clause: Forcing endless battles is banned","|rule|HP Percentage Mod: HP is shown in percentages","|teampreview","|","|start","|switch|p1a: Diancie|Diancie|241/241","|switch|p2a: Excadrill|Excadrill, F|361/361","|-ability|p2a: Excadrill|Mold Breaker","|turn|1","|","|detailschange|p1a: Diancie|Diancie-Mega","|-mega|p1a: Diancie|Diancie|Diancite","|move|p1a: Diancie|Protect|p1a: Diancie","|-singleturn|p1a: Diancie|Protect","|move|p2a: Excadrill|Iron Head|p1a: Diancie","|-activate|p1a: Diancie|Protect","|","|turn|2","|","|switch|p1a: Klefki|Klefki, M|317/317","|move|p2a: Excadrill|Iron Head|p1a: Klefki","|-damage|p1a: Klefki|202/317","|","|turn|3","|","|switch|p2a: Heatran|Heatran, M|381/381","|-item|p2a: Heatran|Air Balloon","|move|p1a: Klefki|Reflect|p1a: Klefki","|-sidestart|p1: Emg GL Svu|Reflect","|","|turn|4","|","|move|p1a: Klefki|Light Screen|p1a: Klefki","|-sidestart|p1: Emg GL Svu|move: Light Screen","|move|p2a: Heatran|Lava Plume|p1a: Klefki","|-supereffective|p1a: Klefki","|-damage|p1a: Klefki|36/317","|","|turn|5","|","|move|p1a: Klefki|Thunder Wave|p2a: Heatran","|-status|p2a: Heatran|par","|cant|p2a: Heatran|par","|","|turn|6","|","|move|p1a: Klefki|Draining Kiss|p2a: Heatran","|-resisted|p2a: Heatran","|-damage|p2a: Heatran|371/381 par","|-heal|p1a: Klefki|44/317|[from] drain|[of] p2a: Heatran","|-enditem|p2a: Heatran|Air Balloon","|cant|p2a: Heatran|par","|","|turn|7","|","|move|p1a: Klefki|Draining Kiss|p2a: Heatran","|-resisted|p2a: Heatran","|-damage|p2a: Heatran|360/381 par","|-heal|p1a: Klefki|53/317|[from] drain|[of] p2a: Heatran","|cant|p2a: Heatran|par","|","|turn|8","|","|move|p1a: Klefki|Thunder Wave|p2a: Heatran","|-fail|p2a: Heatran|par","|move|p2a: Heatran|Lava Plume|p1a: Klefki","|-supereffective|p1a: Klefki","|-damage|p1a: Klefki|0 fnt","|faint|p1a: Klefki","|","|","|switch|p1a: Diancie|Diancie-Mega|241/241","|turn|9","|","|switch|p2a: Skarmory|Skarmory, F|333/333","|move|p1a: Diancie|Earth Power|p2a: Skarmory","|-immune|p2a: Skarmory|[msg]","|","|turn|10","|","|move|p1a: Diancie|Diamond Storm|p2a: Skarmory","|-damage|p2a: Skarmory|233/333","|move|p2a: Skarmory|Stealth Rock|p1a: Diancie","|move|p1a: Diancie|Stealth Rock|p2a: Skarmory|[from]Magic Bounce","|-sidestart|p2: Imp Donut|move: Stealth Rock","|","|-sideend|p1: Emg GL Svu|Reflect","|turn|11","|","|move|p1a: Diancie|Moonblast|p2a: Skarmory","|-crit|p2a: Skarmory","|-resisted|p2a: Skarmory","|-damage|p2a: Skarmory|53/333","|move|p2a: Skarmory|Roost|p2a: Skarmory","|-heal|p2a: Skarmory|220/333","|","|-sideend|p1: Emg GL Svu|move: Light Screen","|turn|12","|","|switch|p1a: Togekiss|Togekiss, M|374/374","|move|p2a: Skarmory|Roost|p2a: Skarmory","|-heal|p2a: Skarmory|333/333","|","|turn|13","|","|switch|p1a: Diancie|Diancie-Mega|241/241","|switch|p2a: Heatran|Heatran, M|360/381 par","|-damage|p2a: Heatran|313/381 par|[from] Stealth Rock","|","|turn|14","|","|switch|p2a: Scizor|Scizor, F|343/343","|-damage|p2a: Scizor|301/343|[from] Stealth Rock","|move|p1a: Diancie|Earth Power|p2a: Scizor","|-damage|p2a: Scizor|143/343","|","|turn|15","|","|switch|p1a: Clefable|Clefable, F|393/393","|detailschange|p2a: Scizor|Scizor-Mega, F","|-mega|p2a: Scizor|Scizor|Scizorite","|move|p2a: Scizor|Bullet Punch|p1a: Clefable","|-supereffective|p1a: Clefable","|-damage|p1a: Clefable|45/393","|","|turn|16","|","|move|p2a: Scizor|Bullet Punch|p1a: Clefable","|-supereffective|p1a: Clefable","|-damage|p1a: Clefable|0 fnt","|faint|p1a: Clefable","|","|","|switch|p1a: Togekiss|Togekiss, M|374/374","|turn|17","|","|switch|p2a: Heatran|Heatran, M|313/381 par","|-damage|p2a: Heatran|266/381 par|[from] Stealth Rock","|move|p1a: Togekiss|Aura Sphere|p2a: Heatran","|-supereffective|p2a: Heatran","|-damage|p2a: Heatran|84/381 par","|","|turn|18","|","|move|p1a: Togekiss|Aura Sphere|p2a: Heatran","|-supereffective|p2a: Heatran","|-damage|p2a: Heatran|0 fnt","|faint|p2a: Heatran","|","|","|switch|p2a: Doublade|Doublade, F|321/321","|-damage|p2a: Doublade|301/321|[from] Stealth Rock","|turn|19","|","|move|p1a: Togekiss|Flamethrower|p2a: Doublade","|-supereffective|p2a: Doublade","|-damage|p2a: Doublade|61/321","|move|p2a: Doublade|Iron Head|p1a: Togekiss","|-crit|p1a: Togekiss","|-supereffective|p1a: Togekiss","|-damage|p1a: Togekiss|0 fnt","|faint|p1a: Togekiss","|","|","|switch|p1a: Diancie|Diancie-Mega|241/241","|turn|20","|","|move|p2a: Doublade|Shadow Sneak|p1a: Diancie","|-damage|p1a: Diancie|171/241","|move|p1a: Diancie|Earth Power|p2a: Doublade","|-supereffective|p2a: Doublade","|-damage|p2a: Doublade|0 fnt","|faint|p2a: Doublade","|","|","|switch|p2a: Excadrill|Excadrill, F|361/361","|-damage|p2a: Excadrill|350/361|[from] Stealth Rock","|-ability|p2a: Excadrill|Mold Breaker","|turn|21","|","|move|p2a: Excadrill|Iron Head|p1a: Diancie","|-supereffective|p1a: Diancie","|-damage|p1a: Diancie|0 fnt","|faint|p1a: Diancie","|","|","|switch|p1a: Azumarill|Azumarill, F|404/404","|turn|22","|","|switch|p2a: Skarmory|Skarmory, F|333/333","|-damage|p2a: Skarmory|292/333|[from] Stealth Rock","|move|p1a: Azumarill|Superpower|p2a: Skarmory","|-damage|p2a: Skarmory|191/333","|-damage|p1a: Azumarill|337/404|[from] item: Rocky Helmet|[of] p2a: Skarmory","|-unboost|p1a: Azumarill|atk|1","|-unboost|p1a: Azumarill|def|1","|","|turn|23","|","|move|p2a: Skarmory|Stealth Rock|p1a: Azumarill","|-sidestart|p1: Emg GL Svu|move: Stealth Rock","|move|p1a: Azumarill|Belly Drum|p1a: Azumarill","|-damage|p1a: Azumarill|135/404","|-setboost|p1a: Azumarill|atk|6|[from] move: Belly Drum","|-enditem|p1a: Azumarill|Sitrus Berry|[eat]","|-heal|p1a: Azumarill|236/404|[from] item: Sitrus Berry","|","|turn|24","|","|move|p1a: Azumarill|Aqua Jet|p2a: Skarmory","|-damage|p2a: Skarmory|0 fnt","|-damage|p1a: Azumarill|169/404|[from] item: Rocky Helmet|[of] p2a: Skarmory","|faint|p2a: Skarmory","|","|","|switch|p2a: Scizor|Scizor-Mega, F|143/343","|-damage|p2a: Scizor|101/343|[from] Stealth Rock","|turn|25","|","|move|p2a: Scizor|Bullet Punch|p1a: Azumarill","|-damage|p1a: Azumarill|0 fnt","|faint|p1a: Azumarill","|","|","|switch|p1a: Slurpuff|Slurpuff, F|306/306","|-damage|p1a: Slurpuff|268/306|[from] Stealth Rock","|turn|26","|","|move|p2a: Scizor|Bullet Punch|p1a: Slurpuff","|-supereffective|p1a: Slurpuff","|-damage|p1a: Slurpuff|0 fnt","|faint|p1a: Slurpuff","|","|win|Imp Donut"],"p1rating":{"entryid":"95908","serverid":"eos","formatid":"monotype","userid":"emgglsvu","username":"Emg GL Svu","w":"9","l":9,"t":"0","gxe":48.1,"r":"1441.022846817","rd":"101.94700909304","sigma":"0","rptime":"1441011600","rpr":1485.7549805913,"rprd":73.888852074043,"rpsigma":"0","acre":1134.0013482918,"lacre":1134.0013482918,"oldacre":"1160.7434312646"},"p2rating":{"entryid":"659054","serverid":"eos","formatid":"monotype","userid":"impdonut","username":"Imp Donut","w":8,"l":"3","t":"0","gxe":63.9,"r":"1561.2890700983","rd":"91.620289995019","sigma":"0","rptime":"1441011600","rpr":1610.6396504233,"rprd":84.274357582869,"rpsigma":"0","acre":1163.2357481885,"lacre":1163.2357481885,"oldacre":"1136.4936652157"},"endType":"normal"}