{"seed":[26366,39481,23376,62544],"turns":36,"p1":"Gym Ldr Mitsuka∆","p2":"Rain ☆ S.Herbs","p1team":[{"name":"Victreebel","species":"Victreebel","item":"blacksludge","ability":"Chlorophyll","moves":["stockpile","sleeppowder","swordsdance","powerwhip"],"nature":"Jolly","evs":{"hp":4,"atk":252,"def":0,"spa":0,"spd":0,"spe":252},"ivs":{"hp":31,"atk":31,"def":31,"spa":31,"spd":31,"spe":31}},{"name":"Celebi","species":"Celebi","item":"choiceband","ability":"Natural Cure","moves":["trick","zenheadbutt","suckerpunch","uturn"],"nature":"Jolly","evs":{"hp":4,"atk":252,"def":0,"spa":0,"spd":0,"spe":252},"ivs":{"hp":31,"atk":31,"def":31,"spa":31,"spd":31,"spe":31}},{"name":"Venusaur","species":"Venusaur","item":"venusaurite","ability":"Overgrow","moves":["lightscreen","leechseed","synthesis","sludgebomb"],"nature":"Bold","evs":{"hp":252,"atk":0,"def":252,"spa":0,"spd":4,"spe":0},"ivs":{"hp":31,"atk":30,"def":31,"spa":30,"spd":31,"spe":30}},{"name":"Ferrothorn","species":"Ferrothorn","item":"occaberry","ability":"Iron Barbs","moves":["stealthrock","knockoff","leechseed","irondefense"],"nature":"Careful","evs":{"hp":248,"atk":8,"def":0,"spa":0,"spd":252,"spe":0},"ivs":{"hp":31,"atk":31,"def":31,"spa":31,"spd":31,"spe":31}},{"name":"Breloom","species":"Breloom","item":"focussash","ability":"Technician","moves":["machpunch","spore","swordsdance","rocktomb"],"nature":"Jolly","evs":{"hp":0,"atk":252,"def":0,"spa":0,"spd":4,"spe":252},"ivs":{"hp":31,"atk":31,"def":31,"spa":31,"spd":31,"spe":31}},{"name":"Serperior","species":"Serperior","item":"lifeorb","ability":"Contrary","moves":["leafstorm","hiddenpowerfire","dragonpulse","reflect"],"nature":"Timid","evs":{"hp":4,"atk":0,"def":0,"spa":252,"spd":0,"spe":252},"ivs":{"hp":31,"atk":30,"def":31,"spa":30,"spd":31,"spe":30}}],"p2team":[{"name":"Weezing","species":"Weezing","item":"blacksludge","ability":"Levitate","moves":["sludgebomb","flamethrower","darkpulse","painsplit"],"nature":"Modest","evs":{"hp":252,"atk":0,"def":0,"spa":252,"spd":4,"spe":0},"shiny":true,"ivs":{"hp":31,"atk":31,"def":31,"spa":31,"spd":31,"spe":31}},{"name":"Dragalge","species":"Dragalge","item":"blacksludge","ability":"Adaptability","moves":["dragonpulse","sludgewave","toxicspikes","scald"],"nature":"Modest","evs":{"hp":252,"atk":0,"def":0,"spa":252,"spd":4,"spe":0},"shiny":true,"ivs":{"hp":31,"atk":31,"def":31,"spa":31,"spd":31,"spe":31}},{"name":"Crobat","species":"Crobat","item":"blacksludge","ability":"Infiltrator","moves":["bravebird","superfang","xscissor","confuseray"],"nature":"Jolly","evs":{"hp":0,"atk":252,"def":0,"spa":0,"spd":4,"spe":252},"ivs":{"hp":31,"atk":31,"def":31,"spa":31,"spd":31,"spe":31}},{"name":"Venusaur","species":"Venusaur","item":"venusaurite","ability":"Chlorophyll","moves":["leechseed","earthquake","gigadrain","sludgebomb"],"nature":"Mild","evs":{"hp":0,"atk":4,"def":0,"spa":252,"spd":0,"spe":252},"shiny":true,"ivs":{"hp":31,"atk":31,"def":31,"spa":31,"spd":31,"spe":31}},{"name":"Drapion","species":"Drapion","item":"razorclaw","ability":"Sniper","moves":["crosspoison","nightslash","earthquake","swordsdance"],"nature":"Jolly","evs":{"hp":248,"atk":252,"def":0,"spa":0,"spd":8,"spe":0},"ivs":{"hp":31,"atk":31,"def":31,"spa":31,"spd":31,"spe":31}},{"name":"Scolipede","species":"Scolipede","item":"lifeorb","ability":"Speed Boost","moves":["megahorn","poisonjab","earthquake","protect"],"nature":"Adamant","evs":{"hp":0,"atk":252,"def":0,"spa":0,"spd":4,"spe":252},"shiny":true,"ivs":{"hp":31,"atk":31,"def":31,"spa":31,"spd":31,"spe":31}}],"log":["|player|p1|Gym Ldr Mitsuka∆|101","|player|p2|Rain ☆ S.Herbs|154","|gametype|singles","|gen|6","|tier|Monotype","|rated","|rule|Baton Pass Clause: Limit one Baton Passer, can't pass Spe and other stats simultaneously","|rule|Swagger Clause: Swagger is banned","|rule|Same Type Clause: Pokémon in a team must share a type","|clearpoke","|poke|p1|Victreebel, F","|poke|p1|Celebi","|poke|p1|Venusaur, M","|poke|p1|Ferrothorn, M","|poke|p1|Breloom, M","|poke|p1|Serperior, M","|poke|p2|Weezing, F, shiny","|poke|p2|Dragalge, F, shiny","|poke|p2|Crobat, M","|poke|p2|Venusaur, M, shiny","|poke|p2|Drapion, M","|poke|p2|Scolipede, M, shiny","|rule|Sleep Clause Mod: Limit one foe put to sleep","|rule|Species Clause: Limit one of each Pokémon","|rule|OHKO Clause: OHKO moves are banned","|rule|Moody Clause: Moody is banned","|rule|Evasion Moves Clause: Evasion moves are banned","|rule|Endless Battle Clause: Forcing endless battles is banned","|rule|HP Percentage Mod: HP is shown in percentages","|teampreview","|","|start","|switch|p1a: Ferrothorn|Ferrothorn, M|351/351","|switch|p2a: Weezing|Weezing, F, shiny|334/334","|turn|1","|","|move|p2a: Weezing|Flamethrower|p1a: Ferrothorn","|-supereffective|p1a: Ferrothorn","|-enditem|p1a: Ferrothorn|Occa Berry|[eat]","|-damage|p1a: Ferrothorn|225/351","|move|p1a: Ferrothorn|Stealth Rock|p2a: Weezing","|-sidestart|p2: Rain ☆ S.Herbs|move: Stealth Rock","|","|turn|2","|","|move|p2a: Weezing|Dark Pulse|p1a: Ferrothorn","|-damage|p1a: Ferrothorn|177/351","|move|p1a: Ferrothorn|Knock Off|p2a: Weezing","|-damage|p2a: Weezing|276/334","|-enditem|p2a: Weezing|Black Sludge|[from] move: Knock Off|[of] p1a: Ferrothorn","|","|turn|3","|","|switch|p1a: Venusaur|Venusaur, M|364/364","|move|p2a: Weezing|Flamethrower|p1a: Venusaur","|-supereffective|p1a: Venusaur","|-damage|p1a: Venusaur|184/364","|","|turn|4","|","|detailschange|p1a: Venusaur|Venusaur-Mega, M","|-mega|p1a: Venusaur|Venusaur|Venusaurite","|move|p1a: Venusaur|Light Screen|p1a: Venusaur","|-sidestart|p1: Gym Ldr Mitsuka∆|move: Light Screen","|move|p2a: Weezing|Sludge Bomb|p1a: Venusaur","|-damage|p1a: Venusaur|129/364","|","|turn|5","|","|switch|p2a: Venusaur|Venusaur, M, shiny|301/301","|-damage|p2a: Venusaur|264/301|[from] Stealth Rock","|move|p1a: Venusaur|Leech Seed|p2a: Venusaur","|-immune|p2a: Venusaur|[msg]","|","|turn|6","|","|detailschange|p2a: Venusaur|Venusaur-Mega, M, shiny","|-mega|p2a: Venusaur|Venusaur|Venusaurite","|move|p2a: Venusaur|Sludge Bomb|p1a: Venusaur","|-damage|p1a: Venusaur|54/364","|move|p1a: Venusaur|Synthesis|p1a: Venusaur","|-heal|p1a: Venusaur|236/364","|","|turn|7","|","|move|p2a: Venusaur|Sludge Bomb|p1a: Venusaur","|-damage|p1a: Venusaur|158/364","|move|p1a: Venusaur|Sludge Bomb|p2a: Venusaur","|-damage|p2a: Venusaur|162/301","|","|turn|8","|","|switch|p2a: Dragalge|Dragalge, F, shiny|334/334","|-damage|p2a: Dragalge|293/334|[from] Stealth Rock","|move|p1a: Venusaur|Synthesis|p1a: Venusaur","|-heal|p1a: Venusaur|340/364","|","|-heal|p2a: Dragalge|313/334|[from] item: Black Sludge","|-sideend|p1: Gym Ldr Mitsuka∆|move: Light Screen","|turn|9","|","|move|p1a: Venusaur|Light Screen|p1a: Venusaur","|-sidestart|p1: Gym Ldr Mitsuka∆|move: Light Screen","|move|p2a: Dragalge|Dragon Pulse|p1a: Venusaur","|-damage|p1a: Venusaur|267/364","|","|-heal|p2a: Dragalge|333/334|[from] item: Black Sludge","|turn|10","|","|move|p1a: Venusaur|Leech Seed|p2a: Dragalge","|-start|p2a: Dragalge|move: Leech Seed","|move|p2a: Dragalge|Sludge Wave|p1a: Venusaur","|-crit|p1a: Venusaur","|-damage|p1a: Venusaur|5/364","|","|-heal|p2a: Dragalge|334/334|[from] item: Black Sludge","|-damage|p2a: Dragalge|293/334|[from] Leech Seed|[of] p1a: Venusaur","|-heal|p1a: Venusaur|46/364|[silent]","|turn|11","|","|switch|p2a: Crobat|Crobat, M|311/311","|-damage|p2a: Crobat|234/311|[from] Stealth Rock","|move|p1a: Venusaur|Synthesis|p1a: Venusaur","|-heal|p1a: Venusaur|228/364","|","|-heal|p2a: Crobat|253/311|[from] item: Black Sludge","|turn|12","|","|move|p2a: Crobat|Confuse Ray|p1a: Venusaur","|-start|p1a: Venusaur|confusion","|-activate|p1a: Venusaur|confusion","|-damage|p1a: Venusaur|211/364|[from] confusion","|","|-heal|p2a: Crobat|272/311|[from] item: Black Sludge","|turn|13","|","|move|p2a: Crobat|Super Fang|p1a: Venusaur","|-damage|p1a: Venusaur|106/364","|-end|p1a: Venusaur|confusion","|move|p1a: Venusaur|Leech Seed|p2a: Crobat|[miss]","|-miss|p1a: Venusaur|p2a: Crobat","|","|-heal|p2a: Crobat|291/311|[from] item: Black Sludge","|-sideend|p1: Gym Ldr Mitsuka∆|move: Light Screen","|turn|14","|","|switch|p1a: Ferrothorn|Ferrothorn, M|177/351","|move|p2a: Crobat|Brave Bird|p1a: Ferrothorn","|-damage|p1a: Ferrothorn|54/351","|-damage|p2a: Crobat|253/311|[from] ability: Iron Barbs|[of] p1a: Ferrothorn","|-damage|p2a: Crobat|212/311|[from] recoil|[of] p1a: Ferrothorn","|","|-heal|p2a: Crobat|231/311|[from] item: Black Sludge","|turn|15","|","|move|p2a: Crobat|Brave Bird|p1a: Ferrothorn","|-damage|p1a: Ferrothorn|0 fnt","|-damage|p2a: Crobat|193/311|[from] ability: Iron Barbs|[of] p1a: Ferrothorn","|-damage|p2a: Crobat|175/311|[from] recoil|[of] p1a: Ferrothorn","|faint|p1a: Ferrothorn","|","|-heal|p2a: Crobat|194/311|[from] item: Black Sludge","|","|switch|p1a: Breloom|Breloom, M|261/261","|turn|16","|","|switch|p2a: Venusaur|Venusaur-Mega, M, shiny|162/301","|-damage|p2a: Venusaur|125/301|[from] Stealth Rock","|move|p1a: Breloom|Rock Tomb|p2a: Venusaur|[miss]","|-miss|p1a: Breloom|p2a: Venusaur","|","|turn|17","|","|switch|p1a: Victreebel|Victreebel, F|302/302","|move|p2a: Venusaur|Sludge Bomb|p1a: Victreebel","|-damage|p1a: Victreebel|58/302","|","|-heal|p1a: Victreebel|76/302|[from] item: Black Sludge","|turn|18","|","|move|p1a: Victreebel|Power Whip|p2a: Venusaur","|-resisted|p2a: Venusaur","|-damage|p2a: Venusaur|84/301","|move|p2a: Venusaur|Sludge Bomb|p1a: Victreebel","|-damage|p1a: Victreebel|0 fnt","|faint|p1a: Victreebel","|","|","|switch|p1a: Celebi|Celebi|342/342","|turn|19","|","|switch|p2a: Drapion|Drapion, M|343/343","|-damage|p2a: Drapion|301/343|[from] Stealth Rock","|move|p1a: Celebi|U-turn|p2a: Drapion","|-damage|p2a: Drapion|213/343","|","|switch|p1a: Breloom|Breloom, M|261/261","|","|turn|20","|","|switch|p2a: Venusaur|Venusaur-Mega, M, shiny|84/301","|-damage|p2a: Venusaur|47/301|[from] Stealth Rock","|move|p1a: Breloom|Swords Dance|p1a: Breloom","|-boost|p1a: Breloom|atk|2","|","|turn|21","|","|move|p1a: Breloom|Rock Tomb|p2a: Venusaur","|-damage|p2a: Venusaur|0 fnt","|faint|p2a: Venusaur","|","|","|switch|p2a: Crobat|Crobat, M|194/311","|-damage|p2a: Crobat|117/311|[from] Stealth Rock","|turn|22","|","|move|p2a: Crobat|Brave Bird|p1a: Breloom","|-supereffective|p1a: Breloom","|-enditem|p1a: Breloom|Focus Sash","|-damage|p1a: Breloom|1/261","|-damage|p2a: Crobat|31/311|[from] recoil|[of] p1a: Breloom","|move|p1a: Breloom|Rock Tomb|p2a: Crobat","|-supereffective|p2a: Crobat","|-damage|p2a: Crobat|0 fnt","|faint|p2a: Crobat","|","|","|switch|p2a: Weezing|Weezing, F, shiny|276/334","|-damage|p2a: Weezing|235/334|[from] Stealth Rock","|turn|23","|","|move|p1a: Breloom|Spore|p2a: Weezing","|-status|p2a: Weezing|slp","|cant|p2a: Weezing|slp","|","|turn|24","|","|move|p1a: Breloom|Rock Tomb|p2a: Weezing","|-damage|p2a: Weezing|65/334 slp","|-unboost|p2a: Weezing|spe|1","|cant|p2a: Weezing|slp","|","|turn|25","|","|move|p1a: Breloom|Rock Tomb|p2a: Weezing","|-damage|p2a: Weezing|0 fnt","|faint|p2a: Weezing","|","|","|switch|p2a: Scolipede|Scolipede, M, shiny|261/261","|-damage|p2a: Scolipede|196/261|[from] Stealth Rock","|turn|26","|","|move|p2a: Scolipede|Protect|p2a: Scolipede","|-singleturn|p2a: Scolipede|Protect","|move|p1a: Breloom|Mach Punch|p2a: Scolipede","|-activate|p2a: Scolipede|Protect","|","|-boost|p2a: Scolipede|spe|1|[from] ability: Speed Boost","|turn|27","|","|move|p1a: Breloom|Mach Punch|p2a: Scolipede","|-resisted|p2a: Scolipede","|-damage|p2a: Scolipede|135/261","|move|p2a: Scolipede|Poison Jab|p1a: Breloom","|-supereffective|p1a: Breloom","|-damage|p1a: Breloom|0 fnt","|-damage|p2a: Scolipede|109/261|[from] item: Life Orb","|faint|p1a: Breloom","|","|-boost|p2a: Scolipede|spe|1|[from] ability: Speed Boost","|","|switch|p1a: Celebi|Celebi|342/342","|turn|28","|","|move|p1a: Celebi|Sucker Punch|p2a: Scolipede","|-damage|p2a: Scolipede|0 fnt","|faint|p2a: Scolipede","|","|","|switch|p2a: Dragalge|Dragalge, F, shiny|293/334","|-damage|p2a: Dragalge|252/334|[from] Stealth Rock","|turn|29","|","|switch|p1a: Venusaur|Venusaur-Mega, M|106/364","|switch|p2a: Drapion|Drapion, M|213/343","|-damage|p2a: Drapion|171/343|[from] Stealth Rock","|","|turn|30","|","|move|p2a: Drapion|Cross Poison|p1a: Venusaur","|-damage|p1a: Venusaur|49/364","|move|p1a: Venusaur|Synthesis|p1a: Venusaur","|-heal|p1a: Venusaur|231/364","|","|turn|31","|","|move|p2a: Drapion|Swords Dance|p2a: Drapion","|-boost|p2a: Drapion|atk|2","|move|p1a: Venusaur|Leech Seed|p2a: Drapion","|-start|p2a: Drapion|move: Leech Seed","|","|-damage|p2a: Drapion|129/343|[from] Leech Seed|[of] p1a: Venusaur","|-heal|p1a: Venusaur|273/364|[silent]","|turn|32","|","|move|p2a: Drapion|Night Slash|p1a: Venusaur","|-damage|p1a: Venusaur|162/364","|move|p1a: Venusaur|Synthesis|p1a: Venusaur","|-heal|p1a: Venusaur|344/364","|","|-damage|p2a: Drapion|87/343|[from] Leech Seed|[of] p1a: Venusaur","|-heal|p1a: Venusaur|364/364|[silent]","|turn|33","|","|move|p2a: Drapion|Cross Poison|p1a: Venusaur","|-crit|p1a: Venusaur","|-damage|p1a: Venusaur|84/364","|move|p1a: Venusaur|Sludge Bomb|p2a: Drapion","|-resisted|p2a: Drapion","|-damage|p2a: Drapion|15/343","|","|-damage|p2a: Drapion|0 fnt|[from] Leech Seed|[of] p1a: Venusaur","|-heal|p1a: Venusaur|99/364|[silent]","|faint|p2a: Drapion","|","|switch|p2a: Dragalge|Dragalge, F, shiny|252/334","|-damage|p2a: Dragalge|211/334|[from] Stealth Rock","|turn|34","|","|move|p1a: Venusaur|Light Screen|p1a: Venusaur","|-sidestart|p1: Gym Ldr Mitsuka∆|move: Light Screen","|move|p2a: Dragalge|Sludge Wave|p1a: Venusaur","|-damage|p1a: Venusaur|18/364","|","|-heal|p2a: Dragalge|231/334|[from] item: Black Sludge","|turn|35","|","|move|p1a: Venusaur|Leech Seed|p2a: Dragalge","|-start|p2a: Dragalge|move: Leech Seed","|move|p2a: Dragalge|Dragon Pulse|p1a: Venusaur","|-damage|p1a: Venusaur|0 fnt","|faint|p1a: Venusaur","|","|-heal|p2a: Dragalge|251/334|[from] item: Black Sludge","|","|switch|p1a: Celebi|Celebi|342/342","|turn|36","|","|move|p1a: Celebi|Zen Headbutt|p2a: Dragalge","|-supereffective|p2a: Dragalge","|-damage|p2a: Dragalge|0 fnt","|faint|p2a: Dragalge","|","|win|Gym Ldr Mitsuka∆"],"p1rating":{"entryid":"379503","serverid":"eos","formatid":"monotype","userid":"gymldrmitsuka","username":"Gym Ldr Mitsuka∆","w":19,"l":"14","t":"0","gxe":56.4,"r":"1531.9296857341","rd":"60.952421258774","sigma":"0","rptime":"1440925200","rpr":1548.8952704424,"rprd":59.335078091983,"rpsigma":"0","acre":1247.7539357593,"lacre":1247.7539357593,"oldacre":"1236.1889160755"},"p2rating":{"entryid":"61538","serverid":"eos","formatid":"monotype","userid":"rainsherbs","username":"Rain ☆ S.Herbs","w":"19","l":25,"t":"0","gxe":44,"r":"1475.0811862586","rd":"53.599358220025","sigma":"0","rptime":"1440925200","rpr":1454.3333113461,"rprd":51.890027585972,"rpsigma":"0","acre":1021.0186238158,"lacre":1021.0186238158,"oldacre":"1027.5568013925"},"endType":"normal"}