{"seed":[22995,47114,39637,61701],"turns":24,"p1":"Void Neo - ⒶⒻⓀ","p2":"Alliance ♋ akaFila","p1team":[{"name":"Miller","species":"skarmory","item":"rockyhelmet","ability":"Sturdy","moves":["bravebird","stealthrock","whirlwind","roost"],"nature":"Impish","evs":{"hp":248,"atk":0,"def":252,"spa":0,"spd":0,"spe":8},"ivs":{"hp":31,"atk":31,"def":31,"spa":31,"spd":31,"spe":31}},{"name":"Andrea","species":"togekiss","item":"choicescarf","ability":"Serene Grace","moves":["airslash","dazzlinggleam","aurasphere","trick"],"nature":"Timid","evs":{"hp":4,"atk":0,"def":0,"spa":252,"spd":0,"spe":252},"ivs":{"hp":31,"atk":31,"def":31,"spa":31,"spd":31,"spe":31}},{"name":"Cyron","species":"zapdos","item":"leftovers","ability":"Pressure","moves":["discharge","heatwave","defog","roost"],"nature":"Calm","evs":{"hp":252,"atk":0,"def":0,"spa":4,"spd":252,"spe":0},"ivs":{"hp":31,"atk":31,"def":31,"spa":31,"spd":31,"spe":31}},{"name":"Ohnta","species":"gyarados","item":"gyaradosite","ability":"Intimidate","moves":["dragondance","substitute","icefang","earthquake"],"nature":"Jolly","evs":{"hp":0,"atk":252,"def":0,"spa":0,"spd":4,"spe":252},"ivs":{"hp":31,"atk":31,"def":31,"spa":31,"spd":31,"spe":31}},{"name":"Rafique","species":"landorustherian","item":"choicescarf","ability":"Intimidate","moves":["uturn","earthquake","stoneedge","knockoff"],"nature":"Jolly","evs":{"hp":0,"atk":252,"def":0,"spa":0,"spd":4,"spe":252},"ivs":{"hp":31,"atk":31,"def":31,"spa":31,"spd":31,"spe":31}},{"name":"Shari","species":"dragonite","item":"choiceband","ability":"Multiscale","moves":["outrage","firepunch","brickbreak","extremespeed"],"nature":"Adamant","evs":{"hp":4,"atk":252,"def":0,"spa":0,"spd":0,"spe":252},"ivs":{"hp":31,"atk":31,"def":31,"spa":31,"spd":31,"spe":31}}],"p2team":[{"name":"Hoopa-Unbound","species":"Hoopa-Unbound","item":"choiceband","ability":"Magician","moves":["hyperspacefury","facade","icepunch","drainpunch"],"nature":"Adamant","evs":{"hp":248,"atk":252,"def":0,"spa":0,"spd":8,"spe":0},"ivs":{"hp":31,"atk":31,"def":31,"spa":31,"spd":31,"spe":31}},{"name":"Sharpedo","species":"Sharpedo","item":"lifeorb","ability":"Speed Boost","moves":["hydropump","darkpulse","destinybond","protect"],"nature":"Modest","evs":{"hp":0,"atk":0,"def":0,"spa":252,"spd":4,"spe":252},"ivs":{"hp":31,"atk":31,"def":31,"spa":31,"spd":31,"spe":31}},{"name":"Pangoro","species":"Pangoro","item":"choicescarf","ability":"Iron Fist","moves":["drainpunch","knockoff","earthquake","partingshot"],"nature":"Jolly","evs":{"hp":0,"atk":252,"def":0,"spa":0,"spd":4,"spe":252},"ivs":{"hp":31,"atk":31,"def":31,"spa":31,"spd":31,"spe":31}},{"name":"Mandibuzz","species":"Mandibuzz","item":"rockyhelmet","ability":"Overcoat","moves":["foulplay","toxic","roost","defog"],"nature":"Bold","evs":{"hp":248,"atk":0,"def":252,"spa":0,"spd":8,"spe":0},"ivs":{"hp":31,"atk":31,"def":31,"spa":31,"spd":31,"spe":31}},{"name":"Tyranitar","species":"Tyranitar","item":"assaultvest","ability":"Sand Stream","moves":["crunch","earthquake","stoneedge","fireblast"],"nature":"Sassy","evs":{"hp":252,"atk":0,"def":6,"spa":0,"spd":252,"spe":0},"ivs":{"hp":31,"atk":31,"def":31,"spa":31,"spd":31,"spe":31}},{"name":"Bisharp","species":"Bisharp","item":"focussash","ability":"Defiant","moves":["swordsdance","knockoff","ironhead","suckerpunch"],"nature":"Adamant","evs":{"hp":248,"atk":252,"def":0,"spa":0,"spd":8,"spe":0},"ivs":{"hp":31,"atk":31,"def":31,"spa":31,"spd":31,"spe":31}}],"log":["|player|p1|Void Neo - ⒶⒻⓀ|voidneo.png","|player|p2|Alliance ♋ akaFila|allianceakafila.gif","|gametype|singles","|gen|6","|tier|Monotype","|rated","|rule|Baton Pass Clause: Limit one Baton Passer, can't pass Spe and other stats simultaneously","|rule|Swagger Clause: Swagger is banned","|rule|Same Type Clause: Pokémon in a team must share a type","|clearpoke","|poke|p1|Skarmory, F","|poke|p1|Togekiss, F","|poke|p1|Zapdos","|poke|p1|Gyarados, F","|poke|p1|Landorus-Therian, M","|poke|p1|Dragonite, M","|poke|p2|Hoopa-Unbound","|poke|p2|Sharpedo, F","|poke|p2|Pangoro, M","|poke|p2|Mandibuzz, F","|poke|p2|Tyranitar, M","|poke|p2|Bisharp, F","|rule|Sleep Clause Mod: Limit one foe put to sleep","|rule|Species Clause: Limit one of each Pokémon","|rule|OHKO Clause: OHKO moves are banned","|rule|Moody Clause: Moody is banned","|rule|Evasion Moves Clause: Evasion moves are banned","|rule|Endless Battle Clause: Forcing endless battles is banned","|rule|HP Percentage Mod: HP is shown in percentages","|teampreview","|","|start","|switch|p1a: Rafique|Landorus-Therian, M|319/319","|switch|p2a: Sharpedo|Sharpedo, F|281/281","|-ability|p1a: Rafique|Intimidate","|-unboost|p2a: Sharpedo|atk|1","|turn|1","|","|move|p2a: Sharpedo|Protect|p2a: Sharpedo","|-singleturn|p2a: Sharpedo|Protect","|move|p1a: Rafique|U-turn|p2a: Sharpedo","|-activate|p2a: Sharpedo|Protect","|","|-boost|p2a: Sharpedo|spe|1|[from] ability: Speed Boost","|turn|2","|","|switch|p1a: Cyron|Zapdos|384/384","|-ability|p1a: Cyron|Pressure","|switch|p2a: Mandibuzz|Mandibuzz, F|423/423","|","|turn|3","|","|switch|p2a: Tyranitar|Tyranitar, M|404/404","|-weather|Sandstorm","|move|p1a: Cyron|Discharge|p2a: Tyranitar","|-damage|p2a: Tyranitar|368/404","|","|-weather|Sandstorm|[upkeep]","|-damage|p1a: Cyron|360/384|[from] sandstorm","|-heal|p1a: Cyron|384/384|[from] item: Leftovers","|turn|4","|","|switch|p1a: Rafique|Landorus-Therian, M|319/319","|-ability|p1a: Rafique|Intimidate","|-unboost|p2a: Tyranitar|atk|1","|move|p2a: Tyranitar|Stone Edge|p1a: Rafique","|-damage|p1a: Rafique|213/319","|","|-weather|Sandstorm|[upkeep]","|turn|5","|","|switch|p2a: Mandibuzz|Mandibuzz, F|423/423","|move|p1a: Rafique|U-turn|p2a: Mandibuzz","|-damage|p2a: Mandibuzz|357/423","|-damage|p1a: Rafique|160/319|[from] item: Rocky Helmet|[of] p2a: Mandibuzz","|","|switch|p1a: Andrea|Togekiss, F|312/312","|","|-weather|Sandstorm|[upkeep]","|-damage|p1a: Andrea|293/312|[from] sandstorm","|turn|6","|","|move|p1a: Andrea|Dazzling Gleam|p2a: Mandibuzz","|-supereffective|p2a: Mandibuzz","|-damage|p2a: Mandibuzz|63/423","|move|p2a: Mandibuzz|Toxic|p1a: Andrea","|-status|p1a: Andrea|tox","|","|-weather|Sandstorm|[upkeep]","|-damage|p1a: Andrea|274/312 tox|[from] sandstorm","|-damage|p1a: Andrea|255/312 tox|[from] psn","|turn|7","|","|switch|p2a: Tyranitar|Tyranitar, M|368/404","|move|p1a: Andrea|Dazzling Gleam|p2a: Tyranitar","|-supereffective|p2a: Tyranitar","|-damage|p2a: Tyranitar|284/404","|","|-weather|none","|-damage|p1a: Andrea|217/312 tox|[from] psn","|turn|8","|","|switch|p1a: Rafique|Landorus-Therian, M|160/319","|-ability|p1a: Rafique|Intimidate","|-unboost|p2a: Tyranitar|atk|1","|move|p2a: Tyranitar|Stone Edge|p1a: Rafique|[miss]","|-miss|p2a: Tyranitar|p1a: Rafique","|","|turn|9","|","|move|p1a: Rafique|U-turn|p2a: Tyranitar","|-supereffective|p2a: Tyranitar","|-damage|p2a: Tyranitar|124/404","|","|switch|p1a: Miller|Skarmory, F|333/333","|move|p2a: Tyranitar|Stone Edge|p1a: Miller","|-damage|p1a: Miller|276/333","|","|turn|10","|","|move|p1a: Miller|Stealth Rock|p2a: Tyranitar","|-sidestart|p2: Alliance ♋ akaFila|move: Stealth Rock","|move|p2a: Tyranitar|Fire Blast|p1a: Miller","|-supereffective|p1a: Miller","|-damage|p1a: Miller|60/333","|","|turn|11","|","|switch|p1a: Ohnta|Gyarados, F|331/331","|-ability|p1a: Ohnta|Intimidate","|-unboost|p2a: Tyranitar|atk|1","|move|p2a: Tyranitar|Earthquake|p1a: Ohnta","|-immune|p1a: Ohnta|[msg]","|","|turn|12","|","|switch|p2a: Mandibuzz|Mandibuzz, F|63/423","|-damage|p2a: Mandibuzz|0 fnt|[from] Stealth Rock","|faint|p2a: Mandibuzz","|detailschange|p1a: Ohnta|Gyarados-Mega, F","|-mega|p1a: Ohnta|Gyarados|Gyaradosite","|-ability|p1a: Ohnta|Mold Breaker","|move|p1a: Ohnta|Earthquake|p2: Mandibuzz|[notarget]","|-notarget","|","|","|switch|p2a: Pangoro|Pangoro, M|331/331","|-damage|p2a: Pangoro|311/331|[from] Stealth Rock","|turn|13","|","|switch|p1a: Rafique|Landorus-Therian, M|160/319","|-ability|p1a: Rafique|Intimidate","|-unboost|p2a: Pangoro|atk|1","|move|p2a: Pangoro|Drain Punch|p1a: Rafique","|-resisted|p1a: Rafique","|-damage|p1a: Rafique|100/319","|-heal|p2a: Pangoro|331/331|[from] drain|[of] p1a: Rafique","|","|turn|14","|","|move|p1a: Rafique|U-turn|p2a: Pangoro","|-damage|p2a: Pangoro|214/331","|","|switch|p1a: Andrea|Togekiss, F|217/312 tox","|move|p2a: Pangoro|Drain Punch|p1a: Andrea","|-resisted|p1a: Andrea","|-damage|p1a: Andrea|190/312 tox","|-heal|p2a: Pangoro|228/331|[from] drain|[of] p1a: Andrea","|","|-damage|p1a: Andrea|171/312 tox|[from] psn","|turn|15","|","|switch|p2a: Tyranitar|Tyranitar, M|124/404","|-damage|p2a: Tyranitar|74/404|[from] Stealth Rock","|-weather|Sandstorm","|move|p1a: Andrea|Dazzling Gleam|p2a: Tyranitar","|-supereffective|p2a: Tyranitar","|-damage|p2a: Tyranitar|0 fnt","|faint|p2a: Tyranitar","|","|-weather|Sandstorm|[upkeep]","|-damage|p1a: Andrea|152/312 tox|[from] sandstorm","|-damage|p1a: Andrea|114/312 tox|[from] psn","|","|switch|p2a: Bisharp|Bisharp, F|333/333","|-damage|p2a: Bisharp|313/333|[from] Stealth Rock","|turn|16","|","|move|p1a: Andrea|Dazzling Gleam|p2a: Bisharp","|-crit|p2a: Bisharp","|-damage|p2a: Bisharp|48/333","|move|p2a: Bisharp|Swords Dance|p2a: Bisharp","|-boost|p2a: Bisharp|atk|2","|","|-weather|Sandstorm|[upkeep]","|-damage|p1a: Andrea|95/312 tox|[from] sandstorm","|-damage|p1a: Andrea|38/312 tox|[from] psn","|turn|17","|","|switch|p1a: Miller|Skarmory, F|60/333","|move|p2a: Bisharp|Sucker Punch|p1a: Miller","|-fail|p2a: Bisharp","|","|-weather|Sandstorm|[upkeep]","|turn|18","|","|move|p1a: Miller|Roost|p1a: Miller","|-heal|p1a: Miller|227/333","|move|p2a: Bisharp|Knock Off|p1a: Miller","|-crit|p1a: Miller","|-damage|p1a: Miller|0 fnt","|-damage|p2a: Bisharp|0 fnt|[from] item: Rocky Helmet|[of] p1a: Miller","|faint|p2a: Bisharp","|faint|p1a: Miller","|","|-weather|Sandstorm|[upkeep]","|","|switch|p1a: Rafique|Landorus-Therian, M|100/319","|switch|p2a: Pangoro|Pangoro, M|228/331","|-ability|p1a: Rafique|Intimidate","|-unboost|p2a: Pangoro|atk|1","|-damage|p2a: Pangoro|208/331|[from] Stealth Rock","|turn|19","|","|move|p1a: Rafique|U-turn|p2a: Pangoro","|-damage|p2a: Pangoro|92/331","|","|switch|p1a: Cyron|Zapdos|384/384","|-ability|p1a: Cyron|Pressure","|move|p2a: Pangoro|Knock Off|p1a: Cyron","|-damage|p1a: Cyron|258/384","|-enditem|p1a: Cyron|Leftovers|[from] move: Knock Off|[of] p2a: Pangoro","|","|-weather|none","|turn|20","|","|switch|p2a: Hoopa-Unbound|Hoopa-Unbound|363/363","|-damage|p2a: Hoopa-Unbound|318/363|[from] Stealth Rock","|move|p1a: Cyron|Discharge|p2a: Hoopa-Unbound","|-damage|p2a: Hoopa-Unbound|222/363","|","|turn|21","|","|move|p1a: Cyron|Discharge|p2a: Hoopa-Unbound","|-damage|p2a: Hoopa-Unbound|129/363","|move|p2a: Hoopa-Unbound|Hyperspace Fury|p1a: Cyron","|-damage|p1a: Cyron|0 fnt","|-unboost|p2a: Hoopa-Unbound|def|1","|faint|p1a: Cyron","|","|","|switch|p1a: Rafique|Landorus-Therian, M|100/319","|-ability|p1a: Rafique|Intimidate","|-unboost|p2a: Hoopa-Unbound|atk|1","|turn|22","|","|move|p1a: Rafique|U-turn|p2a: Hoopa-Unbound","|-supereffective|p2a: Hoopa-Unbound","|-damage|p2a: Hoopa-Unbound|0 fnt","|faint|p2a: Hoopa-Unbound","|","|switch|p1a: Shari|Dragonite, M|324/324","|","|","|switch|p2a: Sharpedo|Sharpedo, F|281/281","|-damage|p2a: Sharpedo|246/281|[from] Stealth Rock","|turn|23","|","|move|p1a: Shari|Extreme Speed|p2a: Sharpedo","|-damage|p2a: Sharpedo|0 fnt","|faint|p2a: Sharpedo","|","|","|switch|p2a: Pangoro|Pangoro, M|92/331","|-damage|p2a: Pangoro|72/331|[from] Stealth Rock","|turn|24","|","|move|p1a: Shari|Extreme Speed|p2a: Pangoro","|-crit|p2a: Pangoro","|-damage|p2a: Pangoro|0 fnt","|faint|p2a: Pangoro","|","|win|Void Neo - ⒶⒻⓀ"],"p1rating":{"entryid":"413977","serverid":"eos","formatid":"monotype","userid":"voidneo","username":"Void Neo","w":24,"l":"3","t":"0","gxe":79.5,"r":"1752.692490646","rd":"66.349776160969","sigma":"0","rptime":"1441011600","rpr":1759.0893297169,"rprd":65.454423617154,"rpsigma":"0","acre":1369.3195162372,"lacre":1369.3195162372,"oldacre":"1357.5380723805"},"p2rating":{"entryid":"126995","serverid":"eos","formatid":"monotype","userid":"allianceakafila","username":"Alliance ♋ akaFila","w":"28","l":20,"t":"0","gxe":57.7,"r":"1571.1214599244","rd":"50.571674503185","sigma":"0","rptime":"1441011600","rpr":1558.8604190396,"rprd":49.752839172264,"rpsigma":"0","acre":1191.0767593723,"lacre":1191.0767593723,"oldacre":"1205.8035641932"},"endType":"normal"}