{"seed":[64631,48420,60680,15556],"turns":25,"p1":"jakey2saucey06","p2":"SL Aqua","p1team":[{"name":"Hippopotas","species":"Hippopotas","item":"eviolite","ability":"Sand Stream","moves":["earthquake","slackoff","stealthrock","whirlwind"],"nature":"Impish","evs":{"hp":252,"atk":0,"def":4,"spa":0,"spd":252,"spe":0},"ivs":{"hp":31,"atk":31,"def":31,"spa":31,"spd":31,"spe":31}},{"name":"Excadrill","species":"Excadrill","item":"choicescarf","ability":"Sand Force","moves":["earthquake","rockslide","ironhead","poisonjab"],"nature":"Adamant","evs":{"hp":4,"atk":252,"def":0,"spa":0,"spd":0,"spe":252},"ivs":{"hp":31,"atk":31,"def":31,"spa":31,"spd":31,"spe":31}},{"name":"Garchomp","species":"Garchomp","item":"garchompite","ability":"Sand Veil","moves":["earthquake","dragonclaw","bodyslam","crunch"],"nature":"Jolly","evs":{"hp":4,"atk":252,"def":0,"spa":0,"spd":0,"spe":252},"ivs":{"hp":31,"atk":31,"def":31,"spa":31,"spd":31,"spe":31}},{"name":"Landorus-Therian","species":"Landorus-Therian","item":"choicescarf","ability":"Intimidate","moves":["uturn","earthquake","knockoff","explosion"],"nature":"Adamant","evs":{"hp":4,"atk":252,"def":0,"spa":0,"spd":0,"spe":252},"ivs":{"hp":31,"atk":31,"def":31,"spa":31,"spd":31,"spe":31}},{"name":"Diggersby","species":"Diggersby","item":"focussash","ability":"Huge Power","moves":["swordsdance","quickattack","earthquake","return"],"nature":"Jolly","evs":{"hp":4,"atk":252,"def":0,"spa":0,"spd":0,"spe":252},"ivs":{"hp":31,"atk":31,"def":31,"spa":31,"spd":31,"spe":31}},{"name":"Gastrodon","species":"Gastrodon","item":"leftovers","ability":"Storm Drain","moves":["scald","recover","toxic","earthpower"],"nature":"Bold","evs":{"hp":252,"atk":0,"def":244,"spa":0,"spd":0,"spe":12},"ivs":{"hp":31,"atk":31,"def":31,"spa":31,"spd":31,"spe":31}}],"p2team":[{"name":"Diggersby","species":"Diggersby","item":"choicescarf","ability":"Huge Power","moves":["return","earthquake","wildcharge","uturn"],"nature":"Adamant","evs":{"hp":0,"atk":252,"def":0,"spa":0,"spd":4,"spe":252},"gender":"M","ivs":{"hp":31,"atk":31,"def":31,"spa":31,"spd":31,"spe":31}},{"name":"Garchomp","species":"Garchomp","item":"focussash","ability":"Rough Skin","moves":["swordsdance","ironhead","crunch","rockslide"],"nature":"Jolly","evs":{"hp":0,"atk":252,"def":0,"spa":0,"spd":0,"spe":252},"gender":"M","ivs":{"hp":31,"atk":31,"def":31,"spa":31,"spd":31,"spe":31}},{"name":"Hippowdon","species":"Hippowdon","item":"leftovers","ability":"Sand Stream","moves":["stealthrock","icefang","thunderfang","slackoff"],"nature":"Impish","evs":{"hp":252,"atk":4,"def":252,"spa":0,"spd":0,"spe":0},"gender":"M","ivs":{"hp":31,"atk":31,"def":31,"spa":31,"spd":31,"spe":31}},{"name":"Swampert","species":"Swampert","item":"swampertite","ability":"Torrent","moves":["raindance","earthquake","waterfall","icepunch"],"nature":"Adamant","evs":{"hp":0,"atk":0,"def":128,"spa":0,"spd":128,"spe":252},"gender":"M","ivs":{"hp":31,"atk":31,"def":31,"spa":31,"spd":31,"spe":31}},{"name":"Nidoking","species":"Nidoking","item":"choicescarf","ability":"Sheer Force","moves":["flamethrower","thunderbolt","sludgewave","icebeam"],"nature":"Modest","evs":{"hp":4,"atk":0,"def":0,"spa":252,"spd":0,"spe":252},"ivs":{"hp":31,"atk":31,"def":31,"spa":31,"spd":31,"spe":31}},{"name":"Landorus-Therian","species":"Landorus-Therian","item":"lifeorb","ability":"Intimidate","moves":["earthquake","explosion","rockslide","knockoff"],"nature":"Jolly","evs":{"hp":0,"atk":252,"def":0,"spa":0,"spd":4,"spe":252},"ivs":{"hp":31,"atk":31,"def":31,"spa":31,"spd":31,"spe":31}}],"log":["|player|p1|jakey2saucey06|122","|player|p2|SL Aqua|141","|gametype|singles","|gen|6","|tier|Monotype","|rated","|rule|Baton Pass Clause: Limit one Baton Passer, can't pass Spe and other stats simultaneously","|rule|Swagger Clause: Swagger is banned","|rule|Same Type Clause: Pokémon in a team must share a type","|clearpoke","|poke|p1|Hippopotas, F","|poke|p1|Excadrill, F","|poke|p1|Garchomp, M","|poke|p1|Landorus-Therian, M","|poke|p1|Diggersby, M","|poke|p1|Gastrodon, F","|poke|p2|Diggersby, M","|poke|p2|Garchomp, M","|poke|p2|Hippowdon, M","|poke|p2|Swampert, M","|poke|p2|Nidoking, M","|poke|p2|Landorus-Therian, M","|rule|Sleep Clause Mod: Limit one foe put to sleep","|rule|Species Clause: Limit one of each Pokémon","|rule|OHKO Clause: OHKO moves are banned","|rule|Moody Clause: Moody is banned","|rule|Evasion Moves Clause: Evasion moves are banned","|rule|Endless Battle Clause: Forcing endless battles is banned","|rule|HP Percentage Mod: HP is shown in percentages","|teampreview","|","|start","|switch|p1a: Hippopotas|Hippopotas, F|340/340","|switch|p2a: Hippowdon|Hippowdon, M|420/420","|-weather|Sandstorm","|turn|1","|","|move|p2a: Hippowdon|Ice Fang|p1a: Hippopotas","|-supereffective|p1a: Hippopotas","|-damage|p1a: Hippopotas|256/340","|move|p1a: Hippopotas|Stealth Rock|p2a: Hippowdon","|-sidestart|p2: SL Aqua|move: Stealth Rock","|","|-weather|Sandstorm|[upkeep]","|turn|2","|","|move|p2a: Hippowdon|Ice Fang|p1a: Hippopotas","|-supereffective|p1a: Hippopotas","|-damage|p1a: Hippopotas|176/340","|move|p1a: Hippopotas|Whirlwind|p2a: Hippowdon","|drag|p2a: Nidoking|Nidoking, M|304/304","|-damage|p2a: Nidoking|285/304|[from] Stealth Rock","|","|-weather|Sandstorm|[upkeep]","|turn|3","|","|switch|p1a: Excadrill|Excadrill, F|362/362","|move|p2a: Nidoking|Ice Beam|p1a: Excadrill","|-damage|p1a: Excadrill|202/362","|","|-weather|Sandstorm|[upkeep]","|turn|4","|","|switch|p2a: Hippowdon|Hippowdon, M|420/420","|-damage|p2a: Hippowdon|394/420|[from] Stealth Rock","|move|p1a: Excadrill|Iron Head|p2a: Hippowdon","|-damage|p2a: Hippowdon|253/420","|","|-weather|Sandstorm|[upkeep]","|-heal|p2a: Hippowdon|279/420|[from] item: Leftovers","|turn|5","|","|move|p1a: Excadrill|Iron Head|p2a: Hippowdon","|-damage|p2a: Hippowdon|155/420","|move|p2a: Hippowdon|Ice Fang|p1a: Excadrill","|-damage|p1a: Excadrill|113/362","|","|-weather|none","|-heal|p2a: Hippowdon|181/420|[from] item: Leftovers","|turn|6","|","|move|p1a: Excadrill|Iron Head|p2a: Hippowdon","|-damage|p2a: Hippowdon|84/420","|cant|p2a: Hippowdon|flinch","|","|-heal|p2a: Hippowdon|110/420|[from] item: Leftovers","|turn|7","|","|move|p1a: Excadrill|Iron Head|p2a: Hippowdon","|-damage|p2a: Hippowdon|4/420","|move|p2a: Hippowdon|Slack Off|p2a: Hippowdon","|-heal|p2a: Hippowdon|214/420","|","|-heal|p2a: Hippowdon|240/420|[from] item: Leftovers","|turn|8","|","|switch|p1a: Gastrodon|Gastrodon, F|426/426","|move|p2a: Hippowdon|Slack Off|p2a: Hippowdon","|-heal|p2a: Hippowdon|420/420","|","|turn|9","|","|move|p2a: Hippowdon|Ice Fang|p1a: Gastrodon","|-damage|p1a: Gastrodon|378/426","|move|p1a: Gastrodon|Scald|p2a: Hippowdon","|-supereffective|p2a: Hippowdon","|-damage|p2a: Hippowdon|208/420","|","|-heal|p2a: Hippowdon|234/420|[from] item: Leftovers","|-heal|p1a: Gastrodon|404/426|[from] item: Leftovers","|turn|10","|","|move|p2a: Hippowdon|Ice Fang|p1a: Gastrodon","|-damage|p1a: Gastrodon|349/426","|move|p1a: Gastrodon|Scald|p2a: Hippowdon","|-supereffective|p2a: Hippowdon","|-damage|p2a: Hippowdon|0 fnt","|faint|p2a: Hippowdon","|","|-heal|p1a: Gastrodon|375/426|[from] item: Leftovers","|","|switch|p2a: Garchomp|Garchomp, M|357/357","|-damage|p2a: Garchomp|335/357|[from] Stealth Rock","|turn|11","|","|move|p2a: Garchomp|Swords Dance|p2a: Garchomp","|-boost|p2a: Garchomp|atk|2","|move|p1a: Gastrodon|Toxic|p2a: Garchomp","|-status|p2a: Garchomp|tox","|","|-heal|p1a: Gastrodon|401/426|[from] item: Leftovers","|-damage|p2a: Garchomp|313/357 tox|[from] psn","|turn|12","|","|move|p2a: Garchomp|Crunch|p1a: Gastrodon","|-crit|p1a: Gastrodon","|-damage|p1a: Gastrodon|145/426","|move|p1a: Gastrodon|Scald|p2a: Garchomp","|-damage|p2a: Garchomp|217/357 tox","|","|-heal|p1a: Gastrodon|171/426|[from] item: Leftovers","|-damage|p2a: Garchomp|173/357 tox|[from] psn","|turn|13","|","|move|p2a: Garchomp|Crunch|p1a: Gastrodon","|-damage|p1a: Gastrodon|0 fnt","|faint|p1a: Gastrodon","|","|-damage|p2a: Garchomp|107/357 tox|[from] psn","|","|switch|p1a: Hippopotas|Hippopotas, F|176/340","|-weather|Sandstorm","|turn|14","|","|move|p2a: Garchomp|Crunch|p1a: Hippopotas","|-damage|p1a: Hippopotas|36/340","|move|p1a: Hippopotas|Whirlwind|p2a: Garchomp","|drag|p2a: Diggersby|Diggersby, M|311/311","|-damage|p2a: Diggersby|292/311|[from] Stealth Rock","|","|-weather|Sandstorm|[upkeep]","|turn|15","|","|move|p2a: Diggersby|Return|p1a: Hippopotas","|-damage|p1a: Hippopotas|0 fnt","|faint|p1a: Hippopotas","|","|-weather|Sandstorm|[upkeep]","|","|switch|p1a: Diggersby|Diggersby, M|312/312","|turn|16","|","|move|p2a: Diggersby|Return|p1a: Diggersby","|-damage|p1a: Diggersby|6/312","|move|p1a: Diggersby|Swords Dance|p1a: Diggersby","|-boost|p1a: Diggersby|atk|2","|","|-weather|Sandstorm|[upkeep]","|turn|17","|","|move|p1a: Diggersby|Quick Attack|p2a: Diggersby","|-damage|p2a: Diggersby|94/311","|move|p2a: Diggersby|Return|p1a: Diggersby","|-crit|p1a: Diggersby","|-damage|p1a: Diggersby|0 fnt","|faint|p1a: Diggersby","|","|-weather|Sandstorm|[upkeep]","|","|switch|p1a: Landorus-Therian|Landorus-Therian, M|320/320","|-ability|p1a: Landorus-Therian|Intimidate","|-unboost|p2a: Diggersby|atk|1","|turn|18","|","|move|p1a: Landorus-Therian|U-turn|p2a: Diggersby","|-damage|p2a: Diggersby|0 fnt","|faint|p2a: Diggersby","|","|switch|p1a: Excadrill|Excadrill, F|113/362","|","|-weather|none","|","|switch|p2a: Garchomp|Garchomp, M|107/357 tox","|-damage|p2a: Garchomp|85/357 tox|[from] Stealth Rock","|turn|19","|","|move|p1a: Excadrill|Iron Head|p2a: Garchomp","|-damage|p2a: Garchomp|0 fnt","|-damage|p1a: Excadrill|68/362|[from] ability: Rough Skin|[of] p2a: Garchomp","|faint|p2a: Garchomp","|","|","|switch|p2a: Swampert|Swampert, M|341/341","|-damage|p2a: Swampert|320/341|[from] Stealth Rock","|turn|20","|","|detailschange|p2a: Swampert|Swampert-Mega, M","|-mega|p2a: Swampert|Swampert|Swampertite","|move|p1a: Excadrill|Iron Head|p2a: Swampert","|-resisted|p2a: Swampert","|-damage|p2a: Swampert|260/341","|move|p2a: Swampert|Rain Dance|p2a: Swampert","|-weather|RainDance","|","|-weather|RainDance|[upkeep]","|turn|21","|","|move|p2a: Swampert|Waterfall|p1a: Excadrill","|-supereffective|p1a: Excadrill","|-damage|p1a: Excadrill|0 fnt","|faint|p1a: Excadrill","|","|-weather|RainDance|[upkeep]","|","|switch|p1a: Landorus-Therian|Landorus-Therian, M|320/320","|-ability|p1a: Landorus-Therian|Intimidate","|-unboost|p2a: Swampert|atk|1","|turn|22","|","|move|p2a: Swampert|Ice Punch|p1a: Landorus-Therian","|-supereffective|p1a: Landorus-Therian","|-damage|p1a: Landorus-Therian|52/320","|move|p1a: Landorus-Therian|Knock Off|p2a: Swampert","|-damage|p2a: Swampert|185/341","|","|-weather|RainDance|[upkeep]","|turn|23","|","|move|p2a: Swampert|Ice Punch|p1a: Landorus-Therian","|-supereffective|p1a: Landorus-Therian","|-damage|p1a: Landorus-Therian|0 fnt","|faint|p1a: Landorus-Therian","|","|-weather|RainDance|[upkeep]","|","|switch|p1a: Garchomp|Garchomp, M|358/358","|turn|24","|","|detailschange|p1a: Garchomp|Garchomp-Mega, M","|-mega|p1a: Garchomp|Garchomp|Garchompite","|move|p2a: Swampert|Ice Punch|p1a: Garchomp","|-supereffective|p1a: Garchomp","|-damage|p1a: Garchomp|154/358","|move|p1a: Garchomp|Earthquake|p2a: Swampert","|-damage|p2a: Swampert|0 fnt","|faint|p2a: Swampert","|","|-weather|none","|","|switch|p2a: Nidoking|Nidoking, M|285/304","|-damage|p2a: Nidoking|266/304|[from] Stealth Rock","|turn|25","|","|move|p2a: Nidoking|Ice Beam|p1a: Garchomp","|-supereffective|p1a: Garchomp","|-damage|p1a: Garchomp|0 fnt","|faint|p1a: Garchomp","|","|win|SL Aqua"],"p1rating":{"entryid":"636200","serverid":"eos","formatid":"monotype","userid":"jakey2saucey06","username":"jakey2saucey06","w":"8","l":7,"t":"0","gxe":53,"r":"1499.4700794024","rd":"87.692388856764","sigma":"0","rptime":"1441011600","rpr":1522.9362869098,"rprd":77.284385340329,"rpsigma":"0","acre":1137.8381488131,"lacre":1137.8381488131,"oldacre":"1167.7031314274"},"p2rating":{"entryid":"663579","serverid":"eos","formatid":"monotype","userid":"slaqua","username":"SL Aqua","w":6,"l":"4","t":"0","gxe":56.6,"r":"1532.8130953652","rd":"88.553799458258","sigma":"0","rptime":"1441011600","rpr":1551.4390319104,"rprd":86.0199627557,"rpsigma":"0","acre":1129.223953314,"lacre":1129.223953314,"oldacre":"1099.2190284976"},"endType":"normal"}