{"seed":[24079,56974,53255,436],"turns":25,"p1":"Guard Wanderer","p2":"Knight Ryan","p1team":[{"name":"Weezing","species":"Weezing","item":"sitrusberry","ability":"Levitate","moves":["toxicspikes","willowisp","memento","thief"],"nature":"Careful","evs":{"hp":248,"atk":0,"def":0,"spa":0,"spd":252,"spe":0},"ivs":{"hp":31,"atk":31,"def":31,"spa":31,"spd":31,"spe":31}},{"name":"Tentacruel","species":"Tentacruel","item":"assaultvest","ability":"Liquid Ooze","moves":["scald","acidspray","gigadrain","hex"],"nature":"Timid","evs":{"hp":0,"atk":0,"def":4,"spa":252,"spd":0,"spe":252},"ivs":{"hp":31,"atk":31,"def":31,"spa":31,"spd":31,"spe":31}},{"name":"Skuntank","species":"Skuntank","item":"","ability":"Stench","moves":["snatch","thief","suckerpunch","poisonjab"],"nature":"Adamant","evs":{"hp":248,"atk":252,"def":0,"spa":0,"spd":8,"spe":0},"ivs":{"hp":31,"atk":31,"def":31,"spa":31,"spd":31,"spe":31}},{"name":"Crobat","species":"Crobat","item":"whiteherb","ability":"Infiltrator","moves":["curse","acrobatics","roost","hypnosis"],"nature":"Jolly","evs":{"hp":248,"atk":8,"def":0,"spa":0,"spd":0,"spe":252},"ivs":{"hp":31,"atk":31,"def":31,"spa":31,"spd":31,"spe":31}},{"name":"Gengar","species":"Gengar","item":"choicescarf","ability":"Levitate","moves":["trick","destinybond","venoshock","hex"],"nature":"Timid","evs":{"hp":0,"atk":0,"def":0,"spa":252,"spd":4,"spe":252},"ivs":{"hp":31,"atk":31,"def":31,"spa":31,"spd":31,"spe":31}},{"name":"Amoonguss","species":"Amoonguss","item":"blacksludge","ability":"Regenerator","moves":["spore","gigadrain","gastroacid","stunspore"],"nature":"Calm","evs":{"hp":248,"atk":0,"def":0,"spa":8,"spd":252,"spe":0},"shiny":true,"ivs":{"hp":31,"atk":31,"def":31,"spa":31,"spd":31,"spe":31}}],"p2team":[{"name":"Breloom","species":"Breloom","item":"lifeorb","ability":"Technician","moves":["machpunch","bulletseed","swordsdance","spore"],"nature":"Jolly","evs":{"hp":0,"atk":252,"def":0,"spa":0,"spd":4,"spe":252},"gender":"M","ivs":{"hp":31,"atk":31,"def":31,"spa":31,"spd":31,"spe":31}},{"name":"Trevenant","species":"Trevenant","item":"lumberry","ability":"Harvest","moves":["willowisp","calmmind","shadowball","leechseed"],"nature":"Bold","evs":{"hp":248,"atk":0,"def":252,"spa":8,"spd":0,"spe":0},"gender":"F","shiny":true,"ivs":{"hp":31,"atk":31,"def":31,"spa":31,"spd":31,"spe":31}},{"name":"Venusaur","species":"Venusaur","item":"venusaurite","ability":"Chlorophyll","moves":["gigadrain","sludgebomb","earthquake","growth"],"nature":"Mild","evs":{"hp":0,"atk":4,"def":0,"spa":252,"spd":0,"spe":252},"gender":"M","ivs":{"hp":31,"atk":31,"def":31,"spa":31,"spd":31,"spe":31}},{"name":"Rotom-Mow","species":"Rotom-Mow","item":"sitrusberry","ability":"Levitate","moves":["discharge","leafstorm","hiddenpowerice","toxic"],"nature":"Modest","evs":{"hp":248,"atk":0,"def":0,"spa":252,"spd":8,"spe":0},"ivs":{"hp":31,"atk":30,"def":30,"spa":31,"spd":31,"spe":31}},{"name":"Ferrothorn","species":"Ferrothorn","item":"rockyhelmet","ability":"Iron Barbs","moves":["curse","gyroball","stealthrock","spikes"],"nature":"Relaxed","evs":{"hp":248,"atk":8,"def":252,"spa":0,"spd":0,"spe":0},"gender":"F","ivs":{"hp":31,"atk":31,"def":31,"spa":31,"spd":31,"spe":0}},{"name":"Serperior","species":"Serperior","item":"sitrusberry","ability":"Contrary","moves":["dragonpulse","leafstorm","hiddenpowerfire","glare"],"nature":"Timid","evs":{"hp":0,"atk":0,"def":0,"spa":252,"spd":4,"spe":252},"gender":"M","ivs":{"hp":31,"atk":30,"def":31,"spa":30,"spd":31,"spe":30},"shiny":true}],"log":["|player|p1|Guard Wanderer|208","|player|p2|Knight Ryan|170","|gametype|singles","|gen|6","|tier|Monotype","|rated","|rule|Baton Pass Clause: Limit one Baton Passer, can't pass Spe and other stats simultaneously","|rule|Swagger Clause: Swagger is banned","|rule|Same Type Clause: Pokémon in a team must share a type","|clearpoke","|poke|p1|Weezing, F","|poke|p1|Tentacruel, F","|poke|p1|Skuntank, M","|poke|p1|Crobat, M","|poke|p1|Gengar, M","|poke|p1|Amoonguss, F, shiny","|poke|p2|Breloom, M","|poke|p2|Trevenant, F, shiny","|poke|p2|Venusaur, M","|poke|p2|Rotom-Mow","|poke|p2|Ferrothorn, F","|poke|p2|Serperior, M, shiny","|rule|Sleep Clause Mod: Limit one foe put to sleep","|rule|Species Clause: Limit one of each Pokémon","|rule|OHKO Clause: OHKO moves are banned","|rule|Moody Clause: Moody is banned","|rule|Evasion Moves Clause: Evasion moves are banned","|rule|Endless Battle Clause: Forcing endless battles is banned","|rule|HP Percentage Mod: HP is shown in percentages","|teampreview","|","|start","|switch|p1a: Weezing|Weezing, F|333/333","|switch|p2a: Ferrothorn|Ferrothorn, F|351/351","|turn|1","|","|move|p1a: Weezing|Will-O-Wisp|p2a: Ferrothorn","|-status|p2a: Ferrothorn|brn","|move|p2a: Ferrothorn|Gyro Ball|p1a: Weezing","|-damage|p1a: Weezing|286/333","|","|-damage|p2a: Ferrothorn|308/351 brn|[from] brn","|turn|2","|","|switch|p1a: Amoonguss|Amoonguss, F, shiny|431/431","|move|p2a: Ferrothorn|Stealth Rock|p1a: Amoonguss","|-sidestart|p1: Guard Wanderer|move: Stealth Rock","|","|-damage|p2a: Ferrothorn|265/351 brn|[from] brn","|turn|3","|","|move|p1a: Amoonguss|Gastro Acid|p2a: Ferrothorn","|-endability|p2a: Ferrothorn","|move|p2a: Ferrothorn|Spikes|p1a: Amoonguss","|-sidestart|p1: Guard Wanderer|Spikes","|","|-damage|p2a: Ferrothorn|222/351 brn|[from] brn","|turn|4","|","|switch|p1a: Weezing|Weezing, F|286/333","|-damage|p1a: Weezing|245/333|[from] Stealth Rock","|move|p2a: Ferrothorn|Spikes|p1a: Weezing","|-sidestart|p1: Guard Wanderer|Spikes","|","|-damage|p2a: Ferrothorn|179/351 brn|[from] brn","|turn|5","|","|move|p1a: Weezing|Thief|p2a: Ferrothorn","|-damage|p2a: Ferrothorn|153/351 brn","|-damage|p1a: Weezing|190/333|[from] item: Rocky Helmet|[of] p2a: Ferrothorn","|move|p2a: Ferrothorn|Spikes|p1a: Weezing","|-sidestart|p1: Guard Wanderer|Spikes","|","|-damage|p2a: Ferrothorn|110/351 brn|[from] brn","|turn|6","|","|move|p1a: Weezing|Toxic Spikes|p2a: Ferrothorn","|-sidestart|p2: Knight Ryan|move: Toxic Spikes","|move|p2a: Ferrothorn|Curse|p2a: Ferrothorn","|-unboost|p2a: Ferrothorn|spe|1","|-boost|p2a: Ferrothorn|atk|1","|-boost|p2a: Ferrothorn|def|1","|","|-damage|p2a: Ferrothorn|67/351 brn|[from] brn","|turn|7","|","|move|p1a: Weezing|Toxic Spikes|p2a: Ferrothorn","|-sidestart|p2: Knight Ryan|move: Toxic Spikes","|move|p2a: Ferrothorn|Gyro Ball|p1a: Weezing","|-damage|p1a: Weezing|85/333","|-enditem|p1a: Weezing|Sitrus Berry|[eat]","|-heal|p1a: Weezing|168/333|[from] item: Sitrus Berry","|","|-damage|p2a: Ferrothorn|24/351 brn|[from] brn","|turn|8","|","|switch|p1a: Amoonguss|Amoonguss, F, shiny|431/431","|-damage|p1a: Amoonguss|324/431|[from] Spikes","|-damage|p1a: Amoonguss|271/431|[from] Stealth Rock","|move|p2a: Ferrothorn|Gyro Ball|p1a: Amoonguss","|-crit|p1a: Amoonguss","|-damage|p1a: Amoonguss|120/431","|","|-heal|p1a: Amoonguss|146/431|[from] item: Black Sludge","|-damage|p2a: Ferrothorn|0 fnt|[from] brn","|faint|p2a: Ferrothorn","|","|switch|p2a: Venusaur|Venusaur, M|301/301","|-sideend|p2: Knight Ryan|move: Toxic Spikes|[of] p2a: Venusaur","|turn|9","|","|detailschange|p2a: Venusaur|Venusaur-Mega, M","|-mega|p2a: Venusaur|Venusaur|Venusaurite","|move|p2a: Venusaur|Sludge Bomb|p1a: Amoonguss","|-damage|p1a: Amoonguss|14/431","|move|p1a: Amoonguss|Gastro Acid|p2a: Venusaur","|-endability|p2a: Venusaur","|","|-heal|p1a: Amoonguss|40/431|[from] item: Black Sludge","|turn|10","|","|move|p2a: Venusaur|Sludge Bomb|p1a: Amoonguss","|-damage|p1a: Amoonguss|0 fnt","|faint|p1a: Amoonguss","|","|","|switch|p1a: Tentacruel|Tentacruel, F|301/301","|-damage|p1a: Tentacruel|264/301|[from] Stealth Rock","|-damage|p1a: Tentacruel|189/301|[from] Spikes","|turn|11","|","|move|p1a: Tentacruel|Acid Spray|p2a: Venusaur","|-damage|p2a: Venusaur|255/301","|-unboost|p2a: Venusaur|spd|2","|move|p2a: Venusaur|Growth|p2a: Venusaur","|-boost|p2a: Venusaur|atk|1","|-boost|p2a: Venusaur|spa|1","|","|turn|12","|","|move|p1a: Tentacruel|Scald|p2a: Venusaur","|-resisted|p2a: Venusaur","|-damage|p2a: Venusaur|173/301","|-status|p2a: Venusaur|brn","|move|p2a: Venusaur|Earthquake|p1a: Tentacruel","|-supereffective|p1a: Tentacruel","|-damage|p1a: Tentacruel|26/301","|","|-damage|p2a: Venusaur|136/301 brn|[from] brn","|turn|13","|","|move|p1a: Tentacruel|Hex|p2a: Venusaur","|-damage|p2a: Venusaur|0 fnt","|faint|p2a: Venusaur","|","|","|switch|p2a: Breloom|Breloom, M|261/261","|turn|14","|","|move|p2a: Breloom|Mach Punch|p1a: Tentacruel","|-resisted|p1a: Tentacruel","|-damage|p1a: Tentacruel|0 fnt","|-damage|p2a: Breloom|235/261|[from] item: Life Orb","|faint|p1a: Tentacruel","|","|","|switch|p1a: Crobat|Crobat, M|373/373","|-damage|p1a: Crobat|280/373|[from] Stealth Rock","|turn|15","|","|move|p1a: Crobat|Curse|p1a: Crobat","|-unboost|p1a: Crobat|spe|1","|-boost|p1a: Crobat|atk|1","|-boost|p1a: Crobat|def|1","|-enditem|p1a: Crobat|White Herb","|-restoreboost|p1a: Crobat|[silent]","|move|p2a: Breloom|Spore|p1a: Crobat","|-status|p1a: Crobat|slp","|","|turn|16","|","|cant|p1a: Crobat|slp","|move|p2a: Breloom|Swords Dance|p2a: Breloom","|-boost|p2a: Breloom|atk|2","|","|turn|17","|","|-curestatus|p1a: Crobat|slp","|move|p1a: Crobat|Acrobatics|p2a: Breloom","|-supereffective|p2a: Breloom","|-damage|p2a: Breloom|0 fnt","|faint|p2a: Breloom","|","|","|switch|p2a: Rotom-Mow|Rotom-Mow|303/303","|turn|18","|","|move|p1a: Crobat|Hypnosis|p2a: Rotom-Mow|[miss]","|-miss|p1a: Crobat|p2a: Rotom-Mow","|move|p2a: Rotom-Mow|Discharge|p1a: Crobat","|-supereffective|p1a: Crobat","|-damage|p1a: Crobat|0 fnt","|faint|p1a: Crobat","|","|","|switch|p1a: Weezing|Weezing, F|168/333","|-damage|p1a: Weezing|127/333|[from] Stealth Rock","|turn|19","|","|move|p2a: Rotom-Mow|Discharge|p1a: Weezing","|-damage|p1a: Weezing|7/333","|-status|p1a: Weezing|par","|move|p1a: Weezing|Toxic Spikes|p2a: Rotom-Mow","|-sidestart|p2: Knight Ryan|move: Toxic Spikes","|","|turn|20","|","|move|p2a: Rotom-Mow|Hidden Power|p1a: Weezing","|-damage|p1a: Weezing|0 fnt","|faint|p1a: Weezing","|","|","|switch|p1a: Skuntank|Skuntank, M|409/409","|-damage|p1a: Skuntank|307/409|[from] Spikes","|-damage|p1a: Skuntank|256/409|[from] Stealth Rock","|turn|21","|","|move|p2a: Rotom-Mow|Discharge|p1a: Skuntank","|-crit|p1a: Skuntank","|-damage|p1a: Skuntank|0 fnt","|faint|p1a: Skuntank","|","|","|switch|p1a: Gengar|Gengar, M|261/261","|-damage|p1a: Gengar|229/261|[from] Stealth Rock","|turn|22","|","|move|p1a: Gengar|Venoshock|p2a: Rotom-Mow","|-supereffective|p2a: Rotom-Mow","|-damage|p2a: Rotom-Mow|73/303","|-enditem|p2a: Rotom-Mow|Sitrus Berry|[eat]","|-heal|p2a: Rotom-Mow|148/303|[from] item: Sitrus Berry","|move|p2a: Rotom-Mow|Discharge|p1a: Gengar","|-damage|p1a: Gengar|64/261","|","|turn|23","|","|move|p1a: Gengar|Venoshock|p2a: Rotom-Mow","|-supereffective|p2a: Rotom-Mow","|-damage|p2a: Rotom-Mow|0 fnt","|faint|p2a: Rotom-Mow","|","|","|switch|p2a: Serperior|Serperior, M, shiny|291/291","|-status|p2a: Serperior|psn","|turn|24","|","|move|p1a: Gengar|Venoshock|p2a: Serperior","|-supereffective|p2a: Serperior","|-damage|p2a: Serperior|0 fnt","|faint|p2a: Serperior","|","|","|switch|p2a: Trevenant|Trevenant, F, shiny|373/373","|-status|p2a: Trevenant|psn","|-enditem|p2a: Trevenant|Lum Berry|[eat]","|-curestatus|p2a: Trevenant|psn","|turn|25","|","|move|p1a: Gengar|Venoshock|p2a: Trevenant","|-damage|p2a: Trevenant|232/373","|move|p2a: Trevenant|Shadow Ball|p1a: Gengar","|-supereffective|p1a: Gengar","|-damage|p1a: Gengar|0 fnt","|faint|p1a: Gengar","|","|win|Knight Ryan"],"p1rating":{"entryid":"9966","serverid":"eos","formatid":"monotype","userid":"guardwanderer","username":"Guard Wanderer","w":"26","l":40,"t":"0","gxe":41,"r":"1437.4023676922","rd":"45.621833792246","sigma":"0","rptime":"1441011600","rpr":1431.2501310278,"rprd":45.270230622514,"rpsigma":"0","acre":1140.1915006858,"lacre":1140.1915006858,"oldacre":"1166.5329123016"},"p2rating":{"entryid":"680905","serverid":"eos","formatid":"monotype","userid":"knightryan","username":"Knight Ryan","w":12,"l":"13","t":"0","gxe":49.8,"r":"1403.8094993324","rd":"97.799903656578","sigma":"0","rptime":"1441011600","rpr":1498.5552043901,"rprd":64.822807348314,"rpsigma":"0","acre":1174.2142373784,"lacre":1174.2142373784,"oldacre":"1147.8728257626"},"endType":"normal"}