{"seed":[6635,1331,9357,62944],"turns":23,"p1":"gtx♅Bugy","p2":"Emg GL Svu","p1team":[{"name":"Dj Gible","species":"garchomp","item":"choicescarf","ability":"Rough Skin","moves":["outrage","earthquake","crunch","irontail"],"nature":"Jolly","evs":{"hp":0,"atk":252,"def":0,"spa":0,"spd":4,"spe":252},"shiny":true,"ivs":{"hp":31,"atk":31,"def":31,"spa":31,"spd":31,"spe":31}},{"name":"Dr.Freeze","species":"kyuremblack","item":"choicescarf","ability":"Teravolt","moves":["icebeam","dragonclaw","fusionbolt","ironhead"],"nature":"Naive","evs":{"hp":0,"atk":252,"def":0,"spa":4,"spd":0,"spe":252},"shiny":true,"ivs":{"hp":31,"atk":31,"def":31,"spa":31,"spd":31,"spe":31}},{"name":"Goober","species":"goodra","item":"assaultvest","ability":"Gooey","moves":["flamethrower","icebeam","thunderbolt","dragonpulse"],"nature":"Modest","evs":{"hp":248,"atk":0,"def":0,"spa":252,"spd":8,"spe":0},"shiny":true,"ivs":{"hp":31,"atk":31,"def":31,"spa":31,"spd":31,"spe":31}},{"name":"666","species":"hydreigon","item":"choicescarf","ability":"Levitate","moves":["dracometeor","darkpulse","fireblast","flashcannon"],"nature":"Timid","evs":{"hp":0,"atk":0,"def":0,"spa":252,"spd":4,"spe":252},"shiny":true,"ivs":{"hp":31,"atk":31,"def":31,"spa":31,"spd":31,"spe":31}},{"name":"Jet Streams","species":"latios","item":"choicescarf","ability":"Levitate","moves":["energyball","surf","dragonpulse","psychic"],"nature":"Timid","evs":{"hp":0,"atk":0,"def":0,"spa":252,"spd":4,"spe":252},"shiny":true,"ivs":{"hp":31,"atk":31,"def":31,"spa":31,"spd":31,"spe":31}},{"name":"SHREK IS NOT LIFE","species":"dragonite","item":"weaknesspolicy","ability":"Multiscale","moves":["dragondance","extremespeed","superpower","dragonclaw"],"nature":"Adamant","evs":{"hp":0,"atk":252,"def":0,"spa":0,"spd":4,"spe":252},"shiny":true,"ivs":{"hp":31,"atk":31,"def":31,"spa":31,"spd":31,"spe":31}}],"p2team":[{"name":"Azumarill","species":"Azumarill","item":"sitrusberry","ability":"Huge Power","moves":["bellydrum","aquajet","playrough","superpower"],"nature":"Adamant","evs":{"hp":252,"atk":252,"def":0,"spa":0,"spd":4,"spe":0},"ivs":{"hp":31,"atk":31,"def":31,"spa":31,"spd":31,"spe":31}},{"name":"Diancie","species":"Diancie","item":"diancite","ability":"Clear Body","moves":["moonblast","diamondstorm","earthpower","calmmind"],"nature":"Hasty","evs":{"hp":0,"atk":40,"def":0,"spa":216,"spd":0,"spe":252},"ivs":{"hp":31,"atk":31,"def":31,"spa":31,"spd":31,"spe":31}},{"name":"Klefki","species":"Klefki","item":"lightclay","ability":"Prankster","moves":["reflect","lightscreen","drainingkiss","thunderwave"],"nature":"Bold","evs":{"hp":248,"atk":0,"def":252,"spa":8,"spd":0,"spe":0},"ivs":{"hp":31,"atk":31,"def":31,"spa":31,"spd":31,"spe":31}},{"name":"Togekiss","species":"Togekiss","item":"leftovers","ability":"Serene Grace","moves":["thunderwave","airslash","flamethrower","aurasphere"],"nature":"Modest","evs":{"hp":252,"atk":0,"def":0,"spa":252,"spd":4,"spe":0},"ivs":{"hp":31,"atk":31,"def":31,"spa":31,"spd":31,"spe":31}},{"name":"Slurpuff","species":"Slurpuff","item":"sitrusberry","ability":"Unburden","moves":["bellydrum","playrough","drainpunch","facade"],"nature":"Adamant","evs":{"hp":4,"atk":252,"def":0,"spa":0,"spd":0,"spe":252},"ivs":{"hp":31,"atk":31,"def":31,"spa":31,"spd":31,"spe":31}},{"name":"Gardevoir","species":"Gardevoir","item":"choicescarf","ability":"Trace","moves":["moonblast","psyshock","focusblast","energyball"],"nature":"Timid","evs":{"hp":0,"atk":0,"def":0,"spa":252,"spd":4,"spe":252},"ivs":{"hp":31,"atk":31,"def":31,"spa":31,"spd":31,"spe":31}}],"log":["|player|p1|gtx♅Bugy|92","|player|p2|Emg GL Svu|67","|gametype|singles","|gen|6","|tier|Monotype","|rated","|rule|Baton Pass Clause: Limit one Baton Passer, can't pass Spe and other stats simultaneously","|rule|Swagger Clause: Swagger is banned","|rule|Same Type Clause: Pokémon in a team must share a type","|clearpoke","|poke|p1|Garchomp, M, shiny","|poke|p1|Kyurem-Black, shiny","|poke|p1|Goodra, F, shiny","|poke|p1|Hydreigon, F, shiny","|poke|p1|Latios, M, shiny","|poke|p1|Dragonite, F, shiny","|poke|p2|Azumarill, F","|poke|p2|Diancie","|poke|p2|Klefki, F","|poke|p2|Togekiss, F","|poke|p2|Slurpuff, M","|poke|p2|Gardevoir, F","|rule|Sleep Clause Mod: Limit one foe put to sleep","|rule|Species Clause: Limit one of each Pokémon","|rule|OHKO Clause: OHKO moves are banned","|rule|Moody Clause: Moody is banned","|rule|Evasion Moves Clause: Evasion moves are banned","|rule|Endless Battle Clause: Forcing endless battles is banned","|rule|HP Percentage Mod: HP is shown in percentages","|teampreview","|","|start","|switch|p1a: Goober|Goodra, F, shiny|383/383","|switch|p2a: Klefki|Klefki, F|317/317","|turn|1","|","|move|p2a: Klefki|Light Screen|p2a: Klefki","|-sidestart|p2: Emg GL Svu|move: Light Screen","|move|p1a: Goober|Flamethrower|p2a: Klefki","|-supereffective|p2a: Klefki","|-damage|p2a: Klefki|192/317","|","|turn|2","|","|move|p1a: Goober|Flamethrower|p2a: Klefki","|-supereffective|p2a: Klefki","|-damage|p2a: Klefki|76/317","|move|p2a: Klefki|Draining Kiss|p1a: Goober","|-supereffective|p1a: Goober","|-damage|p1a: Goober|335/383","|-heal|p2a: Klefki|112/317|[from] drain|[of] p1a: Goober","|-unboost|p2a: Klefki|spe|1","|","|turn|3","|","|switch|p2a: Gardevoir|Gardevoir, F|277/277","|-ability|p2a: Gardevoir|Gooey|[from] ability: Trace|[of] p1a: Goober","|move|p1a: Goober|Flamethrower|p2a: Gardevoir","|-damage|p2a: Gardevoir|228/277","|","|turn|4","|","|move|p2a: Gardevoir|Moonblast|p1a: Goober","|-supereffective|p1a: Goober","|-damage|p1a: Goober|195/383","|-unboost|p1a: Goober|spa|1","|move|p1a: Goober|Flamethrower|p2a: Gardevoir","|-damage|p2a: Gardevoir|196/277","|","|turn|5","|","|switch|p2a: Azumarill|Azumarill, F|404/404","|move|p1a: Goober|Flamethrower|p2a: Azumarill","|-resisted|p2a: Azumarill","|-damage|p2a: Azumarill|384/404","|","|turn|6","|","|move|p1a: Goober|Thunderbolt|p2a: Azumarill","|-supereffective|p2a: Azumarill","|-damage|p2a: Azumarill|307/404","|move|p2a: Azumarill|Play Rough|p1a: Goober","|-supereffective|p1a: Goober","|-damage|p1a: Goober|0 fnt","|-unboost|p2a: Azumarill|spe|1","|faint|p1a: Goober","|","|","|switch|p1a: Dr.Freeze|Kyurem-Black, shiny|391/391","|-ability|p1a: Dr.Freeze|Teravolt","|turn|7","|","|move|p2a: Azumarill|Aqua Jet|p1a: Dr.Freeze","|-resisted|p1a: Dr.Freeze","|-damage|p1a: Dr.Freeze|350/391","|move|p1a: Dr.Freeze|Fusion Bolt|p2a: Azumarill","|-supereffective|p2a: Azumarill","|-damage|p2a: Azumarill|0 fnt","|faint|p2a: Azumarill","|","|","|switch|p2a: Klefki|Klefki, F|112/317","|turn|8","|","|switch|p1a: Dj Gible|Garchomp, M, shiny|357/357","|move|p2a: Klefki|Reflect|p2a: Klefki","|-sidestart|p2: Emg GL Svu|Reflect","|","|-sideend|p2: Emg GL Svu|move: Light Screen","|turn|9","|","|move|p2a: Klefki|Light Screen|p2a: Klefki","|-sidestart|p2: Emg GL Svu|move: Light Screen","|move|p1a: Dj Gible|Earthquake|p2a: Klefki","|-supereffective|p2a: Klefki","|-damage|p2a: Klefki|0 fnt","|faint|p2a: Klefki","|","|","|switch|p2a: Gardevoir|Gardevoir, F|196/277","|-ability|p2a: Gardevoir|Rough Skin|[from] ability: Trace|[of] p1a: Dj Gible","|turn|10","|","|switch|p1a: SHREK IS NOT LIFE|Dragonite, F, shiny|323/323","|move|p2a: Gardevoir|Moonblast|p1a: SHREK IS NOT LIFE","|-supereffective|p1a: SHREK IS NOT LIFE","|-damage|p1a: SHREK IS NOT LIFE|166/323","|-enditem|p1a: SHREK IS NOT LIFE|Weakness Policy","|-boost|p1a: SHREK IS NOT LIFE|atk|2|[from] item: Weakness Policy","|-boost|p1a: SHREK IS NOT LIFE|spa|2|[from] item: Weakness Policy","|-unboost|p1a: SHREK IS NOT LIFE|spa|1","|","|turn|11","|","|move|p1a: SHREK IS NOT LIFE|Extreme Speed|p2a: Gardevoir","|-damage|p2a: Gardevoir|34/277","|-damage|p1a: SHREK IS NOT LIFE|126/323|[from] ability: Rough Skin|[of] p2a: Gardevoir","|move|p2a: Gardevoir|Moonblast|p1a: SHREK IS NOT LIFE","|-supereffective|p1a: SHREK IS NOT LIFE","|-damage|p1a: SHREK IS NOT LIFE|0 fnt","|faint|p1a: SHREK IS NOT LIFE","|","|","|switch|p1a: Jet Streams|Latios, M, shiny|301/301","|turn|12","|","|move|p1a: Jet Streams|Psychic|p2a: Gardevoir","|-resisted|p2a: Gardevoir","|-damage|p2a: Gardevoir|1/277","|move|p2a: Gardevoir|Moonblast|p1a: Jet Streams","|-supereffective|p1a: Jet Streams","|-damage|p1a: Jet Streams|11/301","|","|turn|13","|","|switch|p2a: Togekiss|Togekiss, F|374/374","|move|p1a: Jet Streams|Psychic|p2a: Togekiss","|-damage|p2a: Togekiss|303/374","|","|-heal|p2a: Togekiss|326/374|[from] item: Leftovers","|turn|14","|","|move|p1a: Jet Streams|Psychic|p2a: Togekiss","|-damage|p2a: Togekiss|249/374","|move|p2a: Togekiss|Air Slash|p1a: Jet Streams","|-damage|p1a: Jet Streams|0 fnt","|faint|p1a: Jet Streams","|","|-heal|p2a: Togekiss|272/374|[from] item: Leftovers","|","|switch|p1a: 666|Hydreigon, F, shiny|325/325","|turn|15","|","|move|p1a: 666|Flash Cannon|p2a: Togekiss","|-supereffective|p2a: Togekiss","|-damage|p2a: Togekiss|193/374","|move|p2a: Togekiss|Thunder Wave|p1a: 666","|-status|p1a: 666|par","|","|-heal|p2a: Togekiss|216/374|[from] item: Leftovers","|-sideend|p2: Emg GL Svu|Reflect","|turn|16","|","|move|p2a: Togekiss|Aura Sphere|p1a: 666","|-supereffective|p1a: 666","|-damage|p1a: 666|125/325 par","|move|p1a: 666|Flash Cannon|p2a: Togekiss","|-supereffective|p2a: Togekiss","|-damage|p2a: Togekiss|136/374","|","|-heal|p2a: Togekiss|159/374|[from] item: Leftovers","|-sideend|p2: Emg GL Svu|move: Light Screen","|turn|17","|","|move|p2a: Togekiss|Air Slash|p1a: 666","|-damage|p1a: 666|0 fnt","|faint|p1a: 666","|","|-heal|p2a: Togekiss|182/374|[from] item: Leftovers","|","|switch|p1a: Dr.Freeze|Kyurem-Black, shiny|350/391","|-ability|p1a: Dr.Freeze|Teravolt","|turn|18","|","|move|p1a: Dr.Freeze|Iron Head|p2a: Togekiss","|-supereffective|p2a: Togekiss","|-damage|p2a: Togekiss|0 fnt","|faint|p2a: Togekiss","|","|","|switch|p2a: Slurpuff|Slurpuff, M|306/306","|turn|19","|","|move|p1a: Dr.Freeze|Iron Head|p2a: Slurpuff","|-supereffective|p2a: Slurpuff","|-damage|p2a: Slurpuff|24/306","|-enditem|p2a: Slurpuff|Sitrus Berry|[eat]","|-heal|p2a: Slurpuff|100/306|[from] item: Sitrus Berry","|move|p2a: Slurpuff|Play Rough|p1a: Dr.Freeze","|-supereffective|p1a: Dr.Freeze","|-damage|p1a: Dr.Freeze|84/391","|","|turn|20","|","|move|p2a: Slurpuff|Drain Punch|p1a: Dr.Freeze","|-supereffective|p1a: Dr.Freeze","|-damage|p1a: Dr.Freeze|0 fnt","|-heal|p2a: Slurpuff|142/306|[from] drain|[of] p1a: Dr.Freeze","|faint|p1a: Dr.Freeze","|","|","|switch|p1a: Dj Gible|Garchomp, M, shiny|357/357","|turn|21","|","|move|p1a: Dj Gible|Iron Tail|p2a: Slurpuff","|-supereffective|p2a: Slurpuff","|-damage|p2a: Slurpuff|0 fnt","|faint|p2a: Slurpuff","|","|","|switch|p2a: Gardevoir|Gardevoir, F|1/277","|-ability|p2a: Gardevoir|Rough Skin|[from] ability: Trace|[of] p1a: Dj Gible","|turn|22","|","|move|p1a: Dj Gible|Iron Tail|p2a: Gardevoir","|-supereffective|p2a: Gardevoir","|-damage|p2a: Gardevoir|0 fnt","|-damage|p1a: Dj Gible|313/357|[from] ability: Rough Skin|[of] p2a: Gardevoir","|faint|p2a: Gardevoir","|","|","|switch|p2a: Diancie|Diancie|241/241","|turn|23","|","|detailschange|p2a: Diancie|Diancie-Mega","|-mega|p2a: Diancie|Diancie|Diancite","|move|p1a: Dj Gible|Iron Tail|p2a: Diancie","|-supereffective|p2a: Diancie","|-damage|p2a: Diancie|0 fnt","|faint|p2a: Diancie","|","|win|gtx♅Bugy"],"p1rating":{"entryid":"464882","serverid":"eos","formatid":"monotype","userid":"gtxbugy","username":"GTX♅Bugy","w":23,"l":"12","t":"0","gxe":62.4,"r":1590.7139950348,"rd":58.453605455559,"sigma":"0","rptime":1441011600,"rpr":1596.3151575131,"rprd":57.827676565218,"rpsigma":"0","acre":1198.8122865334,"lacre":1198.8122865334,"oldacre":"1182.5797676525"},"p2rating":{"entryid":"95908","serverid":"eos","formatid":"monotype","userid":"emgglsvu","username":"Emg GL Svu","w":"2","l":5,"t":"0","gxe":40.5,"r":"1441.022846817","rd":101.94700909304,"sigma":"0","rptime":1441011600,"rpr":1424.89200887,"rprd":98.625642757012,"rpsigma":"0","acre":1043.4523342338,"lacre":1043.4523342338,"oldacre":"1055.3346680494"},"endType":"normal"}