{"seed":[7522,32684,7261,44502],"turns":17,"p1":"DJ Gible","p2":"Void Wiley","p1team":[{"name":"Diancie","species":"Diancie","item":"diancite","ability":"Clear Body","moves":["earthpower","moonblast","ancientpower","protect"],"nature":"Timid","evs":{"hp":0,"atk":0,"def":0,"spa":252,"spd":4,"spe":252},"ivs":{"hp":31,"atk":31,"def":31,"spa":31,"spd":31,"spe":31}},{"name":"Cradily","species":"Cradily","item":"leftovers","ability":"Storm Drain","moves":["stealthrock","rockslide","recover","gigadrain"],"nature":"Careful","evs":{"hp":252,"atk":4,"def":0,"spa":0,"spd":252,"spe":0},"ivs":{"hp":31,"atk":31,"def":31,"spa":31,"spd":31,"spe":31}},{"name":"Tyranitar","species":"Tyranitar","item":"choicescarf","ability":"Sand Stream","moves":["stoneedge","pursuit","superpower","crunch"],"nature":"Jolly","evs":{"hp":0,"atk":252,"def":4,"spa":0,"spd":0,"spe":252},"ivs":{"hp":31,"atk":31,"def":31,"spa":31,"spd":31,"spe":31}},{"name":"Omastar","species":"Omastar","item":"focussash","ability":"Weak Armor","moves":["shellsmash","icebeam","scald","ancientpower"],"nature":"Modest","evs":{"hp":0,"atk":0,"def":0,"spa":252,"spd":4,"spe":252},"ivs":{"hp":31,"atk":31,"def":31,"spa":31,"spd":31,"spe":31}},{"name":"Rhyperior","species":"Rhyperior","item":"weaknesspolicy","ability":"Solid Rock","moves":["earthquake","ironhead","poisonjab","stoneedge"],"nature":"Adamant","evs":{"hp":184,"atk":252,"def":64,"spa":0,"spd":8,"spe":0},"ivs":{"hp":31,"atk":31,"def":31,"spa":31,"spd":31,"spe":31}},{"name":"Terrakion","species":"Terrakion","item":"choicescarf","ability":"Justified","moves":["closecombat","stoneedge","zenheadbutt","poisonjab"],"nature":"Jolly","evs":{"hp":0,"atk":252,"def":0,"spa":0,"spd":4,"spe":252},"ivs":{"hp":31,"atk":31,"def":31,"spa":31,"spd":31,"spe":31}}],"p2team":[{"name":"Lemon Lime","species":"tauros","item":"lifeorb","ability":"Sheer Force","moves":["rockclimb","earthquake","zenheadbutt","ironhead"],"nature":"Jolly","evs":{"hp":0,"atk":252,"def":0,"spa":0,"spd":4,"spe":252},"shiny":true,"ivs":{"hp":31,"atk":31,"def":31,"spa":31,"spd":31,"spe":31}},{"name":"Czech Republic","species":"braviary","item":"leftovers","ability":"Defiant","moves":["toxic","roost","bravebird","bulkup"],"nature":"Impish","evs":{"hp":248,"atk":8,"def":252,"spa":0,"spd":0,"spe":0},"shiny":true,"ivs":{"hp":31,"atk":31,"def":31,"spa":31,"spd":31,"spe":31}},{"name":"Whiskers","species":"raticate","item":"flameorb","ability":"Guts","moves":["protect","facade","crunch","wildcharge"],"nature":"Jolly","evs":{"hp":0,"atk":252,"def":0,"spa":0,"spd":36,"spe":220},"shiny":true,"ivs":{"hp":31,"atk":31,"def":31,"spa":31,"spd":31,"spe":31}},{"name":"Loud Mouth","species":"exploud","item":"choicescarf","ability":"Scrappy","moves":["boomburst","flamethrower","icebeam","focusblast"],"nature":"Timid","evs":{"hp":0,"atk":0,"def":0,"spa":252,"spd":4,"spe":252},"shiny":true,"ivs":{"hp":31,"atk":31,"def":31,"spa":31,"spd":31,"spe":31}},{"name":"Udder Madness","species":"miltank","item":"leftovers","ability":"Thick Fat","moves":["milkdrink","bodyslam","thunderwave","healbell"],"nature":"Impish","evs":{"hp":252,"atk":4,"def":252,"spa":0,"spd":0,"spe":0},"shiny":true,"ivs":{"hp":31,"atk":31,"def":31,"spa":31,"spd":31,"spe":31}},{"name":"Red Robins","species":"swellow","item":"flameorb","ability":"Guts","moves":["protect","facade","bravebird","uturn"],"nature":"Jolly","evs":{"hp":0,"atk":252,"def":0,"spa":0,"spd":4,"spe":252},"shiny":true,"ivs":{"hp":31,"atk":31,"def":31,"spa":31,"spd":31,"spe":31}}],"log":["|player|p1|DJ Gible|198","|player|p2|Void Wiley|voidwiley.png","|gametype|singles","|gen|6","|tier|Monotype","|rated","|rule|Baton Pass Clause: Limit one Baton Passer, can't pass Spe and other stats simultaneously","|rule|Swagger Clause: Swagger is banned","|rule|Same Type Clause: Pokémon in a team must share a type","|clearpoke","|poke|p1|Diancie","|poke|p1|Cradily, M","|poke|p1|Tyranitar, F","|poke|p1|Omastar, M","|poke|p1|Rhyperior, F","|poke|p1|Terrakion","|poke|p2|Tauros, M, shiny","|poke|p2|Braviary, M, shiny","|poke|p2|Raticate, M, shiny","|poke|p2|Exploud, M, shiny","|poke|p2|Miltank, F, shiny","|poke|p2|Swellow, M, shiny","|rule|Sleep Clause Mod: Limit one foe put to sleep","|rule|Species Clause: Limit one of each Pokémon","|rule|OHKO Clause: OHKO moves are banned","|rule|Moody Clause: Moody is banned","|rule|Evasion Moves Clause: Evasion moves are banned","|rule|Endless Battle Clause: Forcing endless battles is banned","|rule|HP Percentage Mod: HP is shown in percentages","|teampreview","|","|start","|switch|p1a: Tyranitar|Tyranitar, F|341/341","|switch|p2a: Lemon Lime|Tauros, M, shiny|291/291","|-weather|Sandstorm","|turn|1","|","|move|p1a: Tyranitar|Stone Edge|p2a: Lemon Lime|[miss]","|-miss|p1a: Tyranitar|p2a: Lemon Lime","|move|p2a: Lemon Lime|Earthquake|p1a: Tyranitar","|-supereffective|p1a: Tyranitar","|-damage|p1a: Tyranitar|115/341","|-damage|p2a: Lemon Lime|262/291|[from] item: Life Orb","|","|-weather|Sandstorm|[upkeep]","|-damage|p2a: Lemon Lime|244/291|[from] sandstorm","|turn|2","|","|move|p1a: Tyranitar|Stone Edge|p2a: Lemon Lime","|-damage|p2a: Lemon Lime|46/291","|move|p2a: Lemon Lime|Earthquake|p1a: Tyranitar","|-supereffective|p1a: Tyranitar","|-damage|p1a: Tyranitar|0 fnt","|-damage|p2a: Lemon Lime|17/291|[from] item: Life Orb","|faint|p1a: Tyranitar","|","|-weather|Sandstorm|[upkeep]","|-damage|p2a: Lemon Lime|0 fnt|[from] sandstorm","|faint|p2a: Lemon Lime","|","|switch|p2a: Czech Republic|Braviary, M, shiny|403/403","|switch|p1a: Cradily|Cradily, M|376/376","|turn|3","|","|move|p2a: Czech Republic|Toxic|p1a: Cradily","|-status|p1a: Cradily|tox","|move|p1a: Cradily|Stealth Rock|p2a: Czech Republic","|-sidestart|p2: Void Wiley|move: Stealth Rock","|","|-weather|Sandstorm|[upkeep]","|-damage|p2a: Czech Republic|378/403|[from] sandstorm","|-heal|p2a: Czech Republic|403/403|[from] item: Leftovers","|-damage|p1a: Cradily|353/376 tox|[from] psn","|turn|4","|","|move|p2a: Czech Republic|Bulk Up|p2a: Czech Republic","|-boost|p2a: Czech Republic|atk|1","|-boost|p2a: Czech Republic|def|1","|move|p1a: Cradily|Rock Slide|p2a: Czech Republic","|-supereffective|p2a: Czech Republic","|-damage|p2a: Czech Republic|323/403","|","|-weather|Sandstorm|[upkeep]","|-damage|p2a: Czech Republic|298/403|[from] sandstorm","|-heal|p2a: Czech Republic|323/403|[from] item: Leftovers","|-heal|p1a: Cradily|376/376 tox|[from] item: Leftovers","|-damage|p1a: Cradily|330/376 tox|[from] psn","|turn|5","|","|move|p2a: Czech Republic|Bulk Up|p2a: Czech Republic","|-boost|p2a: Czech Republic|atk|1","|-boost|p2a: Czech Republic|def|1","|move|p1a: Cradily|Rock Slide|p2a: Czech Republic","|-supereffective|p2a: Czech Republic","|-damage|p2a: Czech Republic|261/403","|","|-weather|none","|-heal|p2a: Czech Republic|286/403|[from] item: Leftovers","|-heal|p1a: Cradily|353/376 tox|[from] item: Leftovers","|-damage|p1a: Cradily|284/376 tox|[from] psn","|turn|6","|","|move|p2a: Czech Republic|Bulk Up|p2a: Czech Republic","|-boost|p2a: Czech Republic|atk|1","|-boost|p2a: Czech Republic|def|1","|move|p1a: Cradily|Rock Slide|p2a: Czech Republic","|-supereffective|p2a: Czech Republic","|-damage|p2a: Czech Republic|230/403","|","|-heal|p2a: Czech Republic|255/403|[from] item: Leftovers","|-heal|p1a: Cradily|307/376 tox|[from] item: Leftovers","|-damage|p1a: Cradily|215/376 tox|[from] psn","|turn|7","|","|move|p2a: Czech Republic|Roost|p2a: Czech Republic","|-heal|p2a: Czech Republic|403/403","|move|p1a: Cradily|Rock Slide|p2a: Czech Republic","|-damage|p2a: Czech Republic|378/403","|","|-heal|p2a: Czech Republic|403/403|[from] item: Leftovers","|-heal|p1a: Cradily|238/376 tox|[from] item: Leftovers","|-damage|p1a: Cradily|123/376 tox|[from] psn","|turn|8","|","|move|p2a: Czech Republic|Bulk Up|p2a: Czech Republic","|-boost|p2a: Czech Republic|atk|1","|-boost|p2a: Czech Republic|def|1","|move|p1a: Cradily|Rock Slide|p2a: Czech Republic","|-supereffective|p2a: Czech Republic","|-damage|p2a: Czech Republic|355/403","|","|-heal|p2a: Czech Republic|380/403|[from] item: Leftovers","|-heal|p1a: Cradily|146/376 tox|[from] item: Leftovers","|-damage|p1a: Cradily|8/376 tox|[from] psn","|turn|9","|","|move|p2a: Czech Republic|Bulk Up|p2a: Czech Republic","|-boost|p2a: Czech Republic|atk|1","|-boost|p2a: Czech Republic|def|1","|move|p1a: Cradily|Rock Slide|p2a: Czech Republic","|-supereffective|p2a: Czech Republic","|-damage|p2a: Czech Republic|342/403","|","|-heal|p2a: Czech Republic|367/403|[from] item: Leftovers","|-heal|p1a: Cradily|31/376 tox|[from] item: Leftovers","|-damage|p1a: Cradily|0 fnt|[from] psn","|faint|p1a: Cradily","|","|switch|p1a: Omastar|Omastar, M|281/281","|turn|10","|","|move|p1a: Omastar|Shell Smash|p1a: Omastar","|-unboost|p1a: Omastar|def|1","|-unboost|p1a: Omastar|spd|1","|-boost|p1a: Omastar|atk|2","|-boost|p1a: Omastar|spa|2","|-boost|p1a: Omastar|spe|2","|move|p2a: Czech Republic|Brave Bird|p1a: Omastar","|-resisted|p1a: Omastar","|-enditem|p1a: Omastar|Focus Sash","|-damage|p1a: Omastar|1/281","|-unboost|p1a: Omastar|def|1|[from] ability: Weak Armor","|-boost|p1a: Omastar|spe|1|[from] ability: Weak Armor","|-damage|p2a: Czech Republic|275/403|[from] recoil|[of] p1a: Omastar","|","|-heal|p2a: Czech Republic|300/403|[from] item: Leftovers","|turn|11","|","|move|p1a: Omastar|Ice Beam|p2a: Czech Republic","|-supereffective|p2a: Czech Republic","|-damage|p2a: Czech Republic|0 fnt","|faint|p2a: Czech Republic","|","|","|switch|p2a: Loud Mouth|Exploud, M, shiny|349/349","|-damage|p2a: Loud Mouth|306/349|[from] Stealth Rock","|turn|12","|","|move|p1a: Omastar|Scald|p2a: Loud Mouth","|-damage|p2a: Loud Mouth|0 fnt","|faint|p2a: Loud Mouth","|","|","|switch|p2a: Udder Madness|Miltank, F, shiny|394/394","|-damage|p2a: Udder Madness|345/394|[from] Stealth Rock","|turn|13","|","|move|p1a: Omastar|Scald|p2a: Udder Madness","|-damage|p2a: Udder Madness|0 fnt","|faint|p2a: Udder Madness","|","|","|switch|p2a: Red Robins|Swellow, M, shiny|261/261","|-damage|p2a: Red Robins|196/261|[from] Stealth Rock","|turn|14","|","|move|p2a: Red Robins|Protect|p2a: Red Robins","|-singleturn|p2a: Red Robins|Protect","|move|p1a: Omastar|Ice Beam|p2a: Red Robins","|-activate|p2a: Red Robins|Protect","|","|-status|p2a: Red Robins|brn|[from] item: Flame Orb","|turn|15","|","|move|p1a: Omastar|Ice Beam|p2a: Red Robins","|-supereffective|p2a: Red Robins","|-damage|p2a: Red Robins|0 fnt","|faint|p2a: Red Robins","|","|","|switch|p2a: Whiskers|Raticate, M, shiny|251/251","|-damage|p2a: Whiskers|220/251|[from] Stealth Rock","|turn|16","|","|move|p2a: Whiskers|Protect|p2a: Whiskers","|-singleturn|p2a: Whiskers|Protect","|move|p1a: Omastar|Scald|p2a: Whiskers","|-activate|p2a: Whiskers|Protect","|","|-status|p2a: Whiskers|brn|[from] item: Flame Orb","|turn|17","|","|move|p1a: Omastar|Scald|p2a: Whiskers","|-damage|p2a: Whiskers|0 fnt","|faint|p2a: Whiskers","|","|win|DJ Gible"],"p1rating":{"entryid":"166635","serverid":"eos","formatid":"monotype","userid":"djgible","username":"DJ Gible","w":24,"l":"29","t":"0","gxe":48,"r":"1476.2724379568","rd":"48.427291672956","sigma":"0","rptime":"1441011600","rpr":1484.8254961938,"rprd":48.01168373698,"rpsigma":"0","acre":1123.322317425,"lacre":1123.322317425,"oldacre":"1095.5101438885"},"p2rating":{"entryid":"91212","serverid":"eos","formatid":"monotype","userid":"voidwiley","username":"Void Wiley","w":"52","l":35,"t":"0","gxe":60.6,"r":"1584.6903385527","rd":"40.870921138512","sigma":"0","rptime":"1441011600","rpr":1581.7731064466,"rprd":39.911862028419,"rpsigma":"0","acre":1097.4374427027,"lacre":1097.4374427027,"oldacre":"1124.5200345948"},"endType":"normal"}