{"seed":[53745,28305,22138,47374],"turns":35,"p1":"SL Kj","p2":"Im Slash","p1team":[{"name":"Crobat","species":"Crobat","item":"redcard","ability":"Infiltrator","moves":["acrobatics","roost","uturn","taunt"],"nature":"Jolly","evs":{"hp":196,"atk":0,"def":60,"spa":0,"spd":0,"spe":252},"ivs":{"hp":31,"atk":31,"def":31,"spa":31,"spd":31,"spe":31}},{"name":"Skuntank","species":"Skuntank","item":"airballoon","ability":"Aftermath","moves":["pursuit","suckerpunch","poisonjab","defog"],"nature":"Adamant","evs":{"hp":16,"atk":240,"def":0,"spa":0,"spd":252,"spe":0},"ivs":{"hp":31,"atk":31,"def":31,"spa":31,"spd":31,"spe":31}},{"name":"Amoonguss","species":"Amoonguss","item":"blacksludge","ability":"Regenerator","moves":["spore","gigadrain","gastroacid","foulplay"],"nature":"Calm","evs":{"hp":248,"atk":0,"def":0,"spa":8,"spd":252,"spe":0},"ivs":{"hp":31,"atk":31,"def":31,"spa":31,"spd":31,"spe":31}},{"name":"Beedrill","species":"Beedrill","item":"beedrillite","ability":"Sniper","moves":["uturn","poisonjab","drillrun","protect"],"nature":"Jolly","evs":{"hp":0,"atk":252,"def":0,"spa":0,"spd":4,"spe":252},"ivs":{"hp":31,"atk":31,"def":31,"spa":31,"spd":31,"spe":31}},{"name":"Weezing","species":"Weezing","item":"blacksludge","ability":"Levitate","moves":["willowisp","haze","painsplit","flamethrower"],"nature":"Bold","evs":{"hp":248,"atk":0,"def":252,"spa":8,"spd":0,"spe":0},"ivs":{"hp":31,"atk":31,"def":31,"spa":31,"spd":31,"spe":31}},{"name":"Nidoking","species":"Nidoking","item":"lifeorb","ability":"Sheer Force","moves":["earthpower","flamethrower","icebeam","thunderbolt"],"nature":"Timid","evs":{"hp":0,"atk":0,"def":0,"spa":252,"spd":4,"spe":252},"ivs":{"hp":31,"atk":31,"def":31,"spa":31,"spd":31,"spe":31}}],"p2team":[{"name":"Meloetta","species":"Meloetta","item":"choicespecs","ability":"Serene Grace","moves":["hypervoice","thunderbolt","shadowball","psyshock"],"nature":"Modest","evs":{"hp":248,"atk":0,"def":0,"spa":252,"spd":8,"spe":0},"ivs":{"hp":31,"atk":31,"def":31,"spa":31,"spd":31,"spe":31}},{"name":"Latias","species":"Latias","item":"lifeorb","ability":"Levitate","moves":["dracometeor","healingwish","psyshock","defog"],"nature":"Timid","evs":{"hp":0,"atk":0,"def":0,"spa":252,"spd":4,"spe":252},"ivs":{"hp":31,"atk":31,"def":31,"spa":31,"spd":31,"spe":31}},{"name":"Slowbro","species":"Slowbro","item":"rockyhelmet","ability":"Regenerator","moves":["scald","icebeam","slackoff","thunderwave"],"nature":"Bold","evs":{"hp":248,"atk":0,"def":252,"spa":8,"spd":0,"spe":0},"ivs":{"hp":31,"atk":31,"def":31,"spa":31,"spd":31,"spe":31}},{"name":"Metagross","species":"Metagross","item":"assaultvest","ability":"Clear Body","moves":["earthquake","meteormash","bulletpunch","zenheadbutt"],"nature":"Adamant","evs":{"hp":248,"atk":252,"def":0,"spa":0,"spd":8,"spe":0},"shiny":true,"ivs":{"hp":31,"atk":31,"def":31,"spa":31,"spd":31,"spe":31}},{"name":"Victini","species":"Victini","item":"choicescarf","ability":"Victory Star","moves":["blueflare","vcreate","uturn","boltstrike"],"nature":"Hasty","evs":{"hp":0,"atk":252,"def":0,"spa":4,"spd":0,"spe":252},"ivs":{"hp":31,"atk":31,"def":31,"spa":31,"spd":31,"spe":31}},{"name":"Gardevoir","species":"Gardevoir","item":"gardevoirite","ability":"Trace","moves":["hypervoice","psyshock","substitute","focusblast"],"nature":"Timid","evs":{"hp":0,"atk":0,"def":0,"spa":252,"spd":0,"spe":252},"ivs":{"hp":31,"atk":31,"def":31,"spa":31,"spd":31,"spe":31}}],"log":["|player|p1|SL Kj|68","|player|p2|Im Slash|144","|gametype|singles","|gen|6","|tier|Monotype","|rated","|rule|Baton Pass Clause: Limit one Baton Passer, can't pass Spe and other stats simultaneously","|rule|Swagger Clause: Swagger is banned","|rule|Same Type Clause: Pokémon in a team must share a type","|clearpoke","|poke|p1|Crobat, M","|poke|p1|Skuntank, F","|poke|p1|Amoonguss, F","|poke|p1|Beedrill, M","|poke|p1|Weezing, F","|poke|p1|Nidoking, M","|poke|p2|Meloetta","|poke|p2|Latias, F","|poke|p2|Slowbro, M","|poke|p2|Metagross, shiny","|poke|p2|Victini","|poke|p2|Gardevoir, F","|rule|Sleep Clause Mod: Limit one foe put to sleep","|rule|Species Clause: Limit one of each Pokémon","|rule|OHKO Clause: OHKO moves are banned","|rule|Moody Clause: Moody is banned","|rule|Evasion Moves Clause: Evasion moves are banned","|rule|Endless Battle Clause: Forcing endless battles is banned","|rule|HP Percentage Mod: HP is shown in percentages","|teampreview","|","|start","|switch|p1a: Amoonguss|Amoonguss, F|431/431","|switch|p2a: Metagross|Metagross, shiny|363/363","|turn|1","|","|move|p2a: Metagross|Zen Headbutt|p1a: Amoonguss","|-supereffective|p1a: Amoonguss","|-damage|p1a: Amoonguss|29/431","|move|p1a: Amoonguss|Foul Play|p2a: Metagross","|-supereffective|p2a: Metagross","|-damage|p2a: Metagross|171/363","|","|-heal|p1a: Amoonguss|55/431|[from] item: Black Sludge","|turn|2","|","|switch|p1a: Weezing|Weezing, F|333/333","|move|p2a: Metagross|Meteor Mash|p1a: Weezing|[miss]","|-miss|p2a: Metagross|p1a: Weezing","|","|turn|3","|","|switch|p2a: Victini|Victini|341/341","|switch|p1a: Nidoking|Nidoking, M|303/303","|","|turn|4","|","|move|p2a: Victini|V-create|p1a: Nidoking","|-damage|p1a: Nidoking|0 fnt","|-unboost|p2a: Victini|spe|1","|-unboost|p2a: Victini|def|1","|-unboost|p2a: Victini|spd|1","|faint|p1a: Nidoking","|","|","|switch|p1a: Beedrill|Beedrill, M|271/271","|turn|5","|","|switch|p2a: Slowbro|Slowbro, M|393/393","|detailschange|p1a: Beedrill|Beedrill-Mega, M","|-mega|p1a: Beedrill|Beedrill|Beedrillite","|move|p1a: Beedrill|U-turn|p2a: Slowbro","|-supereffective|p2a: Slowbro","|-damage|p2a: Slowbro|161/393","|-damage|p1a: Beedrill|226/271|[from] item: Rocky Helmet|[of] p2a: Slowbro","|","|switch|p1a: Amoonguss|Amoonguss, F|198/431","|","|-heal|p1a: Amoonguss|224/431|[from] item: Black Sludge","|turn|6","|","|move|p1a: Amoonguss|Spore|p2a: Slowbro","|-status|p2a: Slowbro|slp","|cant|p2a: Slowbro|slp","|","|-heal|p1a: Amoonguss|250/431|[from] item: Black Sludge","|turn|7","|","|switch|p2a: Gardevoir|Gardevoir, F|277/277","|-ability|p2a: Gardevoir|Regenerator|[from] ability: Trace|[of] p1a: Amoonguss","|move|p1a: Amoonguss|Giga Drain|p2a: Gardevoir","|-crit|p2a: Gardevoir","|-damage|p2a: Gardevoir|163/277","|-heal|p1a: Amoonguss|307/431|[from] drain|[of] p2a: Gardevoir","|","|-heal|p1a: Amoonguss|333/431|[from] item: Black Sludge","|turn|8","|","|detailschange|p2a: Gardevoir|Gardevoir-Mega, F","|-mega|p2a: Gardevoir|Gardevoir|Gardevoirite","|move|p2a: Gardevoir|Substitute|p2a: Gardevoir","|-start|p2a: Gardevoir|Substitute","|-damage|p2a: Gardevoir|94/277","|move|p1a: Amoonguss|Foul Play|p2a: Gardevoir","|-end|p2a: Gardevoir|Substitute","|","|-heal|p1a: Amoonguss|359/431|[from] item: Black Sludge","|turn|9","|","|switch|p1a: Skuntank|Skuntank, F|351/351","|-item|p1a: Skuntank|Air Balloon","|move|p2a: Gardevoir|Psyshock|p1a: Skuntank","|-immune|p1a: Skuntank|[msg]","|","|turn|10","|","|move|p2a: Gardevoir|Substitute|p2a: Gardevoir","|-start|p2a: Gardevoir|Substitute","|-damage|p2a: Gardevoir|25/277","|move|p1a: Skuntank|Poison Jab|p2a: Gardevoir","|-crit|p2a: Gardevoir","|-supereffective|p2a: Gardevoir","|-end|p2a: Gardevoir|Substitute","|","|turn|11","|","|switch|p2a: Slowbro|Slowbro, M|292/393 slp","|move|p1a: Skuntank|Sucker Punch|p2a: Slowbro","|-fail|p1a: Skuntank","|","|turn|12","|","|move|p1a: Skuntank|Poison Jab|p2a: Slowbro","|-damage|p2a: Slowbro|202/393 slp","|-damage|p1a: Skuntank|293/351|[from] item: Rocky Helmet|[of] p2a: Slowbro","|-curestatus|p2a: Slowbro|slp","|move|p2a: Slowbro|Scald|p1a: Skuntank","|-damage|p1a: Skuntank|182/351","|-enditem|p1a: Skuntank|Air Balloon","|","|turn|13","|","|switch|p1a: Amoonguss|Amoonguss, F|431/431","|move|p2a: Slowbro|Slack Off|p2a: Slowbro","|-heal|p2a: Slowbro|393/393","|","|turn|14","|","|switch|p2a: Gardevoir|Gardevoir-Mega, F|25/277","|move|p1a: Amoonguss|Spore|p2a: Gardevoir","|-status|p2a: Gardevoir|slp","|","|turn|15","|","|switch|p2a: Latias|Latias, F|301/301","|move|p1a: Amoonguss|Foul Play|p2a: Latias","|-supereffective|p2a: Latias","|-damage|p2a: Latias|179/301","|","|turn|16","|","|move|p2a: Latias|Psyshock|p1a: Amoonguss","|-supereffective|p1a: Amoonguss","|-damage|p1a: Amoonguss|10/431","|-damage|p2a: Latias|149/301|[from] item: Life Orb","|move|p1a: Amoonguss|Foul Play|p2a: Latias","|-supereffective|p2a: Latias","|-damage|p2a: Latias|31/301","|","|-heal|p1a: Amoonguss|36/431|[from] item: Black Sludge","|turn|17","|","|switch|p1a: Skuntank|Skuntank, F|182/351","|move|p2a: Latias|Healing Wish|p2a: Latias","|faint|p2a: Latias","|","|","|switch|p2a: Gardevoir|Gardevoir-Mega, F|25/277 slp","|-heal|p2a: Gardevoir|277/277|[from] move: Healing Wish","|turn|18","|","|move|p2a: Gardevoir|Hyper Voice|p1a: Skuntank","|-damage|p1a: Skuntank|0 fnt","|faint|p1a: Skuntank","|","|","|switch|p1a: Beedrill|Beedrill-Mega, M|226/271","|turn|19","|","|switch|p2a: Slowbro|Slowbro, M|393/393","|move|p1a: Beedrill|U-turn|p2a: Slowbro","|-supereffective|p2a: Slowbro","|-damage|p2a: Slowbro|137/393","|-damage|p1a: Beedrill|181/271|[from] item: Rocky Helmet|[of] p2a: Slowbro","|","|switch|p1a: Amoonguss|Amoonguss, F|179/431","|","|-heal|p1a: Amoonguss|205/431|[from] item: Black Sludge","|turn|20","|","|switch|p2a: Meloetta|Meloetta|403/403","|move|p1a: Amoonguss|Spore|p2a: Meloetta","|-status|p2a: Meloetta|slp","|","|-heal|p1a: Amoonguss|231/431|[from] item: Black Sludge","|turn|21","|","|switch|p2a: Victini|Victini|341/341","|move|p1a: Amoonguss|Foul Play|p2a: Victini","|-supereffective|p2a: Victini","|-damage|p2a: Victini|143/341","|","|-heal|p1a: Amoonguss|257/431|[from] item: Black Sludge","|turn|22","|","|switch|p1a: Weezing|Weezing, F|333/333","|move|p2a: Victini|Blue Flare|p1a: Weezing","|-damage|p1a: Weezing|144/333","|","|-heal|p1a: Weezing|164/333|[from] item: Black Sludge","|turn|23","|","|switch|p1a: Crobat|Crobat, M|360/360","|move|p2a: Victini|Blue Flare|p1a: Crobat","|-damage|p1a: Crobat|188/360","|-status|p1a: Crobat|brn","|-enditem|p1a: Crobat|Red Card|[of] p2a: Victini","|drag|p2a: Meloetta|Meloetta|403/403 slp","|","|-damage|p1a: Crobat|143/360 brn|[from] brn","|turn|24","|","|switch|p2a: Slowbro|Slowbro, M|268/393","|move|p1a: Crobat|U-turn|p2a: Slowbro","|-crit|p2a: Slowbro","|-supereffective|p2a: Slowbro","|-damage|p2a: Slowbro|213/393","|-damage|p1a: Crobat|83/360 brn|[from] item: Rocky Helmet|[of] p2a: Slowbro","|","|switch|p1a: Amoonguss|Amoonguss, F|400/431","|","|-heal|p1a: Amoonguss|426/431|[from] item: Black Sludge","|turn|25","|","|switch|p2a: Meloetta|Meloetta|403/403 slp","|move|p1a: Amoonguss|Giga Drain|p2a: Meloetta","|-damage|p2a: Meloetta|339/403 slp","|-heal|p1a: Amoonguss|431/431|[from] drain|[of] p2a: Meloetta","|","|turn|26","|","|cant|p2a: Meloetta|slp","|move|p1a: Amoonguss|Foul Play|p2a: Meloetta","|-supereffective|p2a: Meloetta","|-damage|p2a: Meloetta|209/403 slp","|","|turn|27","|","|cant|p2a: Meloetta|slp","|move|p1a: Amoonguss|Foul Play|p2a: Meloetta","|-supereffective|p2a: Meloetta","|-damage|p2a: Meloetta|65/403 slp","|","|turn|28","|","|cant|p2a: Meloetta|slp","|move|p1a: Amoonguss|Foul Play|p2a: Meloetta","|-supereffective|p2a: Meloetta","|-damage|p2a: Meloetta|0 fnt","|faint|p2a: Meloetta","|","|","|switch|p2a: Metagross|Metagross, shiny|171/363","|turn|29","|","|switch|p1a: Crobat|Crobat, M|83/360 brn","|move|p2a: Metagross|Zen Headbutt|p1a: Crobat","|-supereffective|p1a: Crobat","|-damage|p1a: Crobat|0 fnt","|faint|p1a: Crobat","|","|","|switch|p1a: Beedrill|Beedrill-Mega, M|181/271","|turn|30","|","|move|p1a: Beedrill|Protect|p1a: Beedrill","|-singleturn|p1a: Beedrill|Protect","|move|p2a: Metagross|Bullet Punch|p1a: Beedrill","|-activate|p1a: Beedrill|Protect","|","|turn|31","|","|move|p2a: Metagross|Bullet Punch|p1a: Beedrill","|-damage|p1a: Beedrill|18/271","|move|p1a: Beedrill|Drill Run|p2a: Metagross","|-supereffective|p2a: Metagross","|-damage|p2a: Metagross|5/363","|","|turn|32","|","|switch|p1a: Weezing|Weezing, F|164/333","|move|p2a: Metagross|Bullet Punch|p1a: Weezing","|-damage|p1a: Weezing|113/333","|","|-heal|p1a: Weezing|133/333|[from] item: Black Sludge","|turn|33","|","|move|p2a: Metagross|Zen Headbutt|p1a: Weezing","|-crit|p1a: Weezing","|-supereffective|p1a: Weezing","|-damage|p1a: Weezing|0 fnt","|faint|p1a: Weezing","|","|","|switch|p1a: Beedrill|Beedrill-Mega, M|18/271","|turn|34","|","|move|p2a: Metagross|Bullet Punch|p1a: Beedrill","|-damage|p1a: Beedrill|0 fnt","|faint|p1a: Beedrill","|","|","|switch|p1a: Amoonguss|Amoonguss, F|431/431","|turn|35","|","|move|p2a: Metagross|Zen Headbutt|p1a: Amoonguss","|-supereffective|p1a: Amoonguss","|-damage|p1a: Amoonguss|0 fnt","|faint|p1a: Amoonguss","|","|win|Im Slash"],"p1rating":{"entryid":"718982","serverid":"eos","formatid":"monotype","userid":"slkj","username":"SL Kj","w":"1","l":1,"t":"0","gxe":51.4,"r":"1500","rd":"130","sigma":"0","rptime":"1441011600","rpr":1510.7813699532,"rprd":116.79503678332,"rpsigma":"0","acre":1032.156045945,"lacre":1032.156045945,"oldacre":"1040"},"p2rating":{"entryid":"75487","serverid":"eos","formatid":"monotype","userid":"imslash","username":"Im Slash","w":22,"l":"9","t":"0","gxe":67.4,"r":"1624.3604314335","rd":"63.332714354583","sigma":"0","rptime":"1441011600","rpr":1638.3042168577,"rprd":61.720711483712,"rpsigma":"0","acre":1247.6525005276,"lacre":1247.6525005276,"oldacre":"1235.3963223166"},"endType":"normal"}