{"seed":[60310,6257,56193,63921],"turns":23,"p1":"Carnie Marston","p2":"Inferno Sasuke","p1team":[{"name":"Scizor","species":"Scizor","item":"scizorite","ability":"Technician","moves":["bulletpunch","knockoff","bugbite","swordsdance"],"nature":"Adamant","evs":{"hp":216,"atk":216,"def":0,"spa":0,"spd":0,"spe":76},"ivs":{"hp":31,"atk":31,"def":31,"spa":31,"spd":31,"spe":31}},{"name":"Excadrill","species":"Excadrill","item":"airballoon","ability":"Mold Breaker","moves":["rockslide","earthquake","brickbreak","ironhead"],"nature":"Adamant","evs":{"hp":0,"atk":252,"def":0,"spa":0,"spd":4,"spe":252},"ivs":{"hp":31,"atk":31,"def":31,"spa":31,"spd":31,"spe":31}},{"name":"Ferrothorn","species":"Ferrothorn","item":"zoomlens","ability":"Anticipation","moves":["powerwhip","ironhead","spikes","swordsdance"],"nature":"Adamant","evs":{"hp":248,"atk":252,"def":0,"spa":0,"spd":8,"spe":0},"ivs":{"hp":31,"atk":31,"def":31,"spa":31,"spd":31,"spe":31}},{"name":"Heatran","species":"Heatran","item":"airballoon","ability":"Flash Fire","moves":["eruption","flashcannon","toxic","earthpower"],"nature":"Quiet","evs":{"hp":248,"atk":0,"def":0,"spa":252,"spd":8,"spe":0},"ivs":{"hp":31,"atk":31,"def":31,"spa":31,"spd":31,"spe":31}},{"name":"Empoleon","species":"Empoleon","item":"expertbelt","ability":"Defiant","moves":["flashcannon","icebeam","scald","drillpeck"],"nature":"Mild","evs":{"hp":248,"atk":8,"def":0,"spa":252,"spd":0,"spe":0},"shiny":true,"ivs":{"hp":31,"atk":31,"def":31,"spa":31,"spd":31,"spe":31}},{"name":"Sleepy","species":"jirachi","item":"airballoon","ability":"Serene Grace","moves":["calmmind","thunderbolt","psychic","flashcannon"],"nature":"Timid","evs":{"hp":0,"atk":0,"def":0,"spa":252,"spd":4,"spe":252},"ivs":{"hp":31,"atk":31,"def":31,"spa":31,"spd":31,"spe":31}}],"p2team":[{"name":"Seismitoad","species":"Seismitoad","item":"leftovers","ability":"Water Absorb","moves":["earthquake","scald","sludgewave","surf"],"nature":"Mild","evs":{"hp":252,"atk":4,"def":0,"spa":252,"spd":0,"spe":0},"ivs":{"hp":31,"atk":31,"def":31,"spa":31,"spd":31,"spe":31}},{"name":"Gliscor","species":"Gliscor","item":"toxicorb","ability":"Poison Heal","moves":["toxic","roost","protect","taunt"],"nature":"Bold","evs":{"hp":248,"atk":0,"def":188,"spa":0,"spd":0,"spe":72},"ivs":{"hp":31,"atk":31,"def":31,"spa":31,"spd":31,"spe":31}},{"name":"Hippowdon","species":"Hippowdon","item":"leftovers","ability":"Sand Stream","moves":["slackoff","earthquake","stealthrock","toxic"],"nature":"Impish","evs":{"hp":252,"atk":4,"def":252,"spa":0,"spd":0,"spe":0},"ivs":{"hp":31,"atk":31,"def":31,"spa":31,"spd":31,"spe":31}},{"name":"Mamoswine","species":"Mamoswine","item":"choicescarf","ability":"Thick Fat","moves":["iceshard","freezedry","icebeam","earthquake"],"nature":"Naive","evs":{"hp":0,"atk":252,"def":0,"spa":4,"spd":0,"spe":252},"ivs":{"hp":31,"atk":31,"def":31,"spa":31,"spd":31,"spe":31}},{"name":"Excadrill","species":"Excadrill","item":"lifeorb","ability":"Sand Rush","moves":["ironhead","brickbreak","earthquake","swordsdance"],"nature":"Adamant","evs":{"hp":0,"atk":252,"def":0,"spa":0,"spd":4,"spe":252},"ivs":{"hp":31,"atk":31,"def":31,"spa":31,"spd":31,"spe":31}},{"name":"Garchomp","species":"Garchomp","item":"garchompite","ability":"Sand Veil","moves":["outrage","dragonclaw","earthquake","ironhead"],"nature":"Adamant","evs":{"hp":248,"atk":252,"def":0,"spa":0,"spd":8,"spe":0},"ivs":{"hp":31,"atk":31,"def":31,"spa":31,"spd":31,"spe":31}}],"log":["|player|p1|Carnie Marston|169","|player|p2|Inferno Sasuke|infernosasuke.png","|gametype|singles","|gen|6","|tier|Monotype","|rated","|rule|Baton Pass Clause: Limit one Baton Passer, can't pass Spe and other stats simultaneously","|rule|Swagger Clause: Swagger is banned","|rule|Same Type Clause: Pokémon in a team must share a type","|clearpoke","|poke|p1|Scizor, F","|poke|p1|Excadrill, M","|poke|p1|Ferrothorn, F","|poke|p1|Heatran, M","|poke|p1|Empoleon, M, shiny","|poke|p1|Jirachi","|poke|p2|Seismitoad, F","|poke|p2|Gliscor, M","|poke|p2|Hippowdon, F","|poke|p2|Mamoswine, F","|poke|p2|Excadrill, F","|poke|p2|Garchomp, F","|rule|Sleep Clause Mod: Limit one foe put to sleep","|rule|Species Clause: Limit one of each Pokémon","|rule|OHKO Clause: OHKO moves are banned","|rule|Moody Clause: Moody is banned","|rule|Evasion Moves Clause: Evasion moves are banned","|rule|Endless Battle Clause: Forcing endless battles is banned","|rule|HP Percentage Mod: HP is shown in percentages","|teampreview","|","|start","|switch|p1a: Ferrothorn|Ferrothorn, F|351/351","|switch|p2a: Gliscor|Gliscor, M|353/353","|turn|1","|","|move|p2a: Gliscor|Taunt|p1a: Ferrothorn","|-start|p1a: Ferrothorn|move: Taunt","|move|p1a: Ferrothorn|Power Whip|p2a: Gliscor","|-damage|p2a: Gliscor|227/353","|","|-status|p2a: Gliscor|tox|[from] item: Toxic Orb","|turn|2","|","|move|p2a: Gliscor|Roost|p2a: Gliscor","|-heal|p2a: Gliscor|353/353 tox","|move|p1a: Ferrothorn|Power Whip|p2a: Gliscor","|-supereffective|p2a: Gliscor","|-damage|p2a: Gliscor|101/353 tox","|","|-heal|p2a: Gliscor|145/353 tox|[from] ability: Poison Heal","|turn|3","|","|move|p2a: Gliscor|Protect|p2a: Gliscor","|-singleturn|p2a: Gliscor|Protect","|move|p1a: Ferrothorn|Power Whip|p2a: Gliscor","|-activate|p2a: Gliscor|Protect","|","|-heal|p2a: Gliscor|189/353 tox|[from] ability: Poison Heal","|-end|p1a: Ferrothorn|move: Taunt","|turn|4","|","|switch|p2a: Excadrill|Excadrill, F|361/361","|move|p1a: Ferrothorn|Swords Dance|p1a: Ferrothorn","|-boost|p1a: Ferrothorn|atk|2","|","|turn|5","|","|move|p2a: Excadrill|Earthquake|p1a: Ferrothorn","|-damage|p1a: Ferrothorn|129/351","|-damage|p2a: Excadrill|325/361|[from] item: Life Orb","|move|p1a: Ferrothorn|Power Whip|p2a: Excadrill","|-damage|p2a: Excadrill|0 fnt","|faint|p2a: Excadrill","|","|","|switch|p2a: Garchomp|Garchomp, F|419/419","|turn|6","|","|detailschange|p2a: Garchomp|Garchomp-Mega, F","|-mega|p2a: Garchomp|Garchomp|Garchompite","|move|p2a: Garchomp|Earthquake|p1a: Ferrothorn","|-damage|p1a: Ferrothorn|0 fnt","|faint|p1a: Ferrothorn","|","|","|switch|p1a: Empoleon|Empoleon, M, shiny|371/371","|turn|7","|","|move|p2a: Garchomp|Earthquake|p1a: Empoleon","|-supereffective|p1a: Empoleon","|-damage|p1a: Empoleon|0 fnt","|faint|p1a: Empoleon","|","|","|switch|p1a: Excadrill|Excadrill, M|361/361","|-ability|p1a: Excadrill|Mold Breaker","|-item|p1a: Excadrill|Air Balloon","|turn|8","|","|move|p1a: Excadrill|Rock Slide|p2a: Garchomp","|-resisted|p2a: Garchomp","|-damage|p2a: Garchomp|371/419","|move|p2a: Garchomp|Iron Head|p1a: Excadrill","|-resisted|p1a: Excadrill","|-damage|p1a: Excadrill|272/361","|-enditem|p1a: Excadrill|Air Balloon","|","|turn|9","|","|move|p1a: Excadrill|Rock Slide|p2a: Garchomp","|-resisted|p2a: Garchomp","|-damage|p2a: Garchomp|323/419","|move|p2a: Garchomp|Earthquake|p1a: Excadrill","|-supereffective|p1a: Excadrill","|-damage|p1a: Excadrill|0 fnt","|faint|p1a: Excadrill","|","|","|switch|p1a: Scizor|Scizor, F|335/335","|turn|10","|","|switch|p1a: Heatran|Heatran, M|385/385","|-item|p1a: Heatran|Air Balloon","|move|p2a: Garchomp|Earthquake|p1a: Heatran","|-immune|p1a: Heatran|[msg]","|","|turn|11","|","|move|p2a: Garchomp|Iron Head|p1a: Heatran","|-resisted|p1a: Heatran","|-damage|p1a: Heatran|357/385","|-enditem|p1a: Heatran|Air Balloon","|move|p1a: Heatran|Toxic|p2a: Garchomp","|-status|p2a: Garchomp|tox","|","|-damage|p2a: Garchomp|297/419 tox|[from] psn","|turn|12","|","|move|p2a: Garchomp|Earthquake|p1a: Heatran","|-supereffective|p1a: Heatran","|-damage|p1a: Heatran|0 fnt","|faint|p1a: Heatran","|","|-damage|p2a: Garchomp|245/419 tox|[from] psn","|","|switch|p1a: Scizor|Scizor, F|335/335","|turn|13","|","|detailschange|p1a: Scizor|Scizor-Mega, F","|-mega|p1a: Scizor|Scizor|Scizorite","|move|p2a: Garchomp|Earthquake|p1a: Scizor","|-damage|p1a: Scizor|143/335","|move|p1a: Scizor|Knock Off|p2a: Garchomp","|-damage|p2a: Garchomp|169/419 tox","|","|-damage|p2a: Garchomp|91/419 tox|[from] psn","|turn|14","|","|move|p1a: Scizor|Bullet Punch|p2a: Garchomp","|-damage|p2a: Garchomp|0 fnt","|faint|p2a: Garchomp","|","|","|switch|p2a: Hippowdon|Hippowdon, F|420/420","|-weather|Sandstorm","|turn|15","|","|move|p1a: Scizor|Knock Off|p2a: Hippowdon","|-damage|p2a: Hippowdon|334/420","|-enditem|p2a: Hippowdon|Leftovers|[from] move: Knock Off|[of] p1a: Scizor","|move|p2a: Hippowdon|Earthquake|p1a: Scizor","|-damage|p1a: Scizor|53/335","|","|-weather|Sandstorm|[upkeep]","|turn|16","|","|move|p1a: Scizor|Bug Bite|p2a: Hippowdon","|-damage|p2a: Hippowdon|202/420","|move|p2a: Hippowdon|Earthquake|p1a: Scizor","|-damage|p1a: Scizor|0 fnt","|faint|p1a: Scizor","|","|-weather|Sandstorm|[upkeep]","|","|switch|p1a: Sleepy|Jirachi|341/341","|-item|p1a: Sleepy|Air Balloon","|turn|17","|","|move|p1a: Sleepy|Psychic|p2a: Hippowdon","|-damage|p2a: Hippowdon|28/420","|move|p2a: Hippowdon|Slack Off|p2a: Hippowdon","|-heal|p2a: Hippowdon|238/420","|","|-weather|Sandstorm|[upkeep]","|turn|18","|","|move|p1a: Sleepy|Calm Mind|p1a: Sleepy","|-boost|p1a: Sleepy|spa|1","|-boost|p1a: Sleepy|spd|1","|move|p2a: Hippowdon|Slack Off|p2a: Hippowdon","|-heal|p2a: Hippowdon|420/420","|","|-weather|Sandstorm|[upkeep]","|turn|19","|","|switch|p2a: Gliscor|Gliscor, M|189/353 tox","|move|p1a: Sleepy|Psychic|p2a: Gliscor","|-damage|p2a: Gliscor|0 fnt","|faint|p2a: Gliscor","|","|-weather|none","|","|switch|p2a: Mamoswine|Mamoswine, F|361/361","|turn|20","|","|move|p2a: Mamoswine|Ice Shard|p1a: Sleepy","|-resisted|p1a: Sleepy","|-damage|p1a: Sleepy|307/341","|-enditem|p1a: Sleepy|Air Balloon","|move|p1a: Sleepy|Flash Cannon|p2a: Mamoswine","|-supereffective|p2a: Mamoswine","|-damage|p2a: Mamoswine|0 fnt","|faint|p2a: Mamoswine","|","|","|switch|p2a: Seismitoad|Seismitoad, F|414/414","|turn|21","|","|move|p1a: Sleepy|Psychic|p2a: Seismitoad","|-damage|p2a: Seismitoad|180/414","|-unboost|p2a: Seismitoad|spd|1","|move|p2a: Seismitoad|Earthquake|p1a: Sleepy","|-supereffective|p1a: Sleepy","|-damage|p1a: Sleepy|65/341","|","|-heal|p2a: Seismitoad|205/414|[from] item: Leftovers","|turn|22","|","|move|p1a: Sleepy|Psychic|p2a: Seismitoad","|-damage|p2a: Seismitoad|0 fnt","|faint|p2a: Seismitoad","|","|","|switch|p2a: Hippowdon|Hippowdon, F|420/420","|-weather|Sandstorm","|turn|23","|","|move|p1a: Sleepy|Psychic|p2a: Hippowdon","|-damage|p2a: Hippowdon|162/420","|move|p2a: Hippowdon|Earthquake|p1a: Sleepy","|-supereffective|p1a: Sleepy","|-damage|p1a: Sleepy|0 fnt","|faint|p1a: Sleepy","|","|win|Inferno Sasuke"],"p1rating":{"entryid":"247123","serverid":"eos","formatid":"monotype","userid":"carniemarston","username":"Carnie Marston","w":"3","l":8,"t":"0","gxe":35.5,"r":"1414.3146464779","rd":"104.53361590201","sigma":"0","rptime":"1441011600","rpr":1384.3295191308,"rprd":85.936046235804,"rpsigma":"0","acre":1068.6954500237,"lacre":1068.6954500237,"oldacre":"1096.4179279943"},"p2rating":{"entryid":"45674","serverid":"eos","formatid":"monotype","userid":"infernosasuke","username":"Inferno Sasuke","w":36,"l":"81","t":"0","gxe":32.9,"r":"1364.4185777167","rd":"35.157986889631","sigma":"0","rptime":"1441011600","rpr":1365.6733567257,"rprd":34.843761715172,"rpsigma":"0","acre":1086.7006746347,"lacre":1086.7006746347,"oldacre":"1049.8432187116"},"endType":"normal"}