{"seed":[44614,40179,3498,32557],"turns":27,"p1":"SL Kj","p2":"Void Lvl: X","p1team":[{"name":"Crobat","species":"Crobat","item":"redcard","ability":"Infiltrator","moves":["acrobatics","roost","uturn","taunt"],"nature":"Jolly","evs":{"hp":196,"atk":0,"def":60,"spa":0,"spd":0,"spe":252},"ivs":{"hp":31,"atk":31,"def":31,"spa":31,"spd":31,"spe":31}},{"name":"Skuntank","species":"Skuntank","item":"airballoon","ability":"Aftermath","moves":["pursuit","suckerpunch","poisonjab","defog"],"nature":"Adamant","evs":{"hp":16,"atk":240,"def":0,"spa":0,"spd":252,"spe":0},"ivs":{"hp":31,"atk":31,"def":31,"spa":31,"spd":31,"spe":31}},{"name":"Amoonguss","species":"Amoonguss","item":"blacksludge","ability":"Regenerator","moves":["spore","gigadrain","gastroacid","foulplay"],"nature":"Calm","evs":{"hp":248,"atk":0,"def":0,"spa":8,"spd":252,"spe":0},"ivs":{"hp":31,"atk":31,"def":31,"spa":31,"spd":31,"spe":31}},{"name":"Beedrill","species":"Beedrill","item":"beedrillite","ability":"Sniper","moves":["uturn","poisonjab","drillrun","protect"],"nature":"Jolly","evs":{"hp":0,"atk":252,"def":0,"spa":0,"spd":4,"spe":252},"ivs":{"hp":31,"atk":31,"def":31,"spa":31,"spd":31,"spe":31}},{"name":"Weezing","species":"Weezing","item":"blacksludge","ability":"Levitate","moves":["willowisp","haze","painsplit","flamethrower"],"nature":"Bold","evs":{"hp":248,"atk":0,"def":252,"spa":8,"spd":0,"spe":0},"ivs":{"hp":31,"atk":31,"def":31,"spa":31,"spd":31,"spe":31}},{"name":"Nidoking","species":"Nidoking","item":"lifeorb","ability":"Sheer Force","moves":["earthpower","flamethrower","icebeam","thunderbolt"],"nature":"Timid","evs":{"hp":0,"atk":0,"def":0,"spa":252,"spd":4,"spe":252},"ivs":{"hp":31,"atk":31,"def":31,"spa":31,"spd":31,"spe":31}}],"p2team":[{"name":"Haxorus","species":"Haxorus","item":"lumberry","ability":"Mold Breaker","moves":["dragonclaw","dragondance","earthquake","poisonjab"],"nature":"Adamant","evs":{"hp":0,"atk":252,"def":0,"spa":0,"spd":36,"spe":220},"gender":"M","shiny":true,"ivs":{"hp":31,"atk":31,"def":31,"spa":31,"spd":31,"spe":31}},{"name":"Goodra","species":"Goodra","item":"assaultvest","ability":"Gooey","moves":["focusblast","sludgebomb","fireblast","dragonpulse"],"nature":"Modest","evs":{"hp":248,"atk":0,"def":0,"spa":252,"spd":8,"spe":0},"gender":"F","shiny":true,"ivs":{"hp":31,"atk":31,"def":31,"spa":31,"spd":31,"spe":31}},{"name":"Salamence","species":"Salamence","item":"choicescarf","ability":"Moxie","moves":["dragonclaw","brickbreak","earthquake","firefang"],"nature":"Jolly","evs":{"hp":0,"atk":252,"def":0,"spa":0,"spd":4,"spe":252},"gender":"M","shiny":true,"ivs":{"hp":31,"atk":31,"def":31,"spa":31,"spd":31,"spe":31}},{"name":"Hydreigon","species":"Hydreigon","item":"focussash","ability":"Levitate","moves":["darkpulse","earthpower","dracometeor","taunt"],"nature":"Timid","evs":{"hp":0,"atk":0,"def":0,"spa":252,"spd":4,"spe":252},"gender":"M","shiny":true,"ivs":{"hp":31,"atk":31,"def":31,"spa":31,"spd":31,"spe":31}},{"name":"Garchomp","species":"Garchomp","item":"yacheberry","ability":"Rough Skin","moves":["stealthrock","ironhead","earthquake","dragonclaw"],"nature":"Jolly","evs":{"hp":0,"atk":252,"def":0,"spa":0,"spd":4,"spe":252},"ivs":{"hp":31,"atk":31,"def":31,"spa":31,"spd":31,"spe":31}},{"name":"Latias","species":"Latias","item":"latiasite","ability":"Levitate","moves":["psyshock","icebeam","dragonpulse","recover"],"nature":"Timid","evs":{"hp":4,"atk":0,"def":0,"spa":252,"spd":0,"spe":252},"ivs":{"hp":31,"atk":31,"def":31,"spa":31,"spd":31,"spe":31}}],"log":["|player|p1|SL Kj|68","|player|p2|Void Lvl: X|96","|gametype|singles","|gen|6","|tier|Monotype","|rated","|rule|Baton Pass Clause: Limit one Baton Passer, can't pass Spe and other stats simultaneously","|rule|Swagger Clause: Swagger is banned","|rule|Same Type Clause: Pokémon in a team must share a type","|clearpoke","|poke|p1|Crobat, F","|poke|p1|Skuntank, M","|poke|p1|Amoonguss, F","|poke|p1|Beedrill, F","|poke|p1|Weezing, F","|poke|p1|Nidoking, M","|poke|p2|Haxorus, M, shiny","|poke|p2|Goodra, F, shiny","|poke|p2|Salamence, M, shiny","|poke|p2|Hydreigon, M, shiny","|poke|p2|Garchomp, F","|poke|p2|Latias, F","|rule|Sleep Clause Mod: Limit one foe put to sleep","|rule|Species Clause: Limit one of each Pokémon","|rule|OHKO Clause: OHKO moves are banned","|rule|Moody Clause: Moody is banned","|rule|Evasion Moves Clause: Evasion moves are banned","|rule|Endless Battle Clause: Forcing endless battles is banned","|rule|HP Percentage Mod: HP is shown in percentages","|teampreview","|","|start","|switch|p1a: Amoonguss|Amoonguss, F|431/431","|switch|p2a: Hydreigon|Hydreigon, M, shiny|325/325","|turn|1","|","|move|p2a: Hydreigon|Taunt|p1a: Amoonguss","|-start|p1a: Amoonguss|move: Taunt","|cant|p1a: Amoonguss|move: Taunt|Spore","|","|turn|2","|","|switch|p1a: Weezing|Weezing, F|333/333","|move|p2a: Hydreigon|Dark Pulse|p1a: Weezing","|-damage|p1a: Weezing|134/333","|","|-heal|p1a: Weezing|154/333|[from] item: Black Sludge","|turn|3","|","|switch|p1a: Amoonguss|Amoonguss, F|431/431","|move|p2a: Hydreigon|Dark Pulse|p1a: Amoonguss","|-damage|p1a: Amoonguss|314/431","|","|-heal|p1a: Amoonguss|340/431|[from] item: Black Sludge","|turn|4","|","|switch|p1a: Skuntank|Skuntank, M|351/351","|-item|p1a: Skuntank|Air Balloon","|move|p2a: Hydreigon|Taunt|p1a: Skuntank","|-start|p1a: Skuntank|move: Taunt","|","|turn|5","|","|move|p2a: Hydreigon|Dark Pulse|p1a: Skuntank","|-resisted|p1a: Skuntank","|-damage|p1a: Skuntank|272/351","|-enditem|p1a: Skuntank|Air Balloon","|move|p1a: Skuntank|Poison Jab|p2a: Hydreigon","|-damage|p2a: Hydreigon|195/325","|-status|p2a: Hydreigon|psn","|","|-damage|p2a: Hydreigon|155/325 psn|[from] psn","|turn|6","|","|switch|p1a: Crobat|Crobat, F|360/360","|move|p2a: Hydreigon|Earth Power|p1a: Crobat","|-immune|p1a: Crobat|[msg]","|","|-damage|p2a: Hydreigon|115/325 psn|[from] psn","|turn|7","|","|move|p1a: Crobat|U-turn|p2a: Hydreigon","|-supereffective|p2a: Hydreigon","|-damage|p2a: Hydreigon|0 fnt","|faint|p2a: Hydreigon","|","|switch|p1a: Amoonguss|Amoonguss, F|431/431","|","|","|switch|p2a: Garchomp|Garchomp, F|357/357","|turn|8","|","|move|p2a: Garchomp|Earthquake|p1a: Amoonguss","|-damage|p1a: Amoonguss|211/431","|move|p1a: Amoonguss|Spore|p2a: Garchomp","|-status|p2a: Garchomp|slp","|","|-heal|p1a: Amoonguss|237/431|[from] item: Black Sludge","|turn|9","|","|switch|p2a: Latias|Latias, F|302/302","|move|p1a: Amoonguss|Foul Play|p2a: Latias","|-supereffective|p2a: Latias","|-damage|p2a: Latias|182/302","|","|-heal|p1a: Amoonguss|263/431|[from] item: Black Sludge","|turn|10","|","|switch|p1a: Skuntank|Skuntank, M|272/351","|detailschange|p2a: Latias|Latias-Mega, F","|-mega|p2a: Latias|Latias|Latiasite","|move|p2a: Latias|Dragon Pulse|p1a: Skuntank","|-damage|p1a: Skuntank|107/351","|","|turn|11","|","|move|p1a: Skuntank|Sucker Punch|p2a: Latias","|-supereffective|p2a: Latias","|-damage|p2a: Latias|0 fnt","|faint|p2a: Latias","|","|","|switch|p2a: Salamence|Salamence, M, shiny|331/331","|turn|12","|","|move|p2a: Salamence|Dragon Claw|p1a: Skuntank","|-damage|p1a: Skuntank|0 fnt","|-damage|p2a: Salamence|249/331|[from] ability: Aftermath|[of] p1a: Skuntank","|faint|p1a: Skuntank","|-boost|p2a: Salamence|atk|1|[from] ability: Moxie","|","|","|switch|p1a: Weezing|Weezing, F|154/333","|turn|13","|","|move|p2a: Salamence|Dragon Claw|p1a: Weezing","|-damage|p1a: Weezing|9/333","|move|p1a: Weezing|Will-O-Wisp|p2a: Salamence","|-status|p2a: Salamence|brn","|","|-heal|p1a: Weezing|29/333|[from] item: Black Sludge","|-damage|p2a: Salamence|208/331 brn|[from] brn","|turn|14","|","|switch|p1a: Crobat|Crobat, F|360/360","|move|p2a: Salamence|Dragon Claw|p1a: Crobat","|-damage|p1a: Crobat|240/360","|-enditem|p1a: Crobat|Red Card|[of] p2a: Salamence","|drag|p2a: Garchomp|Garchomp, F|357/357 slp","|","|turn|15","|","|switch|p1a: Weezing|Weezing, F|29/333","|cant|p2a: Garchomp|slp","|","|-heal|p1a: Weezing|49/333|[from] item: Black Sludge","|turn|16","|","|-curestatus|p2a: Garchomp|slp","|move|p2a: Garchomp|Dragon Claw|p1a: Weezing","|-damage|p1a: Weezing|0 fnt","|faint|p1a: Weezing","|","|","|switch|p1a: Amoonguss|Amoonguss, F|406/431","|turn|17","|","|move|p2a: Garchomp|Stealth Rock|p1a: Amoonguss","|-sidestart|p1: SL Kj|move: Stealth Rock","|move|p1a: Amoonguss|Foul Play|p2a: Garchomp","|-damage|p2a: Garchomp|236/357","|-damage|p1a: Amoonguss|353/431|[from] ability: Rough Skin|[of] p2a: Garchomp","|","|-heal|p1a: Amoonguss|379/431|[from] item: Black Sludge","|turn|18","|","|switch|p2a: Haxorus|Haxorus, M, shiny|293/293","|-ability|p2a: Haxorus|Mold Breaker","|move|p1a: Amoonguss|Spore|p2a: Haxorus","|-status|p2a: Haxorus|slp","|-enditem|p2a: Haxorus|Lum Berry|[eat]","|-curestatus|p2a: Haxorus|slp","|","|-heal|p1a: Amoonguss|405/431|[from] item: Black Sludge","|turn|19","|","|switch|p2a: Salamence|Salamence, M, shiny|208/331 brn","|move|p1a: Amoonguss|Foul Play|p2a: Salamence","|-damage|p2a: Salamence|73/331 brn","|","|-heal|p1a: Amoonguss|431/431|[from] item: Black Sludge","|-damage|p2a: Salamence|32/331 brn|[from] brn","|turn|20","|","|switch|p1a: Crobat|Crobat, F|240/360","|-damage|p1a: Crobat|150/360|[from] Stealth Rock","|move|p2a: Salamence|Dragon Claw|p1a: Crobat","|-damage|p1a: Crobat|70/360","|","|-damage|p2a: Salamence|0 fnt|[from] brn","|faint|p2a: Salamence","|","|switch|p2a: Goodra|Goodra, F, shiny|383/383","|turn|21","|","|move|p1a: Crobat|Acrobatics|p2a: Goodra","|-damage|p2a: Goodra|236/383","|-unboost|p1a: Crobat|spe|1","|move|p2a: Goodra|Fire Blast|p1a: Crobat","|-damage|p1a: Crobat|0 fnt","|faint|p1a: Crobat","|","|","|switch|p1a: Beedrill|Beedrill, F|271/271","|-damage|p1a: Beedrill|204/271|[from] Stealth Rock","|turn|22","|","|detailschange|p1a: Beedrill|Beedrill-Mega, F","|-mega|p1a: Beedrill|Beedrill|Beedrillite","|move|p1a: Beedrill|Protect|p1a: Beedrill","|-singleturn|p1a: Beedrill|Protect","|move|p2a: Goodra|Dragon Pulse|p1a: Beedrill","|-activate|p1a: Beedrill|Protect","|","|turn|23","|","|switch|p2a: Garchomp|Garchomp, F|236/357","|move|p1a: Beedrill|U-turn|p2a: Garchomp","|-damage|p2a: Garchomp|54/357","|-damage|p1a: Beedrill|171/271|[from] ability: Rough Skin|[of] p2a: Garchomp","|","|switch|p1a: Nidoking|Nidoking, M|303/303","|-damage|p1a: Nidoking|285/303|[from] Stealth Rock","|","|turn|24","|","|move|p2a: Garchomp|Earthquake|p1a: Nidoking","|-supereffective|p1a: Nidoking","|-damage|p1a: Nidoking|0 fnt","|faint|p1a: Nidoking","|","|","|switch|p1a: Beedrill|Beedrill-Mega, F|171/271","|-damage|p1a: Beedrill|104/271|[from] Stealth Rock","|turn|25","|","|move|p1a: Beedrill|Poison Jab|p2a: Garchomp","|-resisted|p2a: Garchomp","|-damage|p2a: Garchomp|0 fnt","|-damage|p1a: Beedrill|71/271|[from] ability: Rough Skin|[of] p2a: Garchomp","|faint|p2a: Garchomp","|","|","|switch|p2a: Haxorus|Haxorus, M, shiny|293/293","|-ability|p2a: Haxorus|Mold Breaker","|turn|26","|","|move|p1a: Beedrill|Poison Jab|p2a: Haxorus","|-crit|p2a: Haxorus","|-damage|p2a: Haxorus|0 fnt","|faint|p2a: Haxorus","|","|","|switch|p2a: Goodra|Goodra, F, shiny|236/383","|turn|27","|","|move|p1a: Beedrill|Poison Jab|p2a: Goodra","|-damage|p2a: Goodra|0 fnt","|-unboost|p1a: Beedrill|spe|1","|faint|p2a: Goodra","|","|win|SL Kj"],"p1rating":{"entryid":718982,"formatid":"monotype","userid":"slkj","username":"SL Kj","r":1500,"rd":130,"sigma":0,"rpr":1540.1606143388,"rprd":122.8583080769,"rpsigma":0,"rptime":1441011600,"w":1,"l":0,"t":0,"gxe":55,"acre":1040,"lacre":1040,"oldacre":1000},"p2rating":{"entryid":718983,"formatid":"monotype","userid":"voidlvlx","username":"Void Lvl: X","r":1500,"rd":130,"sigma":0,"rpr":1459.8393856612,"rprd":122.8583080769,"rpsigma":0,"rptime":1441011600,"w":0,"l":1,"t":0,"gxe":45,"acre":1000,"lacre":1000,"oldacre":1000},"endType":"normal"}