{"seed":[24102,30691,31811,52176],"turns":29,"p1":"imp jk","p2":"V Photon","p1team":[{"name":"Cobalion","species":"Cobalion","item":"leftovers","ability":"Justified","moves":["thunderwave","ironhead","stealthrock","taunt"],"nature":"Impish","evs":{"hp":252,"atk":4,"def":252,"spa":0,"spd":0,"spe":0},"ivs":{"hp":31,"atk":31,"def":31,"spa":31,"spd":31,"spe":31}},{"name":"Scrafty","species":"Scrafty","item":"leftovers","ability":"Shed Skin","moves":["icepunch","crunch","drainpunch","bulkup"],"nature":"Careful","evs":{"hp":252,"atk":16,"def":0,"spa":0,"spd":240,"spe":0},"ivs":{"hp":31,"atk":31,"def":31,"spa":31,"spd":31,"spe":31}},{"name":"Hitmontop","species":"Hitmontop","item":"assaultvest","ability":"Intimidate","moves":["endeavor","seismictoss","suckerpunch","rapidspin"],"nature":"Impish","evs":{"hp":252,"atk":0,"def":64,"spa":0,"spd":192,"spe":0},"ivs":{"hp":31,"atk":31,"def":31,"spa":31,"spd":31,"spe":31}},{"name":"Infernape","species":"Infernape","item":"focussash","ability":"Blaze","moves":["flamethrower","vacuumwave","nastyplot","encore"],"nature":"Timid","evs":{"hp":0,"atk":0,"def":0,"spa":252,"spd":0,"spe":252},"ivs":{"hp":31,"atk":31,"def":31,"spa":31,"spd":31,"spe":31}},{"name":"Heracross","species":"Heracross","item":"heracronite","ability":"Moxie","moves":["bulletseed","pinmissile","rockblast","closecombat"],"nature":"Adamant","evs":{"hp":252,"atk":120,"def":136,"spa":0,"spd":0,"spe":0},"ivs":{"hp":31,"atk":31,"def":31,"spa":31,"spd":31,"spe":31}},{"name":"Terrakion","species":"Terrakion","item":"choicescarf","ability":"Justified","moves":["closecombat","stoneedge","earthquake","ironhead"],"nature":"Adamant","evs":{"hp":4,"atk":252,"def":0,"spa":0,"spd":0,"spe":252},"ivs":{"hp":31,"atk":31,"def":31,"spa":31,"spd":31,"spe":31}}],"p2team":[{"name":"Stun","species":"venusaur","item":"venusaurite","ability":"Overgrow","moves":["sludgebomb","synthesis","earthquake","hiddenpowerfire"],"nature":"Modest","evs":{"hp":248,"atk":0,"def":108,"spa":64,"spd":88,"spe":0},"ivs":{"hp":31,"atk":30,"def":31,"spa":30,"spd":31,"spe":30}},{"name":"Myth","species":"ferrothorn","item":"rockyhelmet","ability":"Iron Barbs","moves":["stealthrock","leechseed","gyroball","toxic"],"nature":"Relaxed","evs":{"hp":252,"atk":0,"def":88,"spa":0,"spd":168,"spe":0},"ivs":{"hp":31,"atk":31,"def":31,"spa":31,"spd":31,"spe":31}},{"name":"Lonely","species":"cradily","item":"leftovers","ability":"Storm Drain","moves":["curse","earthquake","synthesis","rockslide"],"nature":"Careful","evs":{"hp":252,"atk":0,"def":4,"spa":0,"spd":252,"spe":0},"ivs":{"hp":31,"atk":31,"def":31,"spa":31,"spd":31,"spe":31}},{"name":"Kray","species":"roserade","item":"choicescarf","ability":"Technician","moves":["sludgebomb","hiddenpowerice","energyball","dazzlinggleam"],"nature":"Timid","evs":{"hp":0,"atk":0,"def":0,"spa":252,"spd":4,"spe":252},"ivs":{"hp":31,"atk":30,"def":30,"spa":31,"spd":31,"spe":31}},{"name":"Neo","species":"shiftry","item":"lifeorb","ability":"Chlorophyll","moves":["knockoff","suckerpunch","rockslide","swordsdance"],"nature":"Adamant","evs":{"hp":0,"atk":252,"def":0,"spa":0,"spd":4,"spe":252},"ivs":{"hp":31,"atk":31,"def":31,"spa":31,"spd":31,"spe":31}},{"name":"Sam","species":"breloom","item":"toxicorb","ability":"Poison Heal","moves":["swordsdance","drainpunch","seedbomb","machpunch"],"nature":"Jolly","evs":{"hp":12,"atk":244,"def":0,"spa":0,"spd":0,"spe":252},"ivs":{"hp":31,"atk":31,"def":31,"spa":31,"spd":31,"spe":31}}],"log":["|player|p1|imp jk|93","|player|p2|V Photon|169","|gametype|singles","|gen|6","|tier|Monotype","|rated","|rule|Baton Pass Clause: Limit one Baton Passer, can't pass Spe and other stats simultaneously","|rule|Swagger Clause: Swagger is banned","|rule|Same Type Clause: Pokémon in a team must share a type","|clearpoke","|poke|p1|Cobalion","|poke|p1|Scrafty, M","|poke|p1|Hitmontop, M","|poke|p1|Infernape, M","|poke|p1|Heracross, M","|poke|p1|Terrakion","|poke|p2|Venusaur, M","|poke|p2|Ferrothorn, M","|poke|p2|Cradily, F","|poke|p2|Roserade, F","|poke|p2|Shiftry, F","|poke|p2|Breloom, F","|rule|Sleep Clause Mod: Limit one foe put to sleep","|rule|Species Clause: Limit one of each Pokémon","|rule|OHKO Clause: OHKO moves are banned","|rule|Moody Clause: Moody is banned","|rule|Evasion Moves Clause: Evasion moves are banned","|rule|Endless Battle Clause: Forcing endless battles is banned","|rule|HP Percentage Mod: HP is shown in percentages","|teampreview","|","|start","|switch|p1a: Cobalion|Cobalion|386/386","|switch|p2a: Stun|Venusaur, M|363/363","|turn|1","|","|detailschange|p2a: Stun|Venusaur-Mega, M","|-mega|p2a: Stun|Venusaur|Venusaurite","|move|p1a: Cobalion|Thunder Wave|p2a: Stun","|-status|p2a: Stun|par","|move|p2a: Stun|Earthquake|p1a: Cobalion","|-supereffective|p1a: Cobalion","|-damage|p1a: Cobalion|302/386","|","|-heal|p1a: Cobalion|326/386|[from] item: Leftovers","|turn|2","|","|move|p1a: Cobalion|Taunt|p2a: Stun","|-start|p2a: Stun|move: Taunt","|move|p2a: Stun|Hidden Power|p1a: Cobalion","|-supereffective|p1a: Cobalion","|-damage|p1a: Cobalion|148/386","|","|-heal|p1a: Cobalion|172/386|[from] item: Leftovers","|turn|3","|","|switch|p1a: Scrafty|Scrafty, M|334/334","|move|p2a: Stun|Sludge Bomb|p1a: Scrafty","|-damage|p1a: Scrafty|243/334","|","|-heal|p1a: Scrafty|263/334|[from] item: Leftovers","|turn|4","|","|switch|p2a: Kray|Roserade, F|261/261","|move|p1a: Scrafty|Bulk Up|p1a: Scrafty","|-boost|p1a: Scrafty|atk|1","|-boost|p1a: Scrafty|def|1","|","|-heal|p1a: Scrafty|283/334|[from] item: Leftovers","|turn|5","|","|move|p2a: Kray|Dazzling Gleam|p1a: Scrafty","|-supereffective|p1a: Scrafty","|-damage|p1a: Scrafty|27/334","|move|p1a: Scrafty|Ice Punch|p2a: Kray","|-supereffective|p2a: Kray","|-damage|p2a: Kray|45/261","|","|-heal|p1a: Scrafty|47/334|[from] item: Leftovers","|turn|6","|","|move|p2a: Kray|Dazzling Gleam|p1a: Scrafty","|-supereffective|p1a: Scrafty","|-damage|p1a: Scrafty|0 fnt","|faint|p1a: Scrafty","|","|","|switch|p1a: Hitmontop|Hitmontop, M|304/304","|-ability|p1a: Hitmontop|Intimidate","|-unboost|p2a: Kray|atk|1","|turn|7","|","|switch|p2a: Stun|Venusaur-Mega, M|363/363 par","|move|p1a: Hitmontop|Sucker Punch|p2a: Stun","|-fail|p1a: Hitmontop","|","|turn|8","|","|switch|p1a: Cobalion|Cobalion|172/386","|move|p2a: Stun|Sludge Bomb|p1a: Cobalion","|-immune|p1a: Cobalion|[msg]","|","|-heal|p1a: Cobalion|196/386|[from] item: Leftovers","|turn|9","|","|move|p1a: Cobalion|Stealth Rock|p2a: Stun","|-sidestart|p2: V Photon|move: Stealth Rock","|cant|p2a: Stun|par","|","|-heal|p1a: Cobalion|220/386|[from] item: Leftovers","|turn|10","|","|move|p1a: Cobalion|Iron Head|p2a: Stun","|-damage|p2a: Stun|296/363 par","|cant|p2a: Stun|flinch","|","|-heal|p1a: Cobalion|244/386|[from] item: Leftovers","|turn|11","|","|move|p1a: Cobalion|Iron Head|p2a: Stun","|-damage|p2a: Stun|227/363 par","|cant|p2a: Stun|flinch","|","|-heal|p1a: Cobalion|268/386|[from] item: Leftovers","|turn|12","|","|switch|p2a: Myth|Ferrothorn, M|352/352","|-damage|p2a: Myth|330/352|[from] Stealth Rock","|move|p1a: Cobalion|Taunt|p2a: Myth","|-start|p2a: Myth|move: Taunt","|","|-heal|p1a: Cobalion|292/386|[from] item: Leftovers","|turn|13","|","|move|p1a: Cobalion|Thunder Wave|p2a: Myth","|-status|p2a: Myth|par","|move|p2a: Myth|Gyro Ball|p1a: Cobalion","|-resisted|p1a: Cobalion","|-damage|p1a: Cobalion|241/386","|","|-heal|p1a: Cobalion|265/386|[from] item: Leftovers","|turn|14","|","|switch|p2a: Sam|Breloom, F|264/264","|-damage|p2a: Sam|248/264|[from] Stealth Rock","|move|p1a: Cobalion|Stealth Rock|p2a: Sam","|-fail|p2a: Sam","|","|-heal|p1a: Cobalion|289/386|[from] item: Leftovers","|-status|p2a: Sam|tox|[from] item: Toxic Orb","|turn|15","|","|move|p2a: Sam|Drain Punch|p1a: Cobalion","|-supereffective|p1a: Cobalion","|-damage|p1a: Cobalion|131/386","|-heal|p2a: Sam|264/264 tox|[from] drain|[of] p1a: Cobalion","|move|p1a: Cobalion|Taunt|p2a: Sam","|-start|p2a: Sam|move: Taunt","|","|-heal|p1a: Cobalion|155/386|[from] item: Leftovers","|turn|16","|","|switch|p1a: Heracross|Heracross, M|364/364","|move|p2a: Sam|Drain Punch|p1a: Heracross","|-crit|p1a: Heracross","|-resisted|p1a: Heracross","|-damage|p1a: Heracross|253/364","|","|turn|17","|","|switch|p2a: Myth|Ferrothorn, M|330/352 par","|-damage|p2a: Myth|308/352 par|[from] Stealth Rock","|detailschange|p1a: Heracross|Heracross-Mega, M","|-mega|p1a: Heracross|Heracross|Heracronite","|move|p1a: Heracross|Pin Missile|p2a: Myth","|-damage|p2a: Myth|263/352 par","|-damage|p2a: Myth|224/352 par","|-damage|p2a: Myth|179/352 par","|-damage|p2a: Myth|136/352 par","|-damage|p2a: Myth|96/352 par","|-hitcount|p2a: Myth|5","|","|turn|18","|","|move|p1a: Heracross|Pin Missile|p2a: Myth","|-damage|p2a: Myth|54/352 par","|-damage|p2a: Myth|14/352 par","|-damage|p2a: Myth|0 fnt","|-hitcount|p2a: Myth|3","|faint|p2a: Myth","|","|","|switch|p2a: Kray|Roserade, F|45/261","|-damage|p2a: Kray|13/261|[from] Stealth Rock","|turn|19","|","|switch|p1a: Cobalion|Cobalion|155/386","|move|p2a: Kray|Dazzling Gleam|p1a: Cobalion","|-damage|p1a: Cobalion|39/386","|","|-heal|p1a: Cobalion|63/386|[from] item: Leftovers","|turn|20","|","|move|p2a: Kray|Dazzling Gleam|p1a: Cobalion","|-damage|p1a: Cobalion|0 fnt","|faint|p1a: Cobalion","|","|","|switch|p1a: Hitmontop|Hitmontop, M|304/304","|-ability|p1a: Hitmontop|Intimidate","|-unboost|p2a: Kray|atk|1","|turn|21","|","|move|p1a: Hitmontop|Sucker Punch|p2a: Kray","|-damage|p2a: Kray|0 fnt","|faint|p2a: Kray","|","|","|switch|p2a: Sam|Breloom, F|264/264 tox","|-damage|p2a: Sam|248/264 tox|[from] Stealth Rock","|turn|22","|","|move|p2a: Sam|Swords Dance|p2a: Sam","|-boost|p2a: Sam|atk|2","|move|p1a: Hitmontop|Seismic Toss|p2a: Sam","|-damage|p2a: Sam|148/264 tox","|","|-heal|p2a: Sam|181/264 tox|[from] ability: Poison Heal","|turn|23","|","|move|p2a: Sam|Drain Punch|p1a: Hitmontop","|-damage|p1a: Hitmontop|66/304","|-heal|p2a: Sam|264/264 tox|[from] drain|[of] p1a: Hitmontop","|move|p1a: Hitmontop|Endeavor|p2a: Sam","|-damage|p2a: Sam|66/264 tox","|","|-heal|p2a: Sam|99/264 tox|[from] ability: Poison Heal","|turn|24","|","|move|p2a: Sam|Drain Punch|p1a: Hitmontop","|-damage|p1a: Hitmontop|0 fnt","|-heal|p2a: Sam|132/264 tox|[from] drain|[of] p1a: Hitmontop","|faint|p1a: Hitmontop","|","|-heal|p2a: Sam|165/264 tox|[from] ability: Poison Heal","|","|switch|p1a: Infernape|Infernape, M|293/293","|turn|25","|","|move|p2a: Sam|Mach Punch|p1a: Infernape","|-damage|p1a: Infernape|89/293","|move|p1a: Infernape|Flamethrower|p2a: Sam","|-supereffective|p2a: Sam","|-damage|p2a: Sam|0 fnt","|faint|p2a: Sam","|","|","|switch|p2a: Lonely|Cradily, F|376/376","|-damage|p2a: Lonely|329/376|[from] Stealth Rock","|turn|26","|","|move|p1a: Infernape|Nasty Plot|p1a: Infernape","|-boost|p1a: Infernape|spa|2","|move|p2a: Lonely|Curse|p2a: Lonely","|-unboost|p2a: Lonely|spe|1","|-boost|p2a: Lonely|atk|1","|-boost|p2a: Lonely|def|1","|","|-heal|p2a: Lonely|352/376|[from] item: Leftovers","|turn|27","|","|move|p1a: Infernape|Encore|p2a: Lonely","|-start|p2a: Lonely|Encore","|move|p2a: Lonely|Curse|p2a: Lonely","|-unboost|p2a: Lonely|spe|1","|-boost|p2a: Lonely|atk|1","|-boost|p2a: Lonely|def|1","|","|-heal|p2a: Lonely|375/376|[from] item: Leftovers","|turn|28","|","|switch|p2a: Neo|Shiftry, F|321/321","|-damage|p2a: Neo|281/321|[from] Stealth Rock","|move|p1a: Infernape|Nasty Plot|p1a: Infernape","|-boost|p1a: Infernape|spa|2","|","|turn|29","|","|move|p1a: Infernape|Vacuum Wave|p2a: Neo","|-supereffective|p2a: Neo","|-damage|p2a: Neo|0 fnt","|faint|p2a: Neo","|","|","|win|imp jk"],"p1rating":{"entryid":"86215","serverid":"eos","formatid":"monotype","userid":"impjk","username":"Imp❇ Jk","w":13,"l":"8","t":"0","gxe":56.7,"r":"1554.5020911808","rd":"78.275046896375","sigma":"0","rptime":"1441011600","rpr":1551.4690196454,"rprd":71.087199430188,"rpsigma":"0","acre":1176.9469441027,"lacre":1176.9469441027,"oldacre":"1150.1212024606"},"p2rating":{"entryid":"24749","serverid":"eos","formatid":"monotype","userid":"vphoton","username":"V Photon - ⓈⓁⒺⒺⓅ","w":"13","l":16,"t":"0","gxe":46.7,"r":"1431.5539054604","rd":"70.532250456261","sigma":"0","rptime":"1441011600","rpr":1474.4605486913,"rprd":63.036415517725,"rpsigma":"0","acre":1148.7138181034,"lacre":1148.7138181034,"oldacre":"1175.5395597455"},"endType":"forfeit"}