{"seed":[61953,5198,38664,30641],"turns":23,"p1":"Marx-Bot","p2":"Primal Geo","p1team":[{"name":"Ferrothorn","species":"Ferrothorn","item":"rockyhelmet","ability":"Iron Barbs","moves":["ironhead","thunderwave","leechseed","ingrain"],"nature":"Impish","evs":{"hp":248,"atk":8,"def":252,"spa":0,"spd":0,"spe":0},"ivs":{"hp":31,"atk":31,"def":31,"spa":31,"spd":31,"spe":31}},{"name":"Breloom","species":"Breloom","item":"focussash","ability":"Technician","moves":["bulletseed","machpunch","spore","rocktomb"],"nature":"Jolly","evs":{"hp":0,"atk":252,"def":0,"spa":0,"spd":4,"spe":252},"ivs":{"hp":31,"atk":31,"def":31,"spa":31,"spd":31,"spe":31}},{"name":"Venusaur","species":"Venusaur","item":"venusaurite","ability":"Overgrow","moves":["gigadrain","synthesis","sludgebomb","leechseed"],"nature":"Bold","evs":{"hp":248,"atk":0,"def":252,"spa":8,"spd":0,"spe":0},"ivs":{"hp":31,"atk":31,"def":31,"spa":31,"spd":31,"spe":31}},{"name":"Serperior","species":"Serperior","item":"lifeorb","ability":"Contrary","moves":["leafstorm","gigadrain","dragonpulse","hiddenpowerice"],"nature":"Timid","evs":{"hp":0,"atk":0,"def":0,"spa":252,"spd":4,"spe":252},"ivs":{"hp":31,"atk":30,"def":30,"spa":31,"spd":31,"spe":31}},{"name":"Whimsicott","species":"Whimsicott","item":"flameorb","ability":"Prankster","moves":["cottonguard","leechseed","gigadrain","switcheroo"],"nature":"Calm","evs":{"hp":248,"atk":0,"def":0,"spa":8,"spd":252,"spe":0},"ivs":{"hp":31,"atk":31,"def":31,"spa":31,"spd":31,"spe":31}},{"name":"Virizion","species":"Virizion","item":"assaultvest","ability":"Justified","moves":["gigadrain","sacredsword","stoneedge","xscissor"],"nature":"Lonely","evs":{"hp":248,"atk":252,"def":0,"spa":8,"spd":0,"spe":0},"ivs":{"hp":31,"atk":31,"def":31,"spa":31,"spd":31,"spe":31}}],"p2team":[{"name":"Nosepass","species":"Nosepass","item":"berryjuice","ability":"Sturdy","moves":["painsplit","toxic","stealthrock","protect"],"nature":"Naive","evs":{"hp":0,"atk":252,"def":0,"spa":0,"spd":0,"spe":252},"shiny":true,"level":1,"ivs":{"hp":31,"atk":31,"def":31,"spa":31,"spd":31,"spe":31}},{"name":"Archeops","species":"Archeops","item":"focussash","ability":"Defeatist","moves":["endeavor","quickattack","uturn","stoneedge"],"nature":"Timid","evs":{"hp":4,"atk":252,"def":0,"spa":0,"spd":0,"spe":252},"ivs":{"hp":31,"atk":31,"def":31,"spa":31,"spd":31,"spe":31}},{"name":"Terrakion","species":"Terrakion","item":"choicescarf","ability":"Justified","moves":["closecombat","stoneedge","earthquake","poisonjab"],"nature":"Adamant","evs":{"hp":4,"atk":252,"def":0,"spa":0,"spd":0,"spe":252},"ivs":{"hp":31,"atk":31,"def":31,"spa":31,"spd":31,"spe":31}},{"name":"Lileep","species":"Lileep","item":"eviolite","ability":"Storm Drain","moves":["stockpile","recover","gigadrain","toxic"],"nature":"Relaxed","evs":{"hp":128,"atk":0,"def":128,"spa":0,"spd":252,"spe":0},"ivs":{"hp":31,"atk":31,"def":31,"spa":31,"spd":31,"spe":31}},{"name":"Diancie","species":"Diancie","item":"diancite","ability":"Clear Body","moves":["diamondstorm","moonblast","calmmind","protect"],"nature":"Timid","evs":{"hp":0,"atk":128,"def":0,"spa":128,"spd":0,"spe":252},"ivs":{"hp":31,"atk":31,"def":31,"spa":31,"spd":31,"spe":31}},{"name":"Tyranitar","species":"Tyranitar","item":"leftovers","ability":"Sand Stream","moves":["taunt","stealthrock","pursuit","earthquake"],"nature":"Impish","evs":{"hp":128,"atk":128,"def":252,"spa":0,"spd":0,"spe":0},"ivs":{"hp":31,"atk":31,"def":31,"spa":31,"spd":31,"spe":31}}],"log":["|player|p1|Marx-Bot|167","|player|p2|Primal Geo|primalgeo.png","|gametype|singles","|gen|6","|tier|Monotype","|rated","|rule|Baton Pass Clause: Limit one Baton Passer, can't pass Spe and other stats simultaneously","|rule|Swagger Clause: Swagger is banned","|rule|Same Type Clause: Pokémon in a team must share a type","|clearpoke","|poke|p1|Ferrothorn, F","|poke|p1|Breloom, M","|poke|p1|Venusaur, F","|poke|p1|Serperior, M","|poke|p1|Whimsicott, M","|poke|p1|Virizion","|poke|p2|Nosepass, L1, F, shiny","|poke|p2|Archeops, F","|poke|p2|Terrakion","|poke|p2|Lileep, M","|poke|p2|Diancie","|poke|p2|Tyranitar, M","|rule|Sleep Clause Mod: Limit one foe put to sleep","|rule|Species Clause: Limit one of each Pokémon","|rule|OHKO Clause: OHKO moves are banned","|rule|Moody Clause: Moody is banned","|rule|Evasion Moves Clause: Evasion moves are banned","|rule|Endless Battle Clause: Forcing endless battles is banned","|rule|HP Percentage Mod: HP is shown in percentages","|teampreview","|","|start","|switch|p1a: Venusaur|Venusaur, F|363/363","|switch|p2a: Diancie|Diancie|241/241","|turn|1","|","|detailschange|p2a: Diancie|Diancie-Mega","|-mega|p2a: Diancie|Diancie|Diancite","|detailschange|p1a: Venusaur|Venusaur-Mega, F","|-mega|p1a: Venusaur|Venusaur|Venusaurite","|move|p2a: Diancie|Protect|p2a: Diancie","|-singleturn|p2a: Diancie|Protect","|move|p1a: Venusaur|Giga Drain|p2a: Diancie","|-activate|p2a: Diancie|Protect","|","|turn|2","|","|switch|p2a: Lileep|Lileep, M|305/305","|move|p1a: Venusaur|Giga Drain|p2a: Lileep","|-damage|p2a: Lileep|239/305","|","|turn|3","|","|move|p1a: Venusaur|Sludge Bomb|p2a: Lileep","|-crit|p2a: Lileep","|-damage|p2a: Lileep|131/305","|-status|p2a: Lileep|psn","|move|p2a: Lileep|Stockpile|p2a: Lileep","|-start|p2a: Lileep|stockpile1","|-boost|p2a: Lileep|def|1","|-boost|p2a: Lileep|spd|1","|","|-damage|p2a: Lileep|93/305 psn|[from] psn","|turn|4","|","|move|p1a: Venusaur|Giga Drain|p2a: Lileep","|-damage|p2a: Lileep|53/305 psn","|move|p2a: Lileep|Recover|p2a: Lileep","|-heal|p2a: Lileep|206/305 psn","|","|-damage|p2a: Lileep|168/305 psn|[from] psn","|turn|5","|","|switch|p1a: Virizion|Virizion|385/385","|move|p2a: Lileep|Stockpile|p2a: Lileep","|-start|p2a: Lileep|stockpile2","|-boost|p2a: Lileep|def|1","|-boost|p2a: Lileep|spd|1","|","|-damage|p2a: Lileep|130/305 psn|[from] psn","|turn|6","|","|move|p1a: Virizion|Sacred Sword|p2a: Lileep","|-crit|p2a: Lileep","|-supereffective|p2a: Lileep","|-damage|p2a: Lileep|0 fnt","|faint|p2a: Lileep","|","|","|switch|p2a: Archeops|Archeops, F|292/292","|turn|7","|","|switch|p1a: Ferrothorn|Ferrothorn, F|351/351","|move|p2a: Archeops|U-turn|p1a: Ferrothorn","|-damage|p1a: Ferrothorn|305/351","|-damage|p2a: Archeops|256/292|[from] ability: Iron Barbs|[of] p1a: Ferrothorn","|-damage|p2a: Archeops|208/292|[from] item: Rocky Helmet|[of] p1a: Ferrothorn","|","|switch|p2a: Terrakion|Terrakion|324/324","|","|turn|8","|","|move|p2a: Terrakion|Close Combat|p1a: Ferrothorn","|-supereffective|p1a: Ferrothorn","|-damage|p1a: Ferrothorn|29/351","|-damage|p2a: Terrakion|284/324|[from] ability: Iron Barbs|[of] p1a: Ferrothorn","|-damage|p2a: Terrakion|230/324|[from] item: Rocky Helmet|[of] p1a: Ferrothorn","|-unboost|p2a: Terrakion|def|1","|-unboost|p2a: Terrakion|spd|1","|move|p1a: Ferrothorn|Thunder Wave|p2a: Terrakion","|-status|p2a: Terrakion|par","|","|turn|9","|","|move|p2a: Terrakion|Close Combat|p1a: Ferrothorn","|-supereffective|p1a: Ferrothorn","|-damage|p1a: Ferrothorn|0 fnt","|-damage|p2a: Terrakion|190/324 par|[from] ability: Iron Barbs|[of] p1a: Ferrothorn","|-damage|p2a: Terrakion|136/324 par|[from] item: Rocky Helmet|[of] p1a: Ferrothorn","|-unboost|p2a: Terrakion|def|1","|-unboost|p2a: Terrakion|spd|1","|faint|p1a: Ferrothorn","|","|","|switch|p1a: Breloom|Breloom, M|261/261","|turn|10","|","|switch|p2a: Diancie|Diancie-Mega|241/241","|move|p1a: Breloom|Mach Punch|p2a: Diancie","|-damage|p2a: Diancie|147/241","|","|turn|11","|","|move|p2a: Diancie|Moonblast|p1a: Breloom","|-supereffective|p1a: Breloom","|-enditem|p1a: Breloom|Focus Sash","|-damage|p1a: Breloom|1/261","|move|p1a: Breloom|Bullet Seed|p2a: Diancie","|-crit|p2a: Diancie","|-supereffective|p2a: Diancie","|-damage|p2a: Diancie|0 fnt","|-hitcount|p2a: Diancie|1","|faint|p2a: Diancie","|","|","|switch|p2a: Archeops|Archeops, F|208/292","|turn|12","|","|move|p2a: Archeops|Quick Attack|p1a: Breloom","|-damage|p1a: Breloom|0 fnt","|faint|p1a: Breloom","|","|","|switch|p1a: Venusaur|Venusaur-Mega, F|363/363","|turn|13","|","|move|p2a: Archeops|U-turn|p1a: Venusaur","|-damage|p1a: Venusaur|310/363","|","|switch|p2a: Nosepass|Nosepass, L1, F, shiny|11/11","|move|p1a: Venusaur|Giga Drain|p2a: Nosepass","|-supereffective|p2a: Nosepass","|-ability|p2a: Nosepass|Sturdy","|-damage|p2a: Nosepass|1/11","|-heal|p1a: Venusaur|315/363|[from] drain|[of] p2a: Nosepass","|-enditem|p2a: Nosepass|Berry Juice","|-heal|p2a: Nosepass|11/11|[from] item: Berry Juice","|","|turn|14","|","|move|p1a: Venusaur|Leech Seed|p2a: Nosepass","|-start|p2a: Nosepass|move: Leech Seed","|move|p2a: Nosepass|Pain Split|p1a: Venusaur","|-sethp|p1a: Venusaur|163/363|p2a: Nosepass|11/11|[from] move: Pain Split","|","|-damage|p2a: Nosepass|10/11|[from] Leech Seed|[of] p1a: Venusaur","|-heal|p1a: Venusaur|164/363|[silent]","|turn|15","|","|move|p1a: Venusaur|Giga Drain|p2a: Nosepass","|-supereffective|p2a: Nosepass","|-damage|p2a: Nosepass|0 fnt","|-heal|p1a: Venusaur|169/363|[from] drain|[of] p2a: Nosepass","|faint|p2a: Nosepass","|","|","|switch|p2a: Tyranitar|Tyranitar, M|373/373","|-weather|Sandstorm","|turn|16","|","|move|p1a: Venusaur|Synthesis|p1a: Venusaur","|-heal|p1a: Venusaur|260/363","|move|p2a: Tyranitar|Pursuit|p1a: Venusaur","|-damage|p1a: Venusaur|217/363","|","|-weather|Sandstorm|[upkeep]","|-damage|p1a: Venusaur|195/363|[from] sandstorm","|turn|17","|","|move|p1a: Venusaur|Leech Seed|p2a: Tyranitar","|-start|p2a: Tyranitar|move: Leech Seed","|move|p2a: Tyranitar|Earthquake|p1a: Venusaur","|-damage|p1a: Venusaur|119/363","|","|-weather|Sandstorm|[upkeep]","|-damage|p1a: Venusaur|97/363|[from] sandstorm","|-damage|p2a: Tyranitar|327/373|[from] Leech Seed|[of] p1a: Venusaur","|-heal|p1a: Venusaur|143/363|[silent]","|turn|18","|","|switch|p2a: Archeops|Archeops, F|208/292","|move|p1a: Venusaur|Giga Drain|p2a: Archeops","|-damage|p2a: Archeops|108/292","|-heal|p1a: Venusaur|193/363|[from] drain|[of] p2a: Archeops","|","|-weather|Sandstorm|[upkeep]","|-damage|p1a: Venusaur|171/363|[from] sandstorm","|turn|19","|","|move|p2a: Archeops|Endeavor|p1a: Venusaur","|-damage|p1a: Venusaur|108/363","|move|p1a: Venusaur|Giga Drain|p2a: Archeops","|-damage|p2a: Archeops|6/292","|-heal|p1a: Venusaur|159/363|[from] drain|[of] p2a: Archeops","|","|-weather|Sandstorm|[upkeep]","|-damage|p1a: Venusaur|137/363|[from] sandstorm","|turn|20","|","|move|p2a: Archeops|Endeavor|p1a: Venusaur","|-damage|p1a: Venusaur|6/363","|move|p1a: Venusaur|Giga Drain|p2a: Archeops","|-damage|p2a: Archeops|0 fnt","|-heal|p1a: Venusaur|9/363|[from] drain|[of] p2a: Archeops","|faint|p2a: Archeops","|","|-weather|none","|","|switch|p2a: Tyranitar|Tyranitar, M|327/373","|-weather|Sandstorm","|turn|21","|","|move|p1a: Venusaur|Giga Drain|p2a: Tyranitar","|-crit|p2a: Tyranitar","|-supereffective|p2a: Tyranitar","|-damage|p2a: Tyranitar|129/373","|-heal|p1a: Venusaur|108/363|[from] drain|[of] p2a: Tyranitar","|move|p2a: Tyranitar|Earthquake|p1a: Venusaur","|-crit|p1a: Venusaur","|-damage|p1a: Venusaur|0 fnt","|faint|p1a: Venusaur","|","|-weather|Sandstorm|[upkeep]","|-heal|p2a: Tyranitar|152/373|[from] item: Leftovers","|","|switch|p1a: Serperior|Serperior, M|291/291","|turn|22","|","|move|p1a: Serperior|Leaf Storm|p2a: Tyranitar","|-supereffective|p2a: Tyranitar","|-damage|p2a: Tyranitar|0 fnt","|-boost|p1a: Serperior|spa|2","|-damage|p1a: Serperior|262/291|[from] item: Life Orb","|faint|p2a: Tyranitar","|","|-weather|Sandstorm|[upkeep]","|-damage|p1a: Serperior|244/291|[from] sandstorm","|","|switch|p2a: Terrakion|Terrakion|136/324 par","|turn|23","|","|move|p1a: Serperior|Giga Drain|p2a: Terrakion","|-supereffective|p2a: Terrakion","|-damage|p2a: Terrakion|0 fnt","|-heal|p1a: Serperior|291/291|[from] drain|[of] p2a: Terrakion","|-damage|p1a: Serperior|262/291|[from] item: Life Orb","|faint|p2a: Terrakion","|","|win|Marx-Bot"],"p1rating":{"entryid":"79213","serverid":"eos","formatid":"monotype","userid":"marxbot","username":"Marx-Bot","w":15,"l":"15","t":"0","gxe":50.3,"r":"1460.3820107869","rd":"71.726277155","sigma":"0","rptime":"1441011600","rpr":1501.9393430759,"rprd":60.337741956752,"rpsigma":"0","acre":1174.0532938224,"lacre":1174.0532938224,"oldacre":"1156.9037313854"},"p2rating":{"entryid":"523888","serverid":"eos","formatid":"monotype","userid":"primalgeo","username":"Primal Geo","w":"2","l":4,"t":"0","gxe":44,"r":"1498.0399351262","rd":"107.20585211877","sigma":"0","rptime":"1441011600","rpr":1452.55203818,"rprd":99.591582806051,"rpsigma":"0","acre":1032.6023607614,"lacre":1032.6023607614,"oldacre":"1043.9884853972"},"endType":"normal"}