{"seed":[11037,28284,19713,37679],"turns":25,"p1":"Dying Will Tsuna","p2":"SL Lightoak","p1team":[{"name":"Hoopa-Unbound","species":"Hoopa-Unbound","item":"assaultvest","ability":"Magician","moves":["darkpulse","energyball","psychic","thunderbolt"],"nature":"Modest","evs":{"hp":248,"atk":0,"def":0,"spa":252,"spd":8,"spe":0},"ivs":{"hp":31,"atk":31,"def":31,"spa":31,"spd":31,"spe":31}},{"name":"Bisharp","species":"Bisharp","item":"lifeorb","ability":"Defiant","moves":["ironhead","pursuit","suckerpunch","swordsdance"],"nature":"Jolly","evs":{"hp":0,"atk":252,"def":0,"spa":0,"spd":4,"spe":252},"ivs":{"hp":31,"atk":31,"def":31,"spa":31,"spd":31,"spe":31}},{"name":"Sharpedo","species":"Sharpedo","item":"focussash","ability":"Speed Boost","moves":["crunch","destinybond","waterfall","protect"],"nature":"Adamant","evs":{"hp":0,"atk":252,"def":0,"spa":0,"spd":4,"spe":252},"ivs":{"hp":31,"atk":31,"def":31,"spa":31,"spd":31,"spe":31}},{"name":"Sableye","species":"Sableye","item":"sablenite","ability":"Prankster","moves":["calmmind","recover","willowisp","dazzlinggleam"],"nature":"Calm","evs":{"hp":248,"atk":0,"def":0,"spa":8,"spd":252,"spe":0},"ivs":{"hp":31,"atk":31,"def":31,"spa":31,"spd":31,"spe":31}},{"name":"Honchkrow","species":"Honchkrow","item":"leftovers","ability":"Moxie","moves":["bravebird","nightslash","heatwave","taunt"],"nature":"Lonely","evs":{"hp":252,"atk":172,"def":0,"spa":4,"spd":0,"spe":80},"ivs":{"hp":31,"atk":31,"def":31,"spa":31,"spd":31,"spe":31}},{"name":"Hydreigon","species":"Hydreigon","item":"choicescarf","ability":"Levitate","moves":["darkpulse","earthpower","flamethrower","dracometeor"],"nature":"Timid","evs":{"hp":0,"atk":0,"def":0,"spa":252,"spd":4,"spe":252},"ivs":{"hp":31,"atk":31,"def":31,"spa":31,"spd":31,"spe":31}}],"p2team":[{"name":"Sharpedo","species":"Sharpedo","item":"sharpedonite","ability":"Speed Boost","moves":["protect","substitute","crunch","waterfall"],"nature":"Adamant","evs":{"hp":0,"atk":252,"def":0,"spa":0,"spd":4,"spe":252},"ivs":{"hp":31,"atk":31,"def":31,"spa":31,"spd":31,"spe":31}},{"name":"Starmie","species":"Starmie","item":"lightclay","ability":"Natural Cure","moves":["rapidspin","scald","lightscreen","reflect"],"nature":"Timid","evs":{"hp":252,"atk":0,"def":0,"spa":4,"spd":0,"spe":252},"ivs":{"hp":31,"atk":31,"def":31,"spa":31,"spd":31,"spe":31}},{"name":"Azumarill","species":"Azumarill","item":"sitrusberry","ability":"Huge Power","moves":["bellydrum","aquajet","playrough","bodyslam"],"nature":"Adamant","evs":{"hp":252,"atk":252,"def":0,"spa":0,"spd":4,"spe":0},"ivs":{"hp":31,"atk":31,"def":31,"spa":31,"spd":31,"spe":31}},{"name":"Poliwrath","species":"Poliwrath","item":"leftovers","ability":"Water Absorb","moves":["substitute","focuspunch","poisonjab","waterfall"],"nature":"Adamant","evs":{"hp":252,"atk":252,"def":0,"spa":0,"spd":4,"spe":0},"ivs":{"hp":31,"atk":31,"def":31,"spa":31,"spd":31,"spe":31}},{"name":"Milotic","species":"Milotic","item":"leftovers","ability":"Competitive","moves":["mirrorcoat","scald","recover","magiccoat"],"nature":"Bold","evs":{"hp":248,"atk":0,"def":252,"spa":0,"spd":8,"spe":0},"ivs":{"hp":31,"atk":31,"def":31,"spa":31,"spd":31,"spe":31}},{"name":"Clawitzer","species":"Clawitzer","item":"choicescarf","ability":"Mega Launcher","moves":["waterpulse","aurasphere","darkpulse","dragonpulse"],"nature":"Timid","evs":{"hp":0,"atk":0,"def":0,"spa":252,"spd":4,"spe":252},"ivs":{"hp":31,"atk":31,"def":31,"spa":31,"spd":31,"spe":31}}],"log":["|player|p1|Dying Will Tsuna|248","|player|p2|SL Lightoak|lightofaknowing.png","|gametype|singles","|gen|6","|tier|Monotype","|rated","|rule|Baton Pass Clause: Limit one Baton Passer, can't pass Spe and other stats simultaneously","|rule|Swagger Clause: Swagger is banned","|rule|Same Type Clause: Pokémon in a team must share a type","|clearpoke","|poke|p1|Hoopa-Unbound","|poke|p1|Bisharp, F","|poke|p1|Sharpedo, F","|poke|p1|Sableye, F","|poke|p1|Honchkrow, M","|poke|p1|Hydreigon, M","|poke|p2|Sharpedo, M","|poke|p2|Starmie","|poke|p2|Azumarill, F","|poke|p2|Poliwrath, M","|poke|p2|Milotic, M","|poke|p2|Clawitzer, M","|rule|Sleep Clause Mod: Limit one foe put to sleep","|rule|Species Clause: Limit one of each Pokémon","|rule|OHKO Clause: OHKO moves are banned","|rule|Moody Clause: Moody is banned","|rule|Evasion Moves Clause: Evasion moves are banned","|rule|Endless Battle Clause: Forcing endless battles is banned","|rule|HP Percentage Mod: HP is shown in percentages","|teampreview","|","|start","|switch|p1a: Sableye|Sableye, F|303/303","|switch|p2a: Starmie|Starmie|324/324","|turn|1","|","|detailschange|p1a: Sableye|Sableye-Mega, F","|-mega|p1a: Sableye|Sableye|Sablenite","|move|p1a: Sableye|Will-O-Wisp|p2a: Starmie","|-status|p2a: Starmie|brn","|move|p2a: Starmie|Reflect|p2a: Starmie","|-sidestart|p2: SL Lightoak|Reflect","|","|-damage|p2a: Starmie|284/324 brn|[from] brn","|turn|2","|","|move|p2a: Starmie|Light Screen|p2a: Starmie","|-sidestart|p2: SL Lightoak|move: Light Screen","|move|p1a: Sableye|Calm Mind|p1a: Sableye","|-boost|p1a: Sableye|spa|1","|-boost|p1a: Sableye|spd|1","|","|-damage|p2a: Starmie|244/324 brn|[from] brn","|turn|3","|","|switch|p2a: Azumarill|Azumarill, F|404/404","|move|p1a: Sableye|Calm Mind|p1a: Sableye","|-boost|p1a: Sableye|spa|1","|-boost|p1a: Sableye|spd|1","|","|turn|4","|","|move|p2a: Azumarill|Play Rough|p1a: Sableye","|-supereffective|p1a: Sableye","|-damage|p1a: Sableye|0 fnt","|faint|p1a: Sableye","|","|","|switch|p1a: Sharpedo|Sharpedo, F|281/281","|turn|5","|","|move|p1a: Sharpedo|Protect|p1a: Sharpedo","|-singleturn|p1a: Sharpedo|Protect","|move|p2a: Azumarill|Belly Drum|p2a: Azumarill","|-damage|p2a: Azumarill|202/404","|-setboost|p2a: Azumarill|atk|6|[from] move: Belly Drum","|-enditem|p2a: Azumarill|Sitrus Berry|[eat]","|-heal|p2a: Azumarill|303/404|[from] item: Sitrus Berry","|","|-boost|p1a: Sharpedo|spe|1|[from] ability: Speed Boost","|turn|6","|","|move|p1a: Sharpedo|Destiny Bond|p1a: Sharpedo","|-singlemove|p1a: Sharpedo|Destiny Bond","|move|p2a: Azumarill|Play Rough|p1a: Sharpedo","|-supereffective|p1a: Sharpedo","|-enditem|p1a: Sharpedo|Focus Sash","|-damage|p1a: Sharpedo|1/281","|","|-boost|p1a: Sharpedo|spe|1|[from] ability: Speed Boost","|turn|7","|","|move|p2a: Azumarill|Aqua Jet|p1a: Sharpedo","|-resisted|p1a: Sharpedo","|-damage|p1a: Sharpedo|0 fnt","|faint|p1a: Sharpedo","|-activate|p1a: Sharpedo|Destiny Bond","|faint|p2a: Azumarill","|","|","|switch|p2a: Sharpedo|Sharpedo, M|281/281","|switch|p1a: Bisharp|Bisharp, F|271/271","|turn|8","|","|move|p2a: Sharpedo|Protect|p2a: Sharpedo","|-singleturn|p2a: Sharpedo|Protect","|move|p1a: Bisharp|Swords Dance|p1a: Bisharp","|-boost|p1a: Bisharp|atk|2","|","|-sideend|p2: SL Lightoak|Reflect","|-boost|p2a: Sharpedo|spe|1|[from] ability: Speed Boost","|turn|9","|","|move|p1a: Bisharp|Sucker Punch|p2a: Sharpedo","|-fail|p1a: Bisharp","|move|p2a: Sharpedo|Substitute|p2a: Sharpedo","|-start|p2a: Sharpedo|Substitute","|-damage|p2a: Sharpedo|211/281","|","|-sideend|p2: SL Lightoak|move: Light Screen","|-boost|p2a: Sharpedo|spe|1|[from] ability: Speed Boost","|turn|10","|","|detailschange|p2a: Sharpedo|Sharpedo-Mega, M","|-mega|p2a: Sharpedo|Sharpedo|Sharpedonite","|move|p2a: Sharpedo|Waterfall|p1a: Bisharp","|-damage|p1a: Bisharp|100/271","|move|p1a: Bisharp|Iron Head|p2a: Sharpedo","|-resisted|p2a: Sharpedo","|-end|p2a: Sharpedo|Substitute","|-damage|p1a: Bisharp|73/271|[from] item: Life Orb","|","|turn|11","|","|move|p1a: Bisharp|Sucker Punch|p2a: Sharpedo","|-fail|p1a: Bisharp","|move|p2a: Sharpedo|Substitute|p2a: Sharpedo","|-start|p2a: Sharpedo|Substitute","|-damage|p2a: Sharpedo|141/281","|","|turn|12","|","|move|p2a: Sharpedo|Waterfall|p1a: Bisharp","|-damage|p1a: Bisharp|0 fnt","|faint|p1a: Bisharp","|","|","|switch|p1a: Hydreigon|Hydreigon, M|325/325","|turn|13","|","|move|p2a: Sharpedo|Waterfall|p1a: Hydreigon","|-crit|p1a: Hydreigon","|-resisted|p1a: Hydreigon","|-damage|p1a: Hydreigon|190/325","|move|p1a: Hydreigon|Earth Power|p2a: Sharpedo","|-end|p2a: Sharpedo|Substitute","|","|turn|14","|","|move|p2a: Sharpedo|Crunch|p1a: Hydreigon","|-resisted|p1a: Hydreigon","|-damage|p1a: Hydreigon|64/325","|move|p1a: Hydreigon|Earth Power|p2a: Sharpedo","|-damage|p2a: Sharpedo|0 fnt","|faint|p2a: Sharpedo","|","|","|switch|p2a: Clawitzer|Clawitzer, M|283/283","|turn|15","|","|move|p1a: Hydreigon|Earth Power|p2a: Clawitzer","|-damage|p2a: Clawitzer|168/283","|move|p2a: Clawitzer|Dragon Pulse|p1a: Hydreigon","|-supereffective|p1a: Hydreigon","|-damage|p1a: Hydreigon|0 fnt","|faint|p1a: Hydreigon","|","|","|switch|p1a: Hoopa-Unbound|Hoopa-Unbound|363/363","|turn|16","|","|move|p2a: Clawitzer|Dragon Pulse|p1a: Hoopa-Unbound","|-damage|p1a: Hoopa-Unbound|281/363","|move|p1a: Hoopa-Unbound|Thunderbolt|p2a: Clawitzer","|-supereffective|p2a: Clawitzer","|-damage|p2a: Clawitzer|0 fnt","|faint|p2a: Clawitzer","|","|","|switch|p2a: Starmie|Starmie|244/324","|turn|17","|","|move|p2a: Starmie|Light Screen|p2a: Starmie","|-sidestart|p2: SL Lightoak|move: Light Screen","|move|p1a: Hoopa-Unbound|Dark Pulse|p2a: Starmie","|-supereffective|p2a: Starmie","|-damage|p2a: Starmie|25/324","|","|turn|18","|","|move|p2a: Starmie|Scald|p1a: Hoopa-Unbound","|-damage|p1a: Hoopa-Unbound|233/363","|move|p1a: Hoopa-Unbound|Dark Pulse|p2a: Starmie","|-supereffective|p2a: Starmie","|-damage|p2a: Starmie|0 fnt","|faint|p2a: Starmie","|","|","|switch|p2a: Milotic|Milotic, M|393/393","|turn|19","|","|move|p1a: Hoopa-Unbound|Thunderbolt|p2a: Milotic","|-supereffective|p2a: Milotic","|-damage|p2a: Milotic|265/393","|move|p2a: Milotic|Mirror Coat|p1a: Hoopa-Unbound","|-immune|p1a: Hoopa-Unbound|[msg]","|","|-heal|p2a: Milotic|289/393|[from] item: Leftovers","|turn|20","|","|move|p2a: Milotic|Scald|p1a: Hoopa-Unbound","|-damage|p1a: Hoopa-Unbound|185/363","|move|p1a: Hoopa-Unbound|Thunderbolt|p2a: Milotic","|-supereffective|p2a: Milotic","|-damage|p2a: Milotic|161/393","|","|-heal|p2a: Milotic|185/393|[from] item: Leftovers","|turn|21","|","|move|p2a: Milotic|Recover|p2a: Milotic","|-heal|p2a: Milotic|382/393","|move|p1a: Hoopa-Unbound|Thunderbolt|p2a: Milotic","|-supereffective|p2a: Milotic","|-damage|p2a: Milotic|258/393","|","|-heal|p2a: Milotic|282/393|[from] item: Leftovers","|turn|22","|","|move|p2a: Milotic|Scald|p1a: Hoopa-Unbound","|-damage|p1a: Hoopa-Unbound|131/363","|move|p1a: Hoopa-Unbound|Thunderbolt|p2a: Milotic","|-crit|p2a: Milotic","|-supereffective|p2a: Milotic","|-damage|p2a: Milotic|0 fnt","|faint|p2a: Milotic","|","|","|switch|p2a: Poliwrath|Poliwrath, M|384/384","|turn|23","|","|move|p1a: Hoopa-Unbound|Psychic|p2a: Poliwrath","|-supereffective|p2a: Poliwrath","|-damage|p2a: Poliwrath|141/384","|move|p2a: Poliwrath|Substitute|p2a: Poliwrath","|-start|p2a: Poliwrath|Substitute","|-damage|p2a: Poliwrath|45/384","|","|-heal|p2a: Poliwrath|69/384|[from] item: Leftovers","|turn|24","|","|-singleturn|p2a: Poliwrath|move: Focus Punch","|move|p1a: Hoopa-Unbound|Psychic|p2a: Poliwrath","|-supereffective|p2a: Poliwrath","|-end|p2a: Poliwrath|Substitute","|move|p2a: Poliwrath|Focus Punch|p1a: Hoopa-Unbound","|-damage|p1a: Hoopa-Unbound|0 fnt","|faint|p1a: Hoopa-Unbound","|","|-heal|p2a: Poliwrath|93/384|[from] item: Leftovers","|-sideend|p2: SL Lightoak|move: Light Screen","|","|switch|p1a: Honchkrow|Honchkrow, M|404/404","|turn|25","|","|move|p1a: Honchkrow|Brave Bird|p2a: Poliwrath","|-supereffective|p2a: Poliwrath","|-damage|p2a: Poliwrath|0 fnt","|-damage|p1a: Honchkrow|373/404|[from] recoil|[of] p2a: Poliwrath","|faint|p2a: Poliwrath","|-boost|p1a: Honchkrow|atk|1|[from] ability: Moxie","|","|win|Dying Will Tsuna"],"p1rating":{"entryid":"707108","serverid":"eos","formatid":"monotype","userid":"dyingwilltsuna","username":"Dying Will Tsuna","w":1,"l":"1","t":"0","gxe":48.5,"r":"1500","rd":"130","sigma":"0","rptime":"1441011600","rpr":1488.3474601734,"rprd":116.23450829753,"rpsigma":"0","acre":1041.1491042768,"lacre":1041.1491042768,"oldacre":"1000"},"p2rating":{"entryid":"530913","serverid":"eos","formatid":"monotype","userid":"sllightoak","username":"SL Lightoak","w":"8","l":14,"t":"0","gxe":40.2,"r":"1474.1379655901","rd":"75.500083853038","sigma":"0","rptime":"1441011600","rpr":1423.8921317894,"rprd":67.634356977965,"rpsigma":"0","acre":1000,"lacre":1000,"oldacre":"1009.9837399806"},"endType":"normal"}