{"seed":[42136,38696,35852,36529],"turns":46,"p1":"MinerKombat §","p2":"OkamiNine","p1team":[{"name":"Chrom Nom Nom","species":"feraligatr","item":"lifeorb","ability":"Sheer Force","moves":["waterfall","crunch","dragondance","icepunch"],"nature":"Adamant","evs":{"hp":0,"atk":252,"def":0,"spa":0,"spd":4,"spe":252},"ivs":{"hp":31,"atk":31,"def":31,"spa":31,"spd":31,"spe":31}},{"name":"Kill Them All...","species":"slowbro","item":"leftovers","ability":"Regenerator","moves":["toxic","thunderwave","scald","slackoff"],"nature":"Bold","evs":{"hp":248,"atk":0,"def":252,"spa":8,"spd":0,"spe":0},"shiny":true,"ivs":{"hp":31,"atk":31,"def":31,"spa":31,"spd":31,"spe":31}},{"name":"Maj Ecaps","species":"suicune","item":"leftovers","ability":"Pressure","moves":["rest","sleeptalk","calmmind","surf"],"nature":"Modest","evs":{"hp":252,"atk":0,"def":124,"spa":8,"spd":124,"spe":0},"shiny":true,"ivs":{"hp":31,"atk":31,"def":31,"spa":31,"spd":31,"spe":31}},{"name":"Underwater","species":"azumarill","item":"expertbelt","ability":"Sap Sipper","moves":["aquajet","knockoff","playrough","waterfall"],"nature":"Adamant","evs":{"hp":248,"atk":252,"def":0,"spa":0,"spd":8,"spe":0},"ivs":{"hp":31,"atk":31,"def":31,"spa":31,"spd":31,"spe":31}},{"name":"Sharpedophile","species":"sharpedo","item":"sharpedonite","ability":"Speed Boost","moves":["crunch","earthquake","aquajet","waterfall"],"nature":"Adamant","evs":{"hp":0,"atk":252,"def":0,"spa":0,"spd":4,"spe":252},"ivs":{"hp":31,"atk":31,"def":31,"spa":31,"spd":31,"spe":31}},{"name":"Illuminated","species":"lanturn","item":"leftovers","ability":"Volt Absorb","moves":["discharge","surf","thunderwave","toxic"],"nature":"Calm","evs":{"hp":252,"atk":0,"def":0,"spa":4,"spd":252,"spe":0},"ivs":{"hp":31,"atk":31,"def":31,"spa":30,"spd":30,"spe":31}}],"p2team":[{"name":"Ferrothorn","species":"Ferrothorn","item":"leftovers","ability":"Iron Barbs","moves":["powerwhip","protect","stealthrock","leechseed"],"nature":"Relaxed","evs":{"hp":248,"atk":0,"def":88,"spa":0,"spd":168,"spe":0},"ivs":{"hp":31,"atk":31,"def":31,"spa":31,"spd":31,"spe":31}},{"name":"Skarmory","species":"Skarmory","item":"rockyhelmet","ability":"Sturdy","moves":["roost","defog","bravebird","whirlwind"],"nature":"Impish","evs":{"hp":248,"atk":0,"def":236,"spa":0,"spd":0,"spe":24},"ivs":{"hp":31,"atk":31,"def":31,"spa":31,"spd":31,"spe":31}},{"name":"Heatran","species":"Heatran","item":"leftovers","ability":"Flash Fire","moves":["lavaplume","taunt","stealthrock","earthpower"],"nature":"Calm","evs":{"hp":248,"atk":0,"def":0,"spa":0,"spd":192,"spe":68},"ivs":{"hp":31,"atk":31,"def":31,"spa":31,"spd":31,"spe":31}},{"name":"Doublade","species":"Doublade","item":"eviolite","ability":"No Guard","moves":["swordsdance","shadowsneak","sacredsword","gyroball"],"nature":"Brave","evs":{"hp":240,"atk":252,"def":0,"spa":0,"spd":16,"spe":0},"ivs":{"hp":31,"atk":31,"def":31,"spa":31,"spd":31,"spe":0}},{"name":"Magnezone","species":"Magnezone","item":"choicescarf","ability":"Magnet Pull","moves":["hiddenpowerfire","flashcannon","voltswitch","thunderbolt"],"nature":"Timid","evs":{"hp":0,"atk":0,"def":0,"spa":252,"spd":4,"spe":252},"ivs":{"hp":31,"atk":30,"def":31,"spa":30,"spd":31,"spe":30}},{"name":"Scizor","species":"Scizor","item":"scizorite","ability":"Technician","moves":["roost","swordsdance","bulletpunch","knockoff"],"nature":"Impish","evs":{"hp":248,"atk":44,"def":16,"spa":0,"spd":200,"spe":0},"ivs":{"hp":31,"atk":31,"def":31,"spa":31,"spd":31,"spe":31}}],"log":["|player|p1|MinerKombat §|164","|player|p2|OkamiNine|146","|gametype|singles","|gen|6","|tier|Monotype","|rated","|rule|Baton Pass Clause: Limit one Baton Passer, can't pass Spe and other stats simultaneously","|rule|Swagger Clause: Swagger is banned","|rule|Same Type Clause: Pokémon in a team must share a type","|clearpoke","|poke|p1|Feraligatr, M","|poke|p1|Slowbro, M, shiny","|poke|p1|Suicune, shiny","|poke|p1|Azumarill, F","|poke|p1|Sharpedo, M","|poke|p1|Lanturn, M","|poke|p2|Ferrothorn, F","|poke|p2|Skarmory, M","|poke|p2|Heatran, M","|poke|p2|Doublade, M","|poke|p2|Magnezone","|poke|p2|Scizor, M","|rule|Sleep Clause Mod: Limit one foe put to sleep","|rule|Species Clause: Limit one of each Pokémon","|rule|OHKO Clause: OHKO moves are banned","|rule|Moody Clause: Moody is banned","|rule|Evasion Moves Clause: Evasion moves are banned","|rule|Endless Battle Clause: Forcing endless battles is banned","|rule|HP Percentage Mod: HP is shown in percentages","|teampreview","|","|start","|switch|p1a: Maj Ecaps|Suicune, shiny|404/404","|switch|p2a: Ferrothorn|Ferrothorn, F|351/351","|-ability|p1a: Maj Ecaps|Pressure","|turn|1","|","|move|p1a: Maj Ecaps|Calm Mind|p1a: Maj Ecaps","|-boost|p1a: Maj Ecaps|spa|1","|-boost|p1a: Maj Ecaps|spd|1","|move|p2a: Ferrothorn|Stealth Rock|p1a: Maj Ecaps","|-sidestart|p1: MinerKombat §|move: Stealth Rock","|","|turn|2","|","|move|p1a: Maj Ecaps|Calm Mind|p1a: Maj Ecaps","|-boost|p1a: Maj Ecaps|spa|1","|-boost|p1a: Maj Ecaps|spd|1","|move|p2a: Ferrothorn|Leech Seed|p1a: Maj Ecaps","|-start|p1a: Maj Ecaps|move: Leech Seed","|","|-damage|p1a: Maj Ecaps|354/404|[from] Leech Seed|[of] p2a: Ferrothorn","|turn|3","|","|move|p1a: Maj Ecaps|Calm Mind|p1a: Maj Ecaps","|-boost|p1a: Maj Ecaps|spa|1","|-boost|p1a: Maj Ecaps|spd|1","|move|p2a: Ferrothorn|Power Whip|p1a: Maj Ecaps","|-supereffective|p1a: Maj Ecaps","|-damage|p1a: Maj Ecaps|156/404","|","|-heal|p1a: Maj Ecaps|181/404|[from] item: Leftovers","|-damage|p1a: Maj Ecaps|131/404|[from] Leech Seed|[of] p2a: Ferrothorn","|turn|4","|","|switch|p2a: Skarmory|Skarmory, M|333/333","|move|p1a: Maj Ecaps|Rest|p1a: Maj Ecaps","|-status|p1a: Maj Ecaps|slp","|-heal|p1a: Maj Ecaps|404/404 slp|[silent]","|-status|p1a: Maj Ecaps|slp|[from] move: Rest","|","|-damage|p1a: Maj Ecaps|354/404 slp|[from] Leech Seed|[of] p2a: Skarmory","|turn|5","|","|cant|p1a: Maj Ecaps|slp","|move|p1a: Maj Ecaps|Sleep Talk|p1a: Maj Ecaps","|move|p1a: Maj Ecaps|Rest|p1a: Maj Ecaps|[from]Sleep Talk","|-fail|p1a: Maj Ecaps","|move|p2a: Skarmory|Whirlwind|p1a: Maj Ecaps","|drag|p1a: Illuminated|Lanturn, M|454/454","|-damage|p1a: Illuminated|398/454|[from] Stealth Rock","|","|-heal|p1a: Illuminated|426/454|[from] item: Leftovers","|turn|6","|","|switch|p2a: Ferrothorn|Ferrothorn, F|351/351","|move|p1a: Illuminated|Discharge|p2a: Ferrothorn","|-resisted|p2a: Ferrothorn","|-damage|p2a: Ferrothorn|322/351","|-status|p2a: Ferrothorn|par","|","|-heal|p1a: Illuminated|454/454|[from] item: Leftovers","|-heal|p2a: Ferrothorn|343/351 par|[from] item: Leftovers","|turn|7","|player|p2","|player|p2|OkamiNine|146","|","|switch|p1a: Underwater|Azumarill, F|403/403","|-damage|p1a: Underwater|353/403|[from] Stealth Rock","|move|p2a: Ferrothorn|Leech Seed|p1a: Underwater","|-boost|p1a: Underwater|atk|1|[from] ability: Sap Sipper","|","|-heal|p2a: Ferrothorn|351/351 par|[from] item: Leftovers","|turn|8","|","|switch|p2a: Doublade|Doublade, M|319/319","|move|p1a: Underwater|Knock Off|p2a: Doublade","|-supereffective|p2a: Doublade","|-damage|p2a: Doublade|201/319","|-enditem|p2a: Doublade|Eviolite|[from] move: Knock Off|[of] p1a: Underwater","|","|turn|9","|","|move|p1a: Underwater|Waterfall|p2a: Doublade","|-crit|p2a: Doublade","|-damage|p2a: Doublade|54/319","|cant|p2a: Doublade|flinch","|","|turn|10","|","|move|p1a: Underwater|Aqua Jet|p2a: Doublade","|-damage|p2a: Doublade|8/319","|move|p2a: Doublade|Shadow Sneak|p1a: Underwater","|-damage|p1a: Underwater|266/403","|","|turn|11","|","|move|p1a: Underwater|Aqua Jet|p2a: Doublade","|-damage|p2a: Doublade|0 fnt","|faint|p2a: Doublade","|","|","|switch|p2a: Magnezone|Magnezone|281/281","|turn|12","|","|switch|p2a: Ferrothorn|Ferrothorn, F|351/351 par","|switch|p1a: Illuminated|Lanturn, M|454/454","|-damage|p1a: Illuminated|398/454|[from] Stealth Rock","|","|-heal|p1a: Illuminated|426/454|[from] item: Leftovers","|turn|13","|","|switch|p1a: Underwater|Azumarill, F|266/403","|-damage|p1a: Underwater|216/403|[from] Stealth Rock","|move|p2a: Ferrothorn|Leech Seed|p1a: Underwater","|-boost|p1a: Underwater|atk|1|[from] ability: Sap Sipper","|","|turn|14","|","|move|p2a: Ferrothorn|Protect|p2a: Ferrothorn","|-singleturn|p2a: Ferrothorn|Protect","|move|p1a: Underwater|Waterfall|p2a: Ferrothorn","|-activate|p2a: Ferrothorn|Protect","|","|turn|15","|","|move|p1a: Underwater|Waterfall|p2a: Ferrothorn","|-resisted|p2a: Ferrothorn","|-damage|p2a: Ferrothorn|306/351 par","|-damage|p1a: Underwater|166/403|[from] ability: Iron Barbs|[of] p2a: Ferrothorn","|move|p2a: Ferrothorn|Stealth Rock|p1a: Underwater","|-fail|p1a: Underwater","|","|-heal|p2a: Ferrothorn|327/351 par|[from] item: Leftovers","|turn|16","|","|move|p2a: Ferrothorn|Protect|p2a: Ferrothorn","|-singleturn|p2a: Ferrothorn|Protect","|move|p1a: Underwater|Play Rough|p2a: Ferrothorn","|-activate|p2a: Ferrothorn|Protect","|","|-heal|p2a: Ferrothorn|348/351 par|[from] item: Leftovers","|turn|17","|","|move|p1a: Underwater|Knock Off|p2a: Ferrothorn","|-damage|p2a: Ferrothorn|273/351 par","|-damage|p1a: Underwater|116/403|[from] ability: Iron Barbs|[of] p2a: Ferrothorn","|-enditem|p2a: Ferrothorn|Leftovers|[from] move: Knock Off|[of] p1a: Underwater","|move|p2a: Ferrothorn|Stealth Rock|p1a: Underwater","|-fail|p1a: Underwater","|","|turn|18","|","|move|p1a: Underwater|Aqua Jet|p2a: Ferrothorn","|-resisted|p2a: Ferrothorn","|-damage|p2a: Ferrothorn|252/351 par","|-damage|p1a: Underwater|66/403|[from] ability: Iron Barbs|[of] p2a: Ferrothorn","|cant|p2a: Ferrothorn|par","|","|turn|19","|","|switch|p2a: Scizor|Scizor, M|343/343","|move|p1a: Underwater|Knock Off|p2a: Scizor","|-damage|p2a: Scizor|283/343","|","|turn|20","|","|detailschange|p2a: Scizor|Scizor-Mega, M","|-mega|p2a: Scizor|Scizor|Scizorite","|move|p1a: Underwater|Aqua Jet|p2a: Scizor","|-crit|p2a: Scizor","|-damage|p2a: Scizor|213/343","|move|p2a: Scizor|Knock Off|p1a: Underwater","|-resisted|p1a: Underwater","|-damage|p1a: Underwater|4/403","|-enditem|p1a: Underwater|Expert Belt|[from] move: Knock Off|[of] p2a: Scizor","|","|turn|21","|","|move|p2a: Scizor|Bullet Punch|p1a: Underwater","|-damage|p1a: Underwater|0 fnt","|faint|p1a: Underwater","|","|","|switch|p1a: Maj Ecaps|Suicune, shiny|354/404 slp","|-damage|p1a: Maj Ecaps|304/404 slp|[from] Stealth Rock","|-ability|p1a: Maj Ecaps|Pressure","|turn|22","|","|switch|p2a: Ferrothorn|Ferrothorn, F|252/351 par","|cant|p1a: Maj Ecaps|slp","|move|p1a: Maj Ecaps|Sleep Talk|p1a: Maj Ecaps","|move|p1a: Maj Ecaps|Rest|p1a: Maj Ecaps|[from]Sleep Talk","|-fail|p1a: Maj Ecaps","|","|-heal|p1a: Maj Ecaps|329/404 slp|[from] item: Leftovers","|turn|23","|","|-curestatus|p1a: Maj Ecaps|slp","|move|p1a: Maj Ecaps|Sleep Talk|p1a: Maj Ecaps","|-fail|p1a: Maj Ecaps","|cant|p2a: Ferrothorn|par","|","|-heal|p1a: Maj Ecaps|354/404|[from] item: Leftovers","|turn|24","|","|move|p1a: Maj Ecaps|Calm Mind|p1a: Maj Ecaps","|-boost|p1a: Maj Ecaps|spa|1","|-boost|p1a: Maj Ecaps|spd|1","|move|p2a: Ferrothorn|Leech Seed|p1a: Maj Ecaps","|-start|p1a: Maj Ecaps|move: Leech Seed","|","|-heal|p1a: Maj Ecaps|379/404|[from] item: Leftovers","|-damage|p1a: Maj Ecaps|329/404|[from] Leech Seed|[of] p2a: Ferrothorn","|-heal|p2a: Ferrothorn|302/351 par|[silent]","|turn|25","|","|move|p1a: Maj Ecaps|Surf|p2a: Ferrothorn","|-crit|p2a: Ferrothorn","|-resisted|p2a: Ferrothorn","|-damage|p2a: Ferrothorn|218/351 par","|cant|p2a: Ferrothorn|par","|","|-heal|p1a: Maj Ecaps|354/404|[from] item: Leftovers","|-damage|p1a: Maj Ecaps|304/404|[from] Leech Seed|[of] p2a: Ferrothorn","|-heal|p2a: Ferrothorn|268/351 par|[silent]","|turn|26","|","|move|p1a: Maj Ecaps|Calm Mind|p1a: Maj Ecaps","|-boost|p1a: Maj Ecaps|spa|1","|-boost|p1a: Maj Ecaps|spd|1","|move|p2a: Ferrothorn|Power Whip|p1a: Maj Ecaps","|-supereffective|p1a: Maj Ecaps","|-damage|p1a: Maj Ecaps|82/404","|","|-heal|p1a: Maj Ecaps|107/404|[from] item: Leftovers","|-damage|p1a: Maj Ecaps|57/404|[from] Leech Seed|[of] p2a: Ferrothorn","|-heal|p2a: Ferrothorn|318/351 par|[silent]","|turn|27","|","|move|p1a: Maj Ecaps|Rest|p1a: Maj Ecaps","|-status|p1a: Maj Ecaps|slp","|-heal|p1a: Maj Ecaps|404/404 slp|[silent]","|-status|p1a: Maj Ecaps|slp|[from] move: Rest","|move|p2a: Ferrothorn|Power Whip|p1a: Maj Ecaps","|-supereffective|p1a: Maj Ecaps","|-damage|p1a: Maj Ecaps|200/404 slp","|","|-heal|p1a: Maj Ecaps|225/404 slp|[from] item: Leftovers","|-damage|p1a: Maj Ecaps|175/404 slp|[from] Leech Seed|[of] p2a: Ferrothorn","|-heal|p2a: Ferrothorn|351/351 par|[silent]","|turn|28","|","|cant|p1a: Maj Ecaps|slp","|move|p1a: Maj Ecaps|Sleep Talk|p1a: Maj Ecaps","|move|p1a: Maj Ecaps|Calm Mind|p1a: Maj Ecaps|[from]Sleep Talk","|-boost|p1a: Maj Ecaps|spa|1","|-boost|p1a: Maj Ecaps|spd|1","|cant|p2a: Ferrothorn|par","|","|-heal|p1a: Maj Ecaps|200/404 slp|[from] item: Leftovers","|-damage|p1a: Maj Ecaps|150/404 slp|[from] Leech Seed|[of] p2a: Ferrothorn","|turn|29","|","|cant|p1a: Maj Ecaps|slp","|move|p1a: Maj Ecaps|Sleep Talk|p1a: Maj Ecaps","|move|p1a: Maj Ecaps|Calm Mind|p1a: Maj Ecaps|[from]Sleep Talk","|-boost|p1a: Maj Ecaps|spa|1","|-boost|p1a: Maj Ecaps|spd|1","|cant|p2a: Ferrothorn|par","|","|-heal|p1a: Maj Ecaps|175/404 slp|[from] item: Leftovers","|-damage|p1a: Maj Ecaps|125/404 slp|[from] Leech Seed|[of] p2a: Ferrothorn","|turn|30","|","|-curestatus|p1a: Maj Ecaps|slp","|move|p1a: Maj Ecaps|Surf|p2a: Ferrothorn","|-resisted|p2a: Ferrothorn","|-damage|p2a: Ferrothorn|228/351 par","|move|p2a: Ferrothorn|Power Whip|p1a: Maj Ecaps","|-supereffective|p1a: Maj Ecaps","|-damage|p1a: Maj Ecaps|0 fnt","|faint|p1a: Maj Ecaps","|","|","|switch|p1a: Sharpedophile|Sharpedo, M|281/281","|-damage|p1a: Sharpedophile|246/281|[from] Stealth Rock","|turn|31","|","|detailschange|p1a: Sharpedophile|Sharpedo-Mega, M","|-mega|p1a: Sharpedophile|Sharpedo|Sharpedonite","|move|p1a: Sharpedophile|Earthquake|p2a: Ferrothorn","|-damage|p2a: Ferrothorn|139/351 par","|move|p2a: Ferrothorn|Leech Seed|p1a: Sharpedophile","|-start|p1a: Sharpedophile|move: Leech Seed","|","|-damage|p1a: Sharpedophile|211/281|[from] Leech Seed|[of] p2a: Ferrothorn","|-heal|p2a: Ferrothorn|174/351 par|[silent]","|turn|32","|","|cant|p2a: Ferrothorn|par","|move|p1a: Sharpedophile|Earthquake|p2a: Ferrothorn","|-damage|p2a: Ferrothorn|83/351 par","|","|-damage|p1a: Sharpedophile|176/281|[from] Leech Seed|[of] p2a: Ferrothorn","|-heal|p2a: Ferrothorn|118/351 par|[silent]","|turn|33","|","|move|p2a: Ferrothorn|Protect|p2a: Ferrothorn","|-singleturn|p2a: Ferrothorn|Protect","|move|p1a: Sharpedophile|Earthquake|p2a: Ferrothorn","|-activate|p2a: Ferrothorn|Protect","|","|-damage|p1a: Sharpedophile|141/281|[from] Leech Seed|[of] p2a: Ferrothorn","|-heal|p2a: Ferrothorn|153/351 par|[silent]","|turn|34","|","|switch|p2a: Skarmory|Skarmory, M|333/333","|move|p1a: Sharpedophile|Earthquake|p2a: Skarmory","|-immune|p2a: Skarmory|[msg]","|","|-damage|p1a: Sharpedophile|106/281|[from] Leech Seed|[of] p2a: Skarmory","|turn|35","|","|move|p1a: Sharpedophile|Waterfall|p2a: Skarmory","|-damage|p2a: Skarmory|236/333","|-damage|p1a: Sharpedophile|60/281|[from] item: Rocky Helmet|[of] p2a: Skarmory","|move|p2a: Skarmory|Brave Bird|p1a: Sharpedophile","|-damage|p1a: Sharpedophile|0 fnt","|-damage|p2a: Skarmory|216/333|[from] recoil|[of] p1a: Sharpedophile","|faint|p1a: Sharpedophile","|","|","|switch|p1a: Chrom Nom Nom|Feraligatr, M|311/311","|-damage|p1a: Chrom Nom Nom|273/311|[from] Stealth Rock","|turn|36","|","|move|p1a: Chrom Nom Nom|Dragon Dance|p1a: Chrom Nom Nom","|-boost|p1a: Chrom Nom Nom|atk|1","|-boost|p1a: Chrom Nom Nom|spe|1","|move|p2a: Skarmory|Whirlwind|p1a: Chrom Nom Nom","|drag|p1a: Illuminated|Lanturn, M|426/454","|-damage|p1a: Illuminated|370/454|[from] Stealth Rock","|","|-heal|p1a: Illuminated|398/454|[from] item: Leftovers","|turn|37","|","|switch|p2a: Heatran|Heatran, M|385/385","|move|p1a: Illuminated|Thunder Wave|p2a: Heatran","|-status|p2a: Heatran|par","|","|-heal|p1a: Illuminated|426/454|[from] item: Leftovers","|turn|38","|","|move|p1a: Illuminated|Surf|p2a: Heatran","|-supereffective|p2a: Heatran","|-damage|p2a: Heatran|269/385 par","|move|p2a: Heatran|Taunt|p1a: Illuminated","|-start|p1a: Illuminated|move: Taunt","|","|-heal|p1a: Illuminated|454/454|[from] item: Leftovers","|-heal|p2a: Heatran|293/385 par|[from] item: Leftovers","|turn|39","|","|move|p1a: Illuminated|Surf|p2a: Heatran","|-supereffective|p2a: Heatran","|-damage|p2a: Heatran|179/385 par","|move|p2a: Heatran|Earth Power|p1a: Illuminated","|-crit|p1a: Illuminated","|-supereffective|p1a: Illuminated","|-damage|p1a: Illuminated|206/454","|","|-heal|p1a: Illuminated|234/454|[from] item: Leftovers","|-heal|p2a: Heatran|203/385 par|[from] item: Leftovers","|turn|40","|","|move|p1a: Illuminated|Surf|p2a: Heatran","|-supereffective|p2a: Heatran","|-damage|p2a: Heatran|71/385 par","|move|p2a: Heatran|Earth Power|p1a: Illuminated","|-supereffective|p1a: Illuminated","|-damage|p1a: Illuminated|78/454","|","|-heal|p1a: Illuminated|106/454|[from] item: Leftovers","|-heal|p2a: Heatran|95/385 par|[from] item: Leftovers","|turn|41","|","|move|p1a: Illuminated|Surf|p2a: Heatran","|-crit|p2a: Heatran","|-supereffective|p2a: Heatran","|-damage|p2a: Heatran|0 fnt","|faint|p2a: Heatran","|","|-heal|p1a: Illuminated|134/454|[from] item: Leftovers","|-end|p1a: Illuminated|move: Taunt","|","|switch|p2a: Scizor|Scizor-Mega, M|213/343","|turn|42","|","|move|p2a: Scizor|Knock Off|p1a: Illuminated","|-damage|p1a: Illuminated|0 fnt","|-enditem|p1a: Illuminated|Leftovers|[from] move: Knock Off|[of] p2a: Scizor","|faint|p1a: Illuminated","|","|","|switch|p1a: Kill Them All...|Slowbro, M, shiny|393/393","|-damage|p1a: Kill Them All...|344/393|[from] Stealth Rock","|turn|43","|","|move|p2a: Scizor|Knock Off|p1a: Kill Them All...","|-supereffective|p1a: Kill Them All...","|-damage|p1a: Kill Them All...|188/393","|-enditem|p1a: Kill Them All...|Leftovers|[from] move: Knock Off|[of] p2a: Scizor","|move|p1a: Kill Them All...|Thunder Wave|p2a: Scizor","|-status|p2a: Scizor|par","|","|turn|44","|","|switch|p2a: Magnezone|Magnezone|281/281","|move|p1a: Kill Them All...|Scald|p2a: Magnezone","|-damage|p2a: Magnezone|182/281","|","|turn|45","|","|move|p2a: Magnezone|Thunderbolt|p1a: Kill Them All...","|-crit|p1a: Kill Them All...","|-supereffective|p1a: Kill Them All...","|-damage|p1a: Kill Them All...|0 fnt","|faint|p1a: Kill Them All...","|","|","|switch|p1a: Chrom Nom Nom|Feraligatr, M|273/311","|-damage|p1a: Chrom Nom Nom|235/311|[from] Stealth Rock","|turn|46","|","|move|p2a: Magnezone|Thunderbolt|p1a: Chrom Nom Nom","|-supereffective|p1a: Chrom Nom Nom","|-damage|p1a: Chrom Nom Nom|0 fnt","|faint|p1a: Chrom Nom Nom","|","|win|OkamiNine"],"p1rating":{"entryid":"695518","serverid":"eos","formatid":"monotype","userid":"minerkombat","username":"MinerKombat §","w":"0","l":2,"t":"0","gxe":42.3,"r":"1500","rd":"130","sigma":"0","rptime":"1441011600","rpr":1438.5791645015,"rprd":117.41827269614,"rpsigma":"0","acre":1000,"lacre":1000,"oldacre":"1000"},"p2rating":{"entryid":"629886","serverid":"eos","formatid":"monotype","userid":"okaminine","username":"OkamiNine","w":10,"l":"1","t":"0","gxe":72.8,"r":"1679.5266524723","rd":"88.260078165077","sigma":"0","rptime":"1441011600","rpr":1690.5547189993,"rprd":86.369566274165,"rpsigma":"0","acre":1206.0727007928,"lacre":1206.0727007928,"oldacre":"1193.7274224651"},"endType":"normal"}