{"seed":[31162,63605,47429,39787],"turns":31,"p1":"Void Wiley","p2":"Primal Geo","p1team":[{"name":"Audino","species":"Audino","item":"audinite","ability":"Regenerator","moves":["healbell","flamethrower","drainingkiss","calmmind"],"nature":"","evs":{"hp":252,"atk":0,"def":252,"spa":4,"spd":0,"spe":0},"shiny":true,"ivs":{"hp":31,"atk":31,"def":31,"spa":31,"spd":31,"spe":31}},{"name":"Porygon2","species":"Porygon2","item":"eviolite","ability":"Download","moves":["icebeam","discharge","recover","magiccoat"],"nature":"Calm","evs":{"hp":248,"atk":0,"def":0,"spa":8,"spd":252,"spe":0},"ivs":{"hp":31,"atk":31,"def":31,"spa":31,"spd":31,"spe":31}},{"name":"Chansey","species":"Chansey","item":"eviolite","ability":"Natural Cure","moves":["counter","thunderwave","wish","seismictoss"],"nature":"Bold","evs":{"hp":248,"atk":0,"def":252,"spa":0,"spd":8,"spe":0},"ivs":{"hp":31,"atk":31,"def":31,"spa":31,"spd":31,"spe":31}},{"name":"Staravia","species":"Staravia","item":"eviolite","ability":"Intimidate","moves":["toxic","roost","featherdance","defog"],"nature":"Bold","evs":{"hp":248,"atk":0,"def":252,"spa":0,"spd":8,"spe":0},"ivs":{"hp":31,"atk":31,"def":31,"spa":31,"spd":31,"spe":31}},{"name":"Pidgeot","species":"Pidgeot","item":"pidgeotite","ability":"Big Pecks","moves":["hurricane","heatwave","uturn","protect"],"nature":"Timid","evs":{"hp":0,"atk":0,"def":0,"spa":252,"spd":4,"spe":252},"ivs":{"hp":31,"atk":31,"def":31,"spa":31,"spd":31,"spe":31}},{"name":"Diggersby","species":"Diggersby","item":"focussash","ability":"Huge Power","moves":["swordsdance","earthquake","facade","quickattack"],"nature":"Adamant","evs":{"hp":0,"atk":252,"def":0,"spa":0,"spd":0,"spe":252},"ivs":{"hp":31,"atk":31,"def":31,"spa":31,"spd":31,"spe":31}}],"p2team":[{"name":"Nosepass","species":"Nosepass","item":"berryjuice","ability":"Sturdy","moves":["painsplit","toxic","stealthrock","protect"],"nature":"Naive","evs":{"hp":0,"atk":252,"def":0,"spa":0,"spd":0,"spe":252},"shiny":true,"level":1,"ivs":{"hp":31,"atk":31,"def":31,"spa":31,"spd":31,"spe":31}},{"name":"Archeops","species":"Archeops","item":"focussash","ability":"Defeatist","moves":["endeavor","quickattack","uturn","acrobatics"],"nature":"Timid","evs":{"hp":4,"atk":252,"def":0,"spa":0,"spd":0,"spe":252},"ivs":{"hp":31,"atk":31,"def":31,"spa":31,"spd":31,"spe":31}},{"name":"Terrakion","species":"Terrakion","item":"choicescarf","ability":"Justified","moves":["closecombat","stoneedge","earthquake","poisonjab"],"nature":"Adamant","evs":{"hp":4,"atk":252,"def":0,"spa":0,"spd":0,"spe":252},"ivs":{"hp":31,"atk":31,"def":31,"spa":31,"spd":31,"spe":31}},{"name":"Lileep","species":"Lileep","item":"eviolite","ability":"Storm Drain","moves":["stockpile","recover","gigadrain","toxic"],"nature":"Relaxed","evs":{"hp":128,"atk":0,"def":128,"spa":0,"spd":252,"spe":0},"ivs":{"hp":31,"atk":31,"def":31,"spa":31,"spd":31,"spe":31}},{"name":"Diancie","species":"Diancie","item":"diancite","ability":"Clear Body","moves":["diamondstorm","moonblast","calmmind","protect"],"nature":"Timid","evs":{"hp":0,"atk":128,"def":0,"spa":128,"spd":0,"spe":252},"ivs":{"hp":31,"atk":31,"def":31,"spa":31,"spd":31,"spe":31}},{"name":"Tyranitar","species":"Tyranitar","item":"leftovers","ability":"Sand Stream","moves":["taunt","stealthrock","pursuit","earthquake"],"nature":"Impish","evs":{"hp":128,"atk":128,"def":252,"spa":0,"spd":0,"spe":0},"ivs":{"hp":31,"atk":31,"def":31,"spa":31,"spd":31,"spe":31}}],"log":["|player|p1|Void Wiley|voidwiley.png","|player|p2|Primal Geo|primalgeo.png","|gametype|singles","|gen|6","|tier|Monotype","|rated","|rule|Baton Pass Clause: Limit one Baton Passer, can't pass Spe and other stats simultaneously","|rule|Swagger Clause: Swagger is banned","|rule|Same Type Clause: Pokémon in a team must share a type","|clearpoke","|poke|p1|Audino, F, shiny","|poke|p1|Porygon2","|poke|p1|Chansey, F","|poke|p1|Staravia, F","|poke|p1|Pidgeot, M","|poke|p1|Diggersby, M","|poke|p2|Nosepass, L1, M, shiny","|poke|p2|Archeops, M","|poke|p2|Terrakion","|poke|p2|Lileep, F","|poke|p2|Diancie","|poke|p2|Tyranitar, M","|rule|Sleep Clause Mod: Limit one foe put to sleep","|rule|Species Clause: Limit one of each Pokémon","|rule|OHKO Clause: OHKO moves are banned","|rule|Moody Clause: Moody is banned","|rule|Evasion Moves Clause: Evasion moves are banned","|rule|Endless Battle Clause: Forcing endless battles is banned","|rule|HP Percentage Mod: HP is shown in percentages","|teampreview","|","|start","|switch|p1a: Porygon2|Porygon2|373/373","|switch|p2a: Nosepass|Nosepass, L1, M, shiny|11/11","|-boost|p1a: Porygon2|spa|1|[from] ability: Download","|turn|1","|","|move|p1a: Porygon2|Magic Coat|p1a: Porygon2","|-singleturn|p1a: Porygon2|move: Magic Coat","|move|p2a: Nosepass|Toxic|p1a: Porygon2","|move|p1a: Porygon2|Toxic|p2a: Nosepass|[from]Magic Coat","|-status|p2a: Nosepass|tox","|","|-damage|p2a: Nosepass|10/11 tox|[from] psn","|turn|2","|","|switch|p1a: Diggersby|Diggersby, M|311/311","|move|p2a: Nosepass|Pain Split|p1a: Diggersby","|-sethp|p1a: Diggersby|160/311|p2a: Nosepass|11/11 tox|[from] move: Pain Split","|","|-damage|p2a: Nosepass|9/11 tox|[from] psn","|turn|3","|","|move|p1a: Diggersby|Swords Dance|p1a: Diggersby","|-boost|p1a: Diggersby|atk|2","|move|p2a: Nosepass|Pain Split|p1a: Diggersby","|-sethp|p1a: Diggersby|84/311|p2a: Nosepass|11/11 tox|[from] move: Pain Split","|","|-damage|p2a: Nosepass|8/11 tox|[from] psn","|turn|4","|","|move|p1a: Diggersby|Earthquake|p2a: Nosepass","|-supereffective|p2a: Nosepass","|-damage|p2a: Nosepass|0 fnt","|faint|p2a: Nosepass","|","|","|switch|p2a: Terrakion|Terrakion|324/324","|turn|5","|","|switch|p1a: Staravia|Staravia, F|313/313","|-ability|p1a: Staravia|Intimidate","|-unboost|p2a: Terrakion|atk|1","|move|p2a: Terrakion|Close Combat|p1a: Staravia","|-damage|p1a: Staravia|193/313","|-unboost|p2a: Terrakion|def|1","|-unboost|p2a: Terrakion|spd|1","|","|turn|6","|","|switch|p2a: Lileep|Lileep, F|305/305","|move|p1a: Staravia|Feather Dance|p2a: Lileep","|-unboost|p2a: Lileep|atk|2","|","|turn|7","|","|move|p1a: Staravia|Toxic|p2a: Lileep","|-status|p2a: Lileep|tox","|move|p2a: Lileep|Toxic|p1a: Staravia","|-status|p1a: Staravia|tox","|","|-damage|p1a: Staravia|174/313 tox|[from] psn","|-damage|p2a: Lileep|286/305 tox|[from] psn","|turn|8","|","|switch|p1a: Audino|Audino, F, shiny|410/410","|switch|p2a: Diancie|Diancie|241/241","|","|turn|9","|","|detailschange|p2a: Diancie|Diancie-Mega","|-mega|p2a: Diancie|Diancie|Diancite","|detailschange|p1a: Audino|Audino-Mega, F, shiny","|-mega|p1a: Audino|Audino|Audinite","|move|p2a: Diancie|Diamond Storm|p1a: Audino","|-damage|p1a: Audino|287/410","|-boost|p2a: Diancie|def|1","|move|p1a: Audino|Calm Mind|p1a: Audino","|-boost|p1a: Audino|spa|1","|-boost|p1a: Audino|spd|1","|","|turn|10","|","|move|p2a: Diancie|Calm Mind|p2a: Diancie","|-boost|p2a: Diancie|spa|1","|-boost|p2a: Diancie|spd|1","|move|p1a: Audino|Draining Kiss|p2a: Diancie","|-damage|p2a: Diancie|193/241","|-heal|p1a: Audino|323/410|[from] drain|[of] p2a: Diancie","|","|turn|11","|","|move|p2a: Diancie|Calm Mind|p2a: Diancie","|-boost|p2a: Diancie|spa|1","|-boost|p2a: Diancie|spd|1","|move|p1a: Audino|Calm Mind|p1a: Audino","|-boost|p1a: Audino|spa|1","|-boost|p1a: Audino|spd|1","|","|turn|12","|","|move|p2a: Diancie|Diamond Storm|p1a: Audino","|-miss|p2a: Diancie|p1a: Audino","|move|p1a: Audino|Calm Mind|p1a: Audino","|-boost|p1a: Audino|spa|1","|-boost|p1a: Audino|spd|1","|","|turn|13","|","|move|p2a: Diancie|Diamond Storm|p1a: Audino","|-damage|p1a: Audino|205/410","|move|p1a: Audino|Calm Mind|p1a: Audino","|-boost|p1a: Audino|spa|1","|-boost|p1a: Audino|spd|1","|","|turn|14","|","|move|p2a: Diancie|Diamond Storm|p1a: Audino","|-damage|p1a: Audino|87/410","|move|p1a: Audino|Draining Kiss|p2a: Diancie","|-damage|p2a: Diancie|130/241","|-heal|p1a: Audino|135/410|[from] drain|[of] p2a: Diancie","|","|turn|15","|","|move|p2a: Diancie|Diamond Storm|p1a: Audino","|-damage|p1a: Audino|14/410","|move|p1a: Audino|Draining Kiss|p2a: Diancie","|-damage|p2a: Diancie|64/241","|-heal|p1a: Audino|64/410|[from] drain|[of] p2a: Diancie","|","|turn|16","|","|move|p2a: Diancie|Diamond Storm|p1a: Audino","|-crit|p1a: Audino","|-damage|p1a: Audino|0 fnt","|faint|p1a: Audino","|","|","|switch|p1a: Porygon2|Porygon2|373/373","|-boost|p1a: Porygon2|atk|1|[from] ability: Download","|turn|17","|","|move|p2a: Diancie|Diamond Storm|p1a: Porygon2","|-damage|p1a: Porygon2|235/373","|-boost|p2a: Diancie|def|1","|move|p1a: Porygon2|Ice Beam|p2a: Diancie","|-damage|p2a: Diancie|29/241","|","|turn|18","|","|move|p2a: Diancie|Diamond Storm|p1a: Porygon2","|-crit|p1a: Porygon2","|-damage|p1a: Porygon2|58/373","|move|p1a: Porygon2|Ice Beam|p2a: Diancie","|-damage|p2a: Diancie|0 fnt","|faint|p2a: Diancie","|","|","|switch|p2a: Archeops|Archeops, M|292/292","|turn|19","|","|move|p2a: Archeops|U-turn|p1a: Porygon2","|-damage|p1a: Porygon2|0 fnt","|faint|p1a: Porygon2","|","|switch|p2a: Tyranitar|Tyranitar, M|373/373","|-weather|Sandstorm","|","|-weather|Sandstorm|[upkeep]","|","|switch|p1a: Chansey|Chansey, F|703/703","|turn|20","|","|move|p2a: Tyranitar|Stealth Rock|p1a: Chansey","|-sidestart|p1: Void Wiley|move: Stealth Rock","|move|p1a: Chansey|Thunder Wave|p2a: Tyranitar","|-status|p2a: Tyranitar|par","|","|-weather|Sandstorm|[upkeep]","|-damage|p1a: Chansey|660/703|[from] sandstorm","|turn|21","|","|move|p1a: Chansey|Seismic Toss|p2a: Tyranitar","|-damage|p2a: Tyranitar|273/373 par","|move|p2a: Tyranitar|Taunt|p1a: Chansey","|-start|p1a: Chansey|move: Taunt","|","|-weather|Sandstorm|[upkeep]","|-damage|p1a: Chansey|617/703|[from] sandstorm","|-heal|p2a: Tyranitar|296/373 par|[from] item: Leftovers","|turn|22","|","|switch|p1a: Diggersby|Diggersby, M|84/311","|-damage|p1a: Diggersby|65/311|[from] Stealth Rock","|switch|p2a: Terrakion|Terrakion|324/324","|","|-weather|Sandstorm|[upkeep]","|turn|23","|","|move|p1a: Diggersby|Quick Attack|p2a: Terrakion","|-resisted|p2a: Terrakion","|-damage|p2a: Terrakion|271/324","|move|p2a: Terrakion|Close Combat|p1a: Diggersby","|-supereffective|p1a: Diggersby","|-damage|p1a: Diggersby|0 fnt","|-unboost|p2a: Terrakion|def|1","|-unboost|p2a: Terrakion|spd|1","|faint|p1a: Diggersby","|","|-weather|none","|","|switch|p1a: Pidgeot|Pidgeot, M|307/307","|-damage|p1a: Pidgeot|231/307|[from] Stealth Rock","|turn|24","|","|switch|p2a: Tyranitar|Tyranitar, M|296/373 par","|-weather|Sandstorm","|move|p1a: Pidgeot|Hurricane|p2a: Tyranitar","|-resisted|p2a: Tyranitar","|-damage|p2a: Tyranitar|250/373 par","|","|-weather|Sandstorm|[upkeep]","|-damage|p1a: Pidgeot|212/307|[from] sandstorm","|-heal|p2a: Tyranitar|273/373 par|[from] item: Leftovers","|turn|25","|","|move|p1a: Pidgeot|U-turn|p2a: Tyranitar","|-supereffective|p2a: Tyranitar","|-damage|p2a: Tyranitar|219/373 par","|","|move|p2a: Tyranitar|Pursuit|p1a: Pidgeot|[from]Pursuit","|-crit|p1a: Pidgeot","|-damage|p1a: Pidgeot|0 fnt","|faint|p1a: Pidgeot","|","|-weather|Sandstorm|[upkeep]","|-heal|p2a: Tyranitar|242/373 par|[from] item: Leftovers","|","|switch|p1a: Chansey|Chansey, F|617/703","|-damage|p1a: Chansey|530/703|[from] Stealth Rock","|turn|26","|","|move|p2a: Tyranitar|Taunt|p1a: Chansey","|-start|p1a: Chansey|move: Taunt","|move|p1a: Chansey|Counter|p2a: Tyranitar","|-fail|p2a: Tyranitar","|","|-weather|Sandstorm|[upkeep]","|-damage|p1a: Chansey|487/703|[from] sandstorm","|-heal|p2a: Tyranitar|265/373 par|[from] item: Leftovers","|turn|27","|","|switch|p2a: Terrakion|Terrakion|271/324","|move|p1a: Chansey|Seismic Toss|p2a: Terrakion","|-damage|p2a: Terrakion|171/324","|","|-weather|Sandstorm|[upkeep]","|-damage|p1a: Chansey|444/703|[from] sandstorm","|turn|28","|","|move|p2a: Terrakion|Close Combat|p1a: Chansey","|-supereffective|p1a: Chansey","|-damage|p1a: Chansey|0 fnt","|-unboost|p2a: Terrakion|def|1","|-unboost|p2a: Terrakion|spd|1","|faint|p1a: Chansey","|","|-weather|none","|","|switch|p1a: Staravia|Staravia, F|174/313 tox","|-damage|p1a: Staravia|96/313 tox|[from] Stealth Rock","|-ability|p1a: Staravia|Intimidate","|-unboost|p2a: Terrakion|atk|1","|turn|29","|","|switch|p2a: Tyranitar|Tyranitar, M|265/373 par","|-weather|Sandstorm","|move|p1a: Staravia|Feather Dance|p2a: Tyranitar","|-unboost|p2a: Tyranitar|atk|2","|","|-weather|Sandstorm|[upkeep]","|-damage|p1a: Staravia|77/313 tox|[from] sandstorm","|-heal|p2a: Tyranitar|288/373 par|[from] item: Leftovers","|-damage|p1a: Staravia|58/313 tox|[from] psn","|turn|30","|","|switch|p2a: Terrakion|Terrakion|171/324","|move|p1a: Staravia|Feather Dance|p2a: Terrakion","|-unboost|p2a: Terrakion|atk|2","|","|-weather|Sandstorm|[upkeep]","|-damage|p1a: Staravia|39/313 tox|[from] sandstorm","|-damage|p1a: Staravia|1/313 tox|[from] psn","|turn|31","|","|move|p2a: Terrakion|Poison Jab|p1a: Staravia","|-damage|p1a: Staravia|0 fnt","|faint|p1a: Staravia","|","|win|Primal Geo"],"p1rating":{"entryid":"91212","serverid":"eos","formatid":"monotype","userid":"voidwiley","username":"Void Wiley","w":"51","l":34,"t":"0","gxe":60.7,"r":"1584.6903385527","rd":"40.870921138512","sigma":"0","rptime":"1441011600","rpr":1582.5913796843,"rprd":40.409244414758,"rpsigma":"0","acre":1094.5170969471,"lacre":1094.5170969471,"oldacre":"1126.0860226933"},"p2rating":{"entryid":"523888","serverid":"eos","formatid":"monotype","userid":"primalgeo","username":"Primal Geo","w":3,"l":"4","t":"0","gxe":48.5,"r":"1498.0399351262","rd":"107.20585211877","sigma":"0","rptime":"1441011600","rpr":1488.4542504172,"rprd":96.007374524577,"rpsigma":"0","acre":1076.9373129192,"lacre":1076.9373129192,"oldacre":"1032.6023607614"},"endType":"normal"}