{"seed":[24255,62190,10392,52564],"turns":22,"p1":"Knight Ryan","p2":"Imp Donut","p1team":[{"name":"Breloom","species":"Breloom","item":"lifeorb","ability":"Technician","moves":["machpunch","bulletseed","swordsdance","spore"],"nature":"Jolly","evs":{"hp":0,"atk":252,"def":0,"spa":0,"spd":4,"spe":252},"gender":"M","ivs":{"hp":31,"atk":31,"def":31,"spa":31,"spd":31,"spe":31}},{"name":"Trevenant","species":"Trevenant","item":"lumberry","ability":"Harvest","moves":["willowisp","calmmind","shadowball","leechseed"],"nature":"Bold","evs":{"hp":248,"atk":0,"def":252,"spa":8,"spd":0,"spe":0},"gender":"F","shiny":true,"ivs":{"hp":31,"atk":31,"def":31,"spa":31,"spd":31,"spe":31}},{"name":"Venusaur","species":"Venusaur","item":"venusaurite","ability":"Chlorophyll","moves":["gigadrain","sludgebomb","earthquake","growth"],"nature":"Mild","evs":{"hp":0,"atk":4,"def":0,"spa":252,"spd":0,"spe":252},"gender":"M","ivs":{"hp":31,"atk":31,"def":31,"spa":31,"spd":31,"spe":31}},{"name":"Rotom-Mow","species":"Rotom-Mow","item":"sitrusberry","ability":"Levitate","moves":["discharge","leafstorm","hiddenpowerice","toxic"],"nature":"Modest","evs":{"hp":248,"atk":0,"def":0,"spa":252,"spd":8,"spe":0},"ivs":{"hp":31,"atk":30,"def":30,"spa":31,"spd":31,"spe":31}},{"name":"Ferrothorn","species":"Ferrothorn","item":"rockyhelmet","ability":"Iron Barbs","moves":["curse","gyroball","stealthrock","spikes"],"nature":"Relaxed","evs":{"hp":248,"atk":8,"def":252,"spa":0,"spd":0,"spe":0},"gender":"F","ivs":{"hp":31,"atk":31,"def":31,"spa":31,"spd":31,"spe":0}},{"name":"Serperior","species":"Serperior","item":"sitrusberry","ability":"Contrary","moves":["dragonpulse","leafstorm","hiddenpowerfire","glare"],"nature":"Timid","evs":{"hp":0,"atk":0,"def":0,"spa":252,"spd":4,"spe":252},"gender":"M","ivs":{"hp":31,"atk":30,"def":31,"spa":30,"spd":31,"spe":30},"shiny":true}],"p2team":[{"name":"Excadrill","species":"Excadrill","item":"choicescarf","ability":"Mold Breaker","moves":["brickbreak","earthquake","ironhead","rockslide"],"nature":"Jolly","evs":{"hp":0,"atk":252,"def":0,"spa":0,"spd":4,"spe":252},"ivs":{"hp":31,"atk":31,"def":31,"spa":31,"spd":31,"spe":31}},{"name":"Heatran","species":"Heatran","item":"airballoon","ability":"Flash Fire","moves":["ancientpower","earthpower","lavaplume","hiddenpowergrass"],"nature":"Modest","evs":{"hp":232,"atk":0,"def":0,"spa":252,"spd":0,"spe":24},"ivs":{"hp":31,"atk":30,"def":31,"spa":30,"spd":31,"spe":31}},{"name":"Skarmory","species":"Skarmory","item":"rockyhelmet","ability":"Sturdy","moves":["bravebird","stealthrock","roost","whirlwind"],"nature":"Impish","evs":{"hp":248,"atk":0,"def":236,"spa":0,"spd":0,"spe":24},"ivs":{"hp":31,"atk":31,"def":31,"spa":31,"spd":31,"spe":31}},{"name":"Scizor","species":"Scizor","item":"scizorite","ability":"Technician","moves":["bulletpunch","roost","swordsdance","bugbite"],"nature":"Adamant","evs":{"hp":248,"atk":252,"def":0,"spa":0,"spd":8,"spe":0},"ivs":{"hp":31,"atk":31,"def":31,"spa":31,"spd":31,"spe":31}},{"name":"Empoleon","species":"Empoleon","item":"leftovers","ability":"Torrent","moves":["scald","roar","knockoff","icebeam"],"nature":"Calm","evs":{"hp":196,"atk":0,"def":84,"spa":56,"spd":172,"spe":0},"ivs":{"hp":31,"atk":30,"def":31,"spa":30,"spd":31,"spe":31}},{"name":"Doublade","species":"Doublade","item":"eviolite","ability":"No Guard","moves":["swordsdance","ironhead","sacredsword","shadowsneak"],"nature":"Adamant","evs":{"hp":248,"atk":252,"def":0,"spa":0,"spd":8,"spe":0},"ivs":{"hp":31,"atk":31,"def":31,"spa":31,"spd":31,"spe":31}}],"log":["|player|p1|Knight Ryan|170","|player|p2|Imp Donut|170","|gametype|singles","|gen|6","|tier|Monotype","|rated","|rule|Baton Pass Clause: Limit one Baton Passer, can't pass Spe and other stats simultaneously","|rule|Swagger Clause: Swagger is banned","|rule|Same Type Clause: Pokémon in a team must share a type","|clearpoke","|poke|p1|Breloom, M","|poke|p1|Trevenant, F, shiny","|poke|p1|Venusaur, M","|poke|p1|Rotom-Mow","|poke|p1|Ferrothorn, F","|poke|p1|Serperior, M, shiny","|poke|p2|Excadrill, M","|poke|p2|Heatran, M","|poke|p2|Skarmory, F","|poke|p2|Scizor, F","|poke|p2|Empoleon, M","|poke|p2|Doublade, M","|rule|Sleep Clause Mod: Limit one foe put to sleep","|rule|Species Clause: Limit one of each Pokémon","|rule|OHKO Clause: OHKO moves are banned","|rule|Moody Clause: Moody is banned","|rule|Evasion Moves Clause: Evasion moves are banned","|rule|Endless Battle Clause: Forcing endless battles is banned","|rule|HP Percentage Mod: HP is shown in percentages","|teampreview","|","|start","|switch|p1a: Rotom-Mow|Rotom-Mow|303/303","|switch|p2a: Heatran|Heatran, M|381/381","|-item|p2a: Heatran|Air Balloon","|turn|1","|","|move|p1a: Rotom-Mow|Discharge|p2a: Heatran","|-damage|p2a: Heatran|242/381","|-enditem|p2a: Heatran|Air Balloon","|-status|p2a: Heatran|par","|move|p2a: Heatran|Lava Plume|p1a: Rotom-Mow","|-supereffective|p1a: Rotom-Mow","|-damage|p1a: Rotom-Mow|31/303","|-status|p1a: Rotom-Mow|brn","|-enditem|p1a: Rotom-Mow|Sitrus Berry|[eat]","|-heal|p1a: Rotom-Mow|106/303 brn|[from] item: Sitrus Berry","|","|-damage|p1a: Rotom-Mow|69/303 brn|[from] brn","|turn|2","|","|switch|p2a: Excadrill|Excadrill, M|361/361","|-ability|p2a: Excadrill|Mold Breaker","|move|p1a: Rotom-Mow|Discharge|p2a: Excadrill","|-immune|p2a: Excadrill|[msg]","|","|-damage|p1a: Rotom-Mow|32/303 brn|[from] brn","|turn|3","|","|move|p2a: Excadrill|Earthquake|p1a: Rotom-Mow","|-damage|p1a: Rotom-Mow|0 fnt","|faint|p1a: Rotom-Mow","|","|","|switch|p1a: Ferrothorn|Ferrothorn, F|351/351","|turn|4","|","|switch|p2a: Heatran|Heatran, M|242/381 par","|move|p1a: Ferrothorn|Curse|p1a: Ferrothorn","|-unboost|p1a: Ferrothorn|spe|1","|-boost|p1a: Ferrothorn|atk|1","|-boost|p1a: Ferrothorn|def|1","|","|turn|5","|","|move|p2a: Heatran|Lava Plume|p1a: Ferrothorn","|-supereffective|p1a: Ferrothorn","|-damage|p1a: Ferrothorn|0 fnt","|faint|p1a: Ferrothorn","|","|","|switch|p1a: Breloom|Breloom, M|261/261","|turn|6","|","|switch|p2a: Skarmory|Skarmory, F|333/333","|move|p1a: Breloom|Mach Punch|p2a: Skarmory","|-damage|p2a: Skarmory|251/333","|-damage|p1a: Breloom|218/261|[from] item: Rocky Helmet|[of] p2a: Skarmory","|-damage|p1a: Breloom|192/261|[from] item: Life Orb","|","|turn|7","|","|move|p1a: Breloom|Spore|p2a: Skarmory","|-status|p2a: Skarmory|slp","|cant|p2a: Skarmory|slp","|","|turn|8","|","|move|p1a: Breloom|Swords Dance|p1a: Breloom","|-boost|p1a: Breloom|atk|2","|cant|p2a: Skarmory|slp","|","|turn|9","|","|move|p1a: Breloom|Swords Dance|p1a: Breloom","|-boost|p1a: Breloom|atk|2","|-curestatus|p2a: Skarmory|slp","|move|p2a: Skarmory|Brave Bird|p1a: Breloom","|-supereffective|p1a: Breloom","|-damage|p1a: Breloom|0 fnt","|-damage|p2a: Skarmory|188/333|[from] recoil|[of] p1a: Breloom","|faint|p1a: Breloom","|","|","|switch|p1a: Serperior|Serperior, M, shiny|291/291","|turn|10","|","|switch|p2a: Heatran|Heatran, M|242/381 par","|move|p1a: Serperior|Glare|p2a: Heatran","|-fail|p2a: Heatran|par","|","|turn|11","|","|move|p1a: Serperior|Leaf Storm|p2a: Heatran","|-resisted|p2a: Heatran","|-damage|p2a: Heatran|207/381 par","|-boost|p1a: Serperior|spa|2","|cant|p2a: Heatran|par","|","|turn|12","|","|move|p1a: Serperior|Leaf Storm|p2a: Heatran","|-resisted|p2a: Heatran","|-damage|p2a: Heatran|128/381 par","|-boost|p1a: Serperior|spa|2","|move|p2a: Heatran|Lava Plume|p1a: Serperior","|-supereffective|p1a: Serperior","|-damage|p1a: Serperior|0 fnt","|faint|p1a: Serperior","|","|","|switch|p1a: Venusaur|Venusaur, M|301/301","|turn|13","|","|switch|p2a: Skarmory|Skarmory, F|188/333","|move|p1a: Venusaur|Earthquake|p2a: Skarmory","|-immune|p2a: Skarmory|[msg]","|","|turn|14","|","|detailschange|p1a: Venusaur|Venusaur-Mega, M","|-mega|p1a: Venusaur|Venusaur|Venusaurite","|move|p1a: Venusaur|Giga Drain|p2a: Skarmory","|-resisted|p2a: Skarmory","|-damage|p2a: Skarmory|141/333","|move|p2a: Skarmory|Roost|p2a: Skarmory","|-heal|p2a: Skarmory|308/333","|","|turn|15","|","|move|p1a: Venusaur|Growth|p1a: Venusaur","|-boost|p1a: Venusaur|atk|1","|-boost|p1a: Venusaur|spa|1","|move|p2a: Skarmory|Brave Bird|p1a: Venusaur","|-supereffective|p1a: Venusaur","|-damage|p1a: Venusaur|61/301","|-damage|p2a: Skarmory|229/333|[from] recoil|[of] p1a: Venusaur","|","|turn|16","|","|move|p1a: Venusaur|Giga Drain|p2a: Skarmory","|-resisted|p2a: Skarmory","|-damage|p2a: Skarmory|155/333","|-heal|p1a: Venusaur|98/301|[from] drain|[of] p2a: Skarmory","|move|p2a: Skarmory|Brave Bird|p1a: Venusaur","|-supereffective|p1a: Venusaur","|-damage|p1a: Venusaur|0 fnt","|-damage|p2a: Skarmory|123/333|[from] recoil|[of] p1a: Venusaur","|faint|p1a: Venusaur","|","|","|switch|p1a: Trevenant|Trevenant, F, shiny|373/373","|turn|17","|","|move|p2a: Skarmory|Roost|p2a: Skarmory","|-heal|p2a: Skarmory|290/333","|move|p1a: Trevenant|Will-O-Wisp|p2a: Skarmory","|-status|p2a: Skarmory|brn","|","|-damage|p2a: Skarmory|249/333 brn|[from] brn","|turn|18","|","|move|p2a: Skarmory|Brave Bird|p1a: Trevenant","|-supereffective|p1a: Trevenant","|-damage|p1a: Trevenant|274/373","|-damage|p2a: Skarmory|216/333 brn|[from] recoil|[of] p1a: Trevenant","|move|p1a: Trevenant|Calm Mind|p1a: Trevenant","|-boost|p1a: Trevenant|spa|1","|-boost|p1a: Trevenant|spd|1","|","|-damage|p2a: Skarmory|175/333 brn|[from] brn","|turn|19","|","|move|p2a: Skarmory|Brave Bird|p1a: Trevenant","|-supereffective|p1a: Trevenant","|-damage|p1a: Trevenant|168/373","|-damage|p2a: Skarmory|140/333 brn|[from] recoil|[of] p1a: Trevenant","|move|p1a: Trevenant|Leech Seed|p2a: Skarmory","|-start|p2a: Skarmory|move: Leech Seed","|","|-damage|p2a: Skarmory|99/333 brn|[from] Leech Seed|[of] p1a: Trevenant","|-heal|p1a: Trevenant|209/373|[silent]","|-damage|p2a: Skarmory|58/333 brn|[from] brn","|turn|20","|","|move|p2a: Skarmory|Brave Bird|p1a: Trevenant","|-supereffective|p1a: Trevenant","|-damage|p1a: Trevenant|116/373","|-damage|p2a: Skarmory|27/333 brn|[from] recoil|[of] p1a: Trevenant","|move|p1a: Trevenant|Calm Mind|p1a: Trevenant","|-boost|p1a: Trevenant|spa|1","|-boost|p1a: Trevenant|spd|1","|","|-damage|p2a: Skarmory|0 fnt|[from] Leech Seed|[of] p1a: Trevenant","|-heal|p1a: Trevenant|143/373|[silent]","|faint|p2a: Skarmory","|","|switch|p2a: Doublade|Doublade, M|321/321","|turn|21","|","|move|p2a: Doublade|Shadow Sneak|p1a: Trevenant","|-supereffective|p1a: Trevenant","|-damage|p1a: Trevenant|15/373","|move|p1a: Trevenant|Leech Seed|p2a: Doublade","|-start|p2a: Doublade|move: Leech Seed","|","|-damage|p2a: Doublade|281/321|[from] Leech Seed|[of] p1a: Trevenant","|-heal|p1a: Trevenant|55/373|[silent]","|turn|22","|","|move|p2a: Doublade|Shadow Sneak|p1a: Trevenant","|-supereffective|p1a: Trevenant","|-damage|p1a: Trevenant|0 fnt","|faint|p1a: Trevenant","|","|win|Imp Donut"],"p1rating":{"entryid":"680905","serverid":"eos","formatid":"monotype","userid":"knightryan","username":"Knight Ryan","w":"14","l":15,"t":"0","gxe":50.1,"r":"1403.8094993324","rd":"97.799903656578","sigma":"0","rptime":"1441011600","rpr":1501.1275196138,"rprd":61.420656934372,"rpsigma":"0","acre":1162.6522370825,"lacre":1162.6522370825,"oldacre":"1189.5414777703"},"p2rating":{"entryid":"659054","serverid":"eos","formatid":"monotype","userid":"impdonut","username":"Imp Donut","w":9,"l":"3","t":"0","gxe":65,"r":"1561.2890700983","rd":"91.620289995019","sigma":"0","rptime":"1441011600","rpr":1619.5936228886,"rprd":82.449972580203,"rpsigma":"0","acre":1190.1249888763,"lacre":1190.1249888763,"oldacre":"1163.2357481885"},"endType":"normal"}