{"seed":[41772,3841,9184,48143],"turns":27,"p1":"Gym Ldr Mitsuka∆","p2":"GTX♅Wild","p1team":[{"name":"Victreebel","species":"Victreebel","item":"salacberry","ability":"Chlorophyll","moves":["belch","growth","gigadrain","sleeppowder"],"nature":"Timid","evs":{"hp":0,"atk":0,"def":0,"spa":252,"spd":4,"spe":252},"ivs":{"hp":31,"atk":31,"def":31,"spa":31,"spd":31,"spe":31}},{"name":"Venusaur","species":"Venusaur","item":"venusaurite","ability":"Overgrow","moves":["synthesis","earthquake","leechseed","sludgebomb"],"nature":"Sassy","evs":{"hp":248,"atk":8,"def":172,"spa":0,"spd":80,"spe":0},"ivs":{"hp":31,"atk":31,"def":31,"spa":31,"spd":31,"spe":31}},{"name":"Breloom","species":"Breloom","item":"focussash","ability":"Technician","moves":["spore","swordsdance","machpunch","rocktomb"],"nature":"Jolly","evs":{"hp":0,"atk":252,"def":0,"spa":0,"spd":4,"spe":252},"ivs":{"hp":31,"atk":31,"def":31,"spa":31,"spd":31,"spe":31}},{"name":"Celebi","species":"Celebi","item":"lifeorb","ability":"Natural Cure","moves":["psychic","earthpower","gigadrain","suckerpunch"],"nature":"Rash","evs":{"hp":252,"atk":72,"def":0,"spa":184,"spd":0,"spe":0},"ivs":{"hp":31,"atk":31,"def":31,"spa":31,"spd":31,"spe":31}},{"name":"Ferrothorn","species":"Ferrothorn","item":"occaberry","ability":"Iron Barbs","moves":["leechseed","stealthrock","irondefense","knockoff"],"nature":"Careful","evs":{"hp":248,"atk":8,"def":0,"spa":0,"spd":252,"spe":0},"ivs":{"hp":31,"atk":31,"def":31,"spa":31,"spd":31,"spe":31}},{"name":"Serperior","species":"Serperior","item":"lifeorb","ability":"Contrary","moves":["leafstorm","gigadrain","hiddenpowerfire","dragonpulse"],"nature":"Timid","evs":{"hp":0,"atk":0,"def":0,"spa":252,"spd":4,"spe":252},"ivs":{"hp":31,"atk":30,"def":31,"spa":30,"spd":31,"spe":30}}],"p2team":[{"name":"Autozone","species":"magnezone","item":"lifeorb","ability":"Magnet Pull","moves":["hiddenpowerfire","thunder","flashcannon","voltswitch"],"nature":"Serious","evs":{"hp":252,"atk":0,"def":4,"spa":252,"spd":0,"spe":0},"ivs":{"hp":31,"atk":30,"def":31,"spa":30,"spd":31,"spe":30}},{"name":"Icarus 2.0","species":"skarmory","item":"leftovers","ability":"Sturdy","moves":["defog","bravebird","stealthrock","toxic"],"nature":"Impish","evs":{"hp":252,"atk":0,"def":232,"spa":0,"spd":0,"spe":24},"ivs":{"hp":31,"atk":31,"def":31,"spa":31,"spd":31,"spe":31}},{"name":"Hephaestus","species":"heatran","item":"airballoon","ability":"Flash Fire","moves":["earthpower","magmastorm","dragonpulse","flashcannon"],"nature":"Modest","evs":{"hp":248,"atk":0,"def":0,"spa":252,"spd":8,"spe":0},"ivs":{"hp":31,"atk":31,"def":31,"spa":31,"spd":31,"spe":31}},{"name":"Mah Butler","species":"empoleon","item":"leftovers","ability":"Torrent","moves":["scald","protect","toxic","roar"],"nature":"Calm","evs":{"hp":252,"atk":0,"def":0,"spa":4,"spd":252,"spe":0},"ivs":{"hp":31,"atk":31,"def":31,"spa":31,"spd":31,"spe":31}},{"name":"Anubis","species":"lucario","item":"choiceband","ability":"Justified","moves":["bulletpunch","drainpunch","crunch","icepunch"],"nature":"Adamant","evs":{"hp":200,"atk":252,"def":0,"spa":0,"spd":0,"spe":56},"ivs":{"hp":31,"atk":31,"def":31,"spa":31,"spd":31,"spe":31}},{"name":"Altair","species":"jirachi","item":"choicescarf","ability":"Serene Grace","moves":["ironhead","bodyslam","drainpunch","trick"],"nature":"Adamant","evs":{"hp":0,"atk":252,"def":0,"spa":0,"spd":4,"spe":252},"ivs":{"hp":31,"atk":31,"def":31,"spa":31,"spd":31,"spe":31}}],"log":["|player|p1|Gym Ldr Mitsuka∆|2","|player|p2|GTX♅Wild|65","|gametype|singles","|gen|6","|tier|Monotype","|rated","|rule|Baton Pass Clause: Limit one Baton Passer, can't pass Spe and other stats simultaneously","|rule|Swagger Clause: Swagger is banned","|rule|Same Type Clause: Pokémon in a team must share a type","|clearpoke","|poke|p1|Victreebel, M","|poke|p1|Venusaur, F","|poke|p1|Breloom, M","|poke|p1|Celebi","|poke|p1|Ferrothorn, F","|poke|p1|Serperior, M","|poke|p2|Magnezone","|poke|p2|Skarmory, F","|poke|p2|Heatran, M","|poke|p2|Empoleon, M","|poke|p2|Lucario, M","|poke|p2|Jirachi","|rule|Sleep Clause Mod: Limit one foe put to sleep","|rule|Species Clause: Limit one of each Pokémon","|rule|OHKO Clause: OHKO moves are banned","|rule|Moody Clause: Moody is banned","|rule|Evasion Moves Clause: Evasion moves are banned","|rule|Endless Battle Clause: Forcing endless battles is banned","|rule|HP Percentage Mod: HP is shown in percentages","|teampreview","|","|start","|switch|p1a: Serperior|Serperior, M|291/291","|switch|p2a: Icarus 2.0|Skarmory, F|334/334","|turn|1","|","|move|p1a: Serperior|Hidden Power|p2a: Icarus 2.0","|-supereffective|p2a: Icarus 2.0","|-damage|p2a: Icarus 2.0|152/334","|-damage|p1a: Serperior|262/291|[from] item: Life Orb","|move|p2a: Icarus 2.0|Brave Bird|p1a: Serperior","|-supereffective|p1a: Serperior","|-damage|p1a: Serperior|0 fnt","|-damage|p2a: Icarus 2.0|66/334|[from] recoil|[of] p1a: Serperior","|faint|p1a: Serperior","|","|-heal|p2a: Icarus 2.0|86/334|[from] item: Leftovers","|","|switch|p1a: Celebi|Celebi|404/404","|turn|2","|","|switch|p2a: Autozone|Magnezone|344/344","|move|p1a: Celebi|Psychic|p2a: Autozone","|-resisted|p2a: Autozone","|-damage|p2a: Autozone|250/344","|-damage|p1a: Celebi|364/404|[from] item: Life Orb","|","|turn|3","|","|move|p1a: Celebi|Earth Power|p2a: Autozone","|-supereffective|p2a: Autozone","|-damage|p2a: Autozone|0 fnt","|-damage|p1a: Celebi|324/404|[from] item: Life Orb","|faint|p2a: Autozone","|","|","|switch|p2a: Altair|Jirachi|341/341","|turn|4","|","|switch|p1a: Ferrothorn|Ferrothorn, F|351/351","|move|p2a: Altair|Iron Head|p1a: Ferrothorn","|-resisted|p1a: Ferrothorn","|-damage|p1a: Ferrothorn|304/351","|-damage|p2a: Altair|299/341|[from] ability: Iron Barbs|[of] p1a: Ferrothorn","|","|turn|5","|","|switch|p2a: Icarus 2.0|Skarmory, F|86/334","|move|p1a: Ferrothorn|Knock Off|p2a: Icarus 2.0","|-damage|p2a: Icarus 2.0|42/334","|-enditem|p2a: Icarus 2.0|Leftovers|[from] move: Knock Off|[of] p1a: Ferrothorn","|","|turn|6","|","|move|p2a: Icarus 2.0|Stealth Rock|p1a: Ferrothorn","|-sidestart|p1: Gym Ldr Mitsuka∆|move: Stealth Rock","|move|p1a: Ferrothorn|Leech Seed|p2a: Icarus 2.0","|-start|p2a: Icarus 2.0|move: Leech Seed","|","|-damage|p2a: Icarus 2.0|1/334|[from] Leech Seed|[of] p1a: Ferrothorn","|-heal|p1a: Ferrothorn|345/351|[silent]","|turn|7","|","|switch|p2a: Hephaestus|Heatran, M|385/385","|-item|p2a: Hephaestus|Air Balloon","|switch|p1a: Venusaur|Venusaur, F|363/363","|-damage|p1a: Venusaur|318/363|[from] Stealth Rock","|","|turn|8","|","|detailschange|p1a: Venusaur|Venusaur-Mega, F","|-mega|p1a: Venusaur|Venusaur|Venusaurite","|move|p2a: Hephaestus|Earth Power|p1a: Venusaur","|-damage|p1a: Venusaur|226/363","|move|p1a: Venusaur|Leech Seed|p2a: Hephaestus","|-start|p2a: Hephaestus|move: Leech Seed","|","|-damage|p2a: Hephaestus|337/385|[from] Leech Seed|[of] p1a: Venusaur","|-heal|p1a: Venusaur|274/363|[silent]","|turn|9","|","|move|p2a: Hephaestus|Magma Storm|p1a: Venusaur","|-crit|p1a: Venusaur","|-supereffective|p1a: Venusaur","|-damage|p1a: Venusaur|76/363","|-activate|p1a: Venusaur|move: Magma Storm|[of] p2a: Hephaestus","|move|p1a: Venusaur|Synthesis|p1a: Venusaur","|-heal|p1a: Venusaur|257/363","|","|-damage|p2a: Hephaestus|289/385|[from] Leech Seed|[of] p1a: Venusaur","|-heal|p1a: Venusaur|305/363|[silent]","|-damage|p1a: Venusaur|260/363|[from] move: Magma Storm|[partiallytrapped]","|turn|10","|","|move|p2a: Hephaestus|Flash Cannon|p1a: Venusaur","|-damage|p1a: Venusaur|139/363","|move|p1a: Venusaur|Synthesis|p1a: Venusaur","|-heal|p1a: Venusaur|320/363","|","|-damage|p2a: Hephaestus|241/385|[from] Leech Seed|[of] p1a: Venusaur","|-heal|p1a: Venusaur|363/363|[silent]","|-damage|p1a: Venusaur|318/363|[from] move: Magma Storm|[partiallytrapped]","|turn|11","|","|move|p2a: Hephaestus|Magma Storm|p1a: Venusaur","|-supereffective|p1a: Venusaur","|-damage|p1a: Venusaur|172/363","|move|p1a: Venusaur|Leech Seed|p2a: Hephaestus","|-fail|p2a: Hephaestus","|","|-damage|p2a: Hephaestus|193/385|[from] Leech Seed|[of] p1a: Venusaur","|-heal|p1a: Venusaur|220/363|[silent]","|-damage|p1a: Venusaur|175/363|[from] move: Magma Storm|[partiallytrapped]","|turn|12","|","|move|p2a: Hephaestus|Magma Storm|p1a: Venusaur","|-supereffective|p1a: Venusaur","|-damage|p1a: Venusaur|25/363","|move|p1a: Venusaur|Synthesis|p1a: Venusaur","|-heal|p1a: Venusaur|206/363","|","|-damage|p2a: Hephaestus|145/385|[from] Leech Seed|[of] p1a: Venusaur","|-heal|p1a: Venusaur|254/363|[silent]","|-damage|p1a: Venusaur|209/363|[from] move: Magma Storm|[partiallytrapped]","|turn|13","|","|switch|p2a: Icarus 2.0|Skarmory, F|1/334","|move|p1a: Venusaur|Synthesis|p1a: Venusaur","|-heal|p1a: Venusaur|363/363","|","|turn|14","|","|move|p2a: Icarus 2.0|Brave Bird|p1a: Venusaur","|-crit|p1a: Venusaur","|-supereffective|p1a: Venusaur","|-damage|p1a: Venusaur|111/363","|-damage|p2a: Icarus 2.0|0 fnt|[from] recoil|[of] p1a: Venusaur","|faint|p2a: Icarus 2.0","|move|p1a: Venusaur|Leech Seed|p2: Icarus 2.0|[notarget]","|-notarget","|","|","|switch|p2a: Altair|Jirachi|299/341","|turn|15","|","|switch|p1a: Ferrothorn|Ferrothorn, F|345/351","|-damage|p1a: Ferrothorn|324/351|[from] Stealth Rock","|move|p2a: Altair|Iron Head|p1a: Ferrothorn","|-crit|p1a: Ferrothorn","|-resisted|p1a: Ferrothorn","|-damage|p1a: Ferrothorn|245/351","|-damage|p2a: Altair|257/341|[from] ability: Iron Barbs|[of] p1a: Ferrothorn","|","|turn|16","|","|switch|p2a: Hephaestus|Heatran, M|145/385","|-item|p2a: Hephaestus|Air Balloon","|move|p1a: Ferrothorn|Leech Seed|p2a: Hephaestus","|-start|p2a: Hephaestus|move: Leech Seed","|","|-damage|p2a: Hephaestus|97/385|[from] Leech Seed|[of] p1a: Ferrothorn","|-heal|p1a: Ferrothorn|293/351|[silent]","|turn|17","|","|move|p2a: Hephaestus|Magma Storm|p1a: Ferrothorn|[miss]","|-miss|p2a: Hephaestus|p1a: Ferrothorn","|move|p1a: Ferrothorn|Knock Off|p2a: Hephaestus","|-damage|p2a: Hephaestus|28/385","|-enditem|p2a: Hephaestus|Air Balloon","|","|-damage|p2a: Hephaestus|0 fnt|[from] Leech Seed|[of] p1a: Ferrothorn","|-heal|p1a: Ferrothorn|321/351|[silent]","|faint|p2a: Hephaestus","|","|switch|p2a: Anubis|Lucario, M|331/331","|turn|18","|","|move|p2a: Anubis|Drain Punch|p1a: Ferrothorn","|-supereffective|p1a: Ferrothorn","|-damage|p1a: Ferrothorn|21/351","|-damage|p2a: Anubis|290/331|[from] ability: Iron Barbs|[of] p1a: Ferrothorn","|move|p1a: Ferrothorn|Leech Seed|p2a: Anubis","|-start|p2a: Anubis|move: Leech Seed","|","|-damage|p2a: Anubis|249/331|[from] Leech Seed|[of] p1a: Ferrothorn","|-heal|p1a: Ferrothorn|62/351|[silent]","|turn|19","|","|switch|p1a: Victreebel|Victreebel, M|301/301","|-damage|p1a: Victreebel|264/301|[from] Stealth Rock","|move|p2a: Anubis|Drain Punch|p1a: Victreebel","|-resisted|p1a: Victreebel","|-damage|p1a: Victreebel|134/301","|-heal|p2a: Anubis|314/331|[from] drain|[of] p1a: Victreebel","|","|-damage|p2a: Anubis|273/331|[from] Leech Seed|[of] p1a: Victreebel","|-heal|p1a: Victreebel|175/301|[silent]","|turn|20","|","|move|p1a: Victreebel|Sleep Powder|p2a: Anubis","|-status|p2a: Anubis|slp","|cant|p2a: Anubis|slp","|","|-damage|p2a: Anubis|232/331 slp|[from] Leech Seed|[of] p1a: Victreebel","|-heal|p1a: Victreebel|216/301|[silent]","|turn|21","|","|move|p1a: Victreebel|Growth|p1a: Victreebel","|-boost|p1a: Victreebel|atk|1","|-boost|p1a: Victreebel|spa|1","|cant|p2a: Anubis|slp","|","|-damage|p2a: Anubis|191/331 slp|[from] Leech Seed|[of] p1a: Victreebel","|-heal|p1a: Victreebel|257/301|[silent]","|turn|22","|","|switch|p2a: Altair|Jirachi|257/341","|move|p1a: Victreebel|Giga Drain|p2a: Altair","|-resisted|p2a: Altair","|-damage|p2a: Altair|170/341","|-heal|p1a: Victreebel|301/301|[from] drain|[of] p2a: Altair","|","|turn|23","|","|move|p2a: Altair|Iron Head|p1a: Victreebel","|-crit|p1a: Victreebel","|-damage|p1a: Victreebel|34/301","|-enditem|p1a: Victreebel|Salac Berry|[eat]","|-boost|p1a: Victreebel|spe|1|[from] item: Salac Berry","|move|p1a: Victreebel|Giga Drain|p2a: Altair","|-resisted|p2a: Altair","|-damage|p2a: Altair|85/341","|-heal|p1a: Victreebel|77/301|[from] drain|[of] p2a: Altair","|","|turn|24","|","|move|p2a: Altair|Iron Head|p1a: Victreebel","|-damage|p1a: Victreebel|0 fnt","|faint|p1a: Victreebel","|","|","|switch|p1a: Breloom|Breloom, M|261/261","|-damage|p1a: Breloom|245/261|[from] Stealth Rock","|turn|25","|","|switch|p2a: Mah Butler|Empoleon, M|372/372","|move|p1a: Breloom|Swords Dance|p1a: Breloom","|-boost|p1a: Breloom|atk|2","|","|turn|26","|","|move|p1a: Breloom|Mach Punch|p2a: Mah Butler","|-supereffective|p2a: Mah Butler","|-damage|p2a: Mah Butler|0 fnt","|faint|p2a: Mah Butler","|","|","|switch|p2a: Altair|Jirachi|85/341","|turn|27","|","|move|p1a: Breloom|Mach Punch|p2a: Altair","|-damage|p2a: Altair|0 fnt","|faint|p2a: Altair","|","|","|win|Gym Ldr Mitsuka∆"],"p1rating":{"entryid":"379503","serverid":"eos","formatid":"monotype","userid":"gymldrmitsuka","username":"Gym Ldr Mitsuka∆","w":24,"l":"16","t":"0","gxe":59.2,"r":"1563.1648398293","rd":"55.125863875314","sigma":"0","rptime":"1441011600","rpr":1570.7019582814,"rprd":54.504953950405,"rpsigma":"0","acre":1244.9866644035,"lacre":1244.9866644035,"oldacre":"1229.7160518257"},"p2rating":{"entryid":"670822","serverid":"eos","formatid":"monotype","userid":"gtxwild","username":"GTX♅Wild","w":"5","l":5,"t":"0","gxe":50,"r":"1534.445811961","rd":"95.486777538612","sigma":"0","rptime":"1441011600","rpr":1499.914439727,"rprd":87.328062704192,"rpsigma":"0","acre":1072.9021334953,"lacre":1072.9021334953,"oldacre":"1086.9797862323"},"endType":"forfeit"}