{"seed":[2778,44912,35958,9120],"turns":27,"p1":"GL ♅ JGT","p2":"Gym Ldr Mitsuka∆","p1team":[{"name":"Diggersby","species":"Diggersby","item":"focussash","ability":"Huge Power","moves":["earthquake","knockoff","swordsdance","quickattack"],"nature":"Adamant","evs":{"hp":0,"atk":252,"def":0,"spa":0,"spd":0,"spe":252},"gender":"M","ivs":{"hp":31,"atk":31,"def":31,"spa":31,"spd":31,"spe":31}},{"name":"Lopunny","species":"Lopunny","item":"lopunnite","ability":"Cute Charm","moves":["fakeout","return","highjumpkick","icepunch"],"nature":"Adamant","evs":{"hp":0,"atk":252,"def":0,"spa":0,"spd":0,"spe":252},"gender":"F","ivs":{"hp":31,"atk":31,"def":31,"spa":31,"spd":31,"spe":31}},{"name":"Meloetta","species":"Meloetta","item":"choicescarf","ability":"Serene Grace","moves":["focusblast","psychic","shadowball","thunderbolt"],"nature":"Modest","evs":{"hp":0,"atk":0,"def":0,"spa":252,"spd":4,"spe":252},"ivs":{"hp":31,"atk":31,"def":31,"spa":31,"spd":31,"spe":31}},{"name":"Porygon2","species":"Porygon2","item":"eviolite","ability":"Download","moves":["triattack","icebeam","thunderwave","recover"],"nature":"Modest","evs":{"hp":248,"atk":0,"def":0,"spa":252,"spd":8,"spe":0},"ivs":{"hp":31,"atk":31,"def":31,"spa":31,"spd":31,"spe":31}},{"name":"Snorlax","species":"Snorlax","item":"leftovers","ability":"Immunity","moves":["curse","bodyslam","brickbreak","crunch"],"nature":"Adamant","evs":{"hp":80,"atk":176,"def":252,"spa":0,"spd":0,"spe":0},"gender":"M","shiny":true,"ivs":{"hp":31,"atk":31,"def":31,"spa":31,"spd":31,"spe":31}},{"name":"Staraptor","species":"Staraptor","item":"choiceband","ability":"Intimidate","moves":["closecombat","bravebird","return","uturn"],"nature":"Jolly","evs":{"hp":4,"atk":252,"def":0,"spa":0,"spd":0,"spe":252},"gender":"M","shiny":true,"ivs":{"hp":31,"atk":31,"def":31,"spa":31,"spd":31,"spe":31}}],"p2team":[{"name":"Victreebel","species":"Victreebel","item":"salacberry","ability":"Chlorophyll","moves":["suckerpunch","sleeppowder","swordsdance","leafblade"],"nature":"Jolly","evs":{"hp":4,"atk":252,"def":0,"spa":0,"spd":0,"spe":252},"ivs":{"hp":31,"atk":31,"def":31,"spa":31,"spd":31,"spe":31}},{"name":"Celebi","species":"Celebi","item":"choiceband","ability":"Natural Cure","moves":["trick","zenheadbutt","suckerpunch","uturn"],"nature":"Jolly","evs":{"hp":4,"atk":252,"def":0,"spa":0,"spd":0,"spe":252},"ivs":{"hp":31,"atk":31,"def":31,"spa":31,"spd":31,"spe":31}},{"name":"Venusaur","species":"Venusaur","item":"venusaurite","ability":"Overgrow","moves":["lightscreen","leechseed","synthesis","sludgebomb"],"nature":"Bold","evs":{"hp":252,"atk":0,"def":252,"spa":0,"spd":4,"spe":0},"ivs":{"hp":31,"atk":30,"def":31,"spa":30,"spd":31,"spe":30}},{"name":"Ferrothorn","species":"Ferrothorn","item":"occaberry","ability":"Iron Barbs","moves":["stealthrock","knockoff","leechseed","irondefense"],"nature":"Careful","evs":{"hp":248,"atk":8,"def":0,"spa":0,"spd":252,"spe":0},"ivs":{"hp":31,"atk":31,"def":31,"spa":31,"spd":31,"spe":31}},{"name":"Breloom","species":"Breloom","item":"focussash","ability":"Technician","moves":["machpunch","spore","swordsdance","rocktomb"],"nature":"Jolly","evs":{"hp":0,"atk":252,"def":0,"spa":0,"spd":4,"spe":252},"ivs":{"hp":31,"atk":31,"def":31,"spa":31,"spd":31,"spe":31}},{"name":"Serperior","species":"Serperior","item":"lifeorb","ability":"Contrary","moves":["leafstorm","hiddenpowerfire","dragonpulse","reflect"],"nature":"Timid","evs":{"hp":4,"atk":0,"def":0,"spa":252,"spd":0,"spe":252},"ivs":{"hp":31,"atk":30,"def":31,"spa":30,"spd":31,"spe":30}}],"log":["|player|p1|GL ♅ JGT|80","|player|p2|Gym Ldr Mitsuka∆|101","|gametype|singles","|gen|6","|tier|Monotype","|rated","|rule|Baton Pass Clause: Limit one Baton Passer, can't pass Spe and other stats simultaneously","|rule|Swagger Clause: Swagger is banned","|rule|Same Type Clause: Pokémon in a team must share a type","|clearpoke","|poke|p1|Diggersby, M","|poke|p1|Lopunny, F","|poke|p1|Meloetta","|poke|p1|Porygon2","|poke|p1|Snorlax, M, shiny","|poke|p1|Staraptor, M, shiny","|poke|p2|Victreebel, M","|poke|p2|Celebi","|poke|p2|Venusaur, F","|poke|p2|Ferrothorn, M","|poke|p2|Breloom, F","|poke|p2|Serperior, F","|rule|Sleep Clause Mod: Limit one foe put to sleep","|rule|Species Clause: Limit one of each Pokémon","|rule|OHKO Clause: OHKO moves are banned","|rule|Moody Clause: Moody is banned","|rule|Evasion Moves Clause: Evasion moves are banned","|rule|Endless Battle Clause: Forcing endless battles is banned","|rule|HP Percentage Mod: HP is shown in percentages","|teampreview","|","|start","|switch|p1a: Porygon2|Porygon2|373/373","|switch|p2a: Ferrothorn|Ferrothorn, M|351/351","|-boost|p1a: Porygon2|atk|1|[from] ability: Download","|turn|1","|","|move|p1a: Porygon2|Tri Attack|p2a: Ferrothorn","|-resisted|p2a: Ferrothorn","|-damage|p2a: Ferrothorn|308/351","|move|p2a: Ferrothorn|Knock Off|p1a: Porygon2","|-damage|p1a: Porygon2|322/373","|-enditem|p1a: Porygon2|Eviolite|[from] move: Knock Off|[of] p2a: Ferrothorn","|","|turn|2","|","|move|p1a: Porygon2|Tri Attack|p2a: Ferrothorn","|-resisted|p2a: Ferrothorn","|-damage|p2a: Ferrothorn|261/351","|move|p2a: Ferrothorn|Stealth Rock|p1a: Porygon2","|-sidestart|p1: GL ♅ JGT|move: Stealth Rock","|","|turn|3","|","|move|p1a: Porygon2|Ice Beam|p2a: Ferrothorn","|-damage|p2a: Ferrothorn|197/351","|move|p2a: Ferrothorn|Leech Seed|p1a: Porygon2","|-start|p1a: Porygon2|move: Leech Seed","|","|-damage|p1a: Porygon2|276/373|[from] Leech Seed|[of] p2a: Ferrothorn","|-heal|p2a: Ferrothorn|243/351|[silent]","|turn|4","|","|move|p1a: Porygon2|Ice Beam|p2a: Ferrothorn","|-damage|p2a: Ferrothorn|182/351","|-status|p2a: Ferrothorn|frz","|cant|p2a: Ferrothorn|frz","|","|-damage|p1a: Porygon2|230/373|[from] Leech Seed|[of] p2a: Ferrothorn","|-heal|p2a: Ferrothorn|228/351 frz|[silent]","|turn|5","|","|move|p1a: Porygon2|Ice Beam|p2a: Ferrothorn","|-damage|p2a: Ferrothorn|164/351 frz","|cant|p2a: Ferrothorn|frz","|","|-damage|p1a: Porygon2|184/373|[from] Leech Seed|[of] p2a: Ferrothorn","|-heal|p2a: Ferrothorn|210/351 frz|[silent]","|turn|6","|","|move|p1a: Porygon2|Ice Beam|p2a: Ferrothorn","|-damage|p2a: Ferrothorn|149/351 frz","|cant|p2a: Ferrothorn|frz","|","|-damage|p1a: Porygon2|138/373|[from] Leech Seed|[of] p2a: Ferrothorn","|-heal|p2a: Ferrothorn|195/351 frz|[silent]","|turn|7","|","|switch|p1a: Snorlax|Snorlax, M, shiny|481/481","|-damage|p1a: Snorlax|421/481|[from] Stealth Rock","|cant|p2a: Ferrothorn|frz","|","|-heal|p1a: Snorlax|451/481|[from] item: Leftovers","|turn|8","|","|move|p1a: Snorlax|Curse|p1a: Snorlax","|-unboost|p1a: Snorlax|spe|1","|-boost|p1a: Snorlax|atk|1","|-boost|p1a: Snorlax|def|1","|cant|p2a: Ferrothorn|frz","|","|-heal|p1a: Snorlax|481/481|[from] item: Leftovers","|turn|9","|","|switch|p2a: Serperior|Serperior, F|292/292","|move|p1a: Snorlax|Brick Break|p2a: Serperior","|-crit|p2a: Serperior","|-damage|p2a: Serperior|97/292","|","|turn|10","|","|move|p2a: Serperior|Leaf Storm|p1a: Snorlax","|-damage|p1a: Snorlax|286/481","|-boost|p2a: Serperior|spa|2","|-damage|p2a: Serperior|68/292|[from] item: Life Orb","|move|p1a: Snorlax|Body Slam|p2a: Serperior","|-damage|p2a: Serperior|0 fnt","|faint|p2a: Serperior","|","|-heal|p1a: Snorlax|316/481|[from] item: Leftovers","|","|switch|p2a: Venusaur|Venusaur, F|364/364","|turn|11","|","|detailschange|p2a: Venusaur|Venusaur-Mega, F","|-mega|p2a: Venusaur|Venusaur|Venusaurite","|move|p2a: Venusaur|Sludge Bomb|p1a: Snorlax","|-damage|p1a: Snorlax|207/481","|move|p1a: Snorlax|Body Slam|p2a: Venusaur","|-damage|p2a: Venusaur|243/364","|-status|p2a: Venusaur|par","|","|-heal|p1a: Snorlax|237/481|[from] item: Leftovers","|turn|12","|","|move|p1a: Snorlax|Body Slam|p2a: Venusaur","|-damage|p2a: Venusaur|105/364 par","|move|p2a: Venusaur|Leech Seed|p1a: Snorlax","|-start|p1a: Snorlax|move: Leech Seed","|","|-heal|p1a: Snorlax|267/481|[from] item: Leftovers","|-damage|p1a: Snorlax|207/481|[from] Leech Seed|[of] p2a: Venusaur","|-heal|p2a: Venusaur|165/364 par|[silent]","|turn|13","|","|switch|p2a: Ferrothorn|Ferrothorn, M|195/351 frz","|move|p1a: Snorlax|Body Slam|p2a: Ferrothorn","|-resisted|p2a: Ferrothorn","|-damage|p2a: Ferrothorn|119/351 frz","|-damage|p1a: Snorlax|147/481|[from] ability: Iron Barbs|[of] p2a: Ferrothorn","|","|-heal|p1a: Snorlax|177/481|[from] item: Leftovers","|-damage|p1a: Snorlax|117/481|[from] Leech Seed|[of] p2a: Ferrothorn","|-heal|p2a: Ferrothorn|179/351 frz|[silent]","|turn|14","|","|cant|p2a: Ferrothorn|frz","|move|p1a: Snorlax|Brick Break|p2a: Ferrothorn","|-supereffective|p2a: Ferrothorn","|-damage|p2a: Ferrothorn|0 fnt","|-damage|p1a: Snorlax|57/481|[from] ability: Iron Barbs|[of] p2a: Ferrothorn","|faint|p2a: Ferrothorn","|","|-heal|p1a: Snorlax|87/481|[from] item: Leftovers","|","|switch|p2a: Victreebel|Victreebel, M|302/302","|turn|15","|","|move|p2a: Victreebel|Leaf Blade|p1a: Snorlax","|-damage|p1a: Snorlax|0 fnt","|faint|p1a: Snorlax","|","|","|switch|p1a: Lopunny|Lopunny, F|271/271","|-damage|p1a: Lopunny|238/271|[from] Stealth Rock","|turn|16","|","|switch|p2a: Venusaur|Venusaur-Mega, F|165/364 par","|detailschange|p1a: Lopunny|Lopunny-Mega, F","|-mega|p1a: Lopunny|Lopunny|Lopunnite","|move|p1a: Lopunny|Fake Out|p2a: Venusaur","|-damage|p2a: Venusaur|113/364 par","|","|turn|17","|","|move|p1a: Lopunny|Return|p2a: Venusaur","|-damage|p2a: Venusaur|0 fnt","|faint|p2a: Venusaur","|","|","|switch|p2a: Celebi|Celebi|342/342","|turn|18","|","|move|p1a: Lopunny|Return|p2a: Celebi","|-damage|p2a: Celebi|129/342","|move|p2a: Celebi|Zen Headbutt|p1a: Lopunny","|-supereffective|p1a: Lopunny","|-damage|p1a: Lopunny|0 fnt","|faint|p1a: Lopunny","|","|","|switch|p1a: Meloetta|Meloetta|341/341","|-damage|p1a: Meloetta|299/341|[from] Stealth Rock","|turn|19","|","|move|p1a: Meloetta|Shadow Ball|p2a: Celebi","|-supereffective|p2a: Celebi","|-damage|p2a: Celebi|0 fnt","|faint|p2a: Celebi","|","|","|switch|p2a: Victreebel|Victreebel, M|302/302","|turn|20","|","|switch|p1a: Porygon2|Porygon2|138/373","|-damage|p1a: Porygon2|92/373|[from] Stealth Rock","|-boost|p1a: Porygon2|atk|1|[from] ability: Download","|move|p2a: Victreebel|Sleep Powder|p1a: Porygon2|[miss]","|-miss|p2a: Victreebel|p1a: Porygon2","|","|turn|21","|","|move|p2a: Victreebel|Leaf Blade|p1a: Porygon2","|-damage|p1a: Porygon2|0 fnt","|faint|p1a: Porygon2","|","|","|switch|p1a: Staraptor|Staraptor, M, shiny|312/312","|-damage|p1a: Staraptor|234/312|[from] Stealth Rock","|-ability|p1a: Staraptor|Intimidate","|-unboost|p2a: Victreebel|atk|1","|turn|22","|","|move|p2a: Victreebel|Sucker Punch|p1a: Staraptor","|-damage|p1a: Staraptor|164/312","|move|p1a: Staraptor|Brave Bird|p2a: Victreebel","|-supereffective|p2a: Victreebel","|-damage|p2a: Victreebel|0 fnt","|-damage|p1a: Staraptor|64/312|[from] recoil|[of] p2a: Victreebel","|faint|p2a: Victreebel","|","|","|switch|p2a: Breloom|Breloom, F|261/261","|turn|23","|","|move|p2a: Breloom|Mach Punch|p1a: Staraptor","|-damage|p1a: Staraptor|0 fnt","|faint|p1a: Staraptor","|","|","|switch|p1a: Meloetta|Meloetta|299/341","|-damage|p1a: Meloetta|257/341|[from] Stealth Rock","|turn|24","|","|move|p1a: Meloetta|Psychic|p2a: Breloom","|-supereffective|p2a: Breloom","|-enditem|p2a: Breloom|Focus Sash","|-damage|p2a: Breloom|1/261","|move|p2a: Breloom|Spore|p1a: Meloetta","|-status|p1a: Meloetta|slp","|","|turn|25","|","|switch|p1a: Diggersby|Diggersby, M|311/311","|-damage|p1a: Diggersby|292/311|[from] Stealth Rock","|move|p2a: Breloom|Swords Dance|p2a: Breloom","|-boost|p2a: Breloom|atk|2","|","|turn|26","|","|move|p2a: Breloom|Mach Punch|p1a: Diggersby","|-supereffective|p1a: Diggersby","|-damage|p1a: Diggersby|0 fnt","|faint|p1a: Diggersby","|","|","|switch|p1a: Meloetta|Meloetta|257/341 slp","|-damage|p1a: Meloetta|215/341 slp|[from] Stealth Rock","|turn|27","|","|move|p2a: Breloom|Mach Punch|p1a: Meloetta","|-damage|p1a: Meloetta|0 fnt","|faint|p1a: Meloetta","|","|win|Gym Ldr Mitsuka∆"],"p1rating":{"entryid":"30716","serverid":"eos","formatid":"monotype","userid":"gljgt","username":"GL ♅ JGT","w":"11","l":10,"t":"0","gxe":52.2,"r":"1531.6670966858","rd":"74.248317967242","sigma":"0","rptime":"1440925200","rpr":1517.059293328,"rprd":69.949125820169,"rpsigma":"0","acre":1076.0047409485,"lacre":1076.0047409485,"oldacre":"1090.1592426265"},"p2rating":{"entryid":"379503","serverid":"eos","formatid":"monotype","userid":"gymldrmitsuka","username":"Gym Ldr Mitsuka∆","w":22,"l":"15","t":"0","gxe":58.5,"r":"1531.9296857341","rd":"60.952421258774","sigma":"0","rptime":"1440925200","rpr":1565.1840217609,"rprd":56.426712493298,"rpsigma":"0","acre":1251.6869252334,"lacre":1251.6869252334,"oldacre":"1236.6442347517"},"endType":"normal"}