{"seed":[52944,16506,32228,350],"turns":18,"p1":"c34","p2":"GTX♅Bzumzum","p1team":[{"name":"Abomasnow","species":"Abomasnow","item":"abomasite","ability":"Snow Warning","moves":["blizzard","gigadrain","focusblast","leechseed"],"nature":"Modest","evs":{"hp":252,"atk":0,"def":0,"spa":252,"spd":4,"spe":0},"ivs":{"hp":31,"atk":31,"def":31,"spa":31,"spd":31,"spe":31}},{"name":"Glaceon","species":"Glaceon","item":"choicescarf","ability":"Snow Cloak","moves":["blizzard","shadowball","hiddenpowerfighting","signalbeam"],"nature":"Timid","evs":{"hp":0,"atk":0,"def":0,"spa":252,"spd":0,"spe":252},"ivs":{"hp":31,"atk":31,"def":30,"spa":30,"spd":30,"spe":30}},{"name":"Cryogonal","species":"Cryogonal","item":"lightclay","ability":"Levitate","moves":["rapidspin","lightscreen","reflect","icebeam"],"nature":"Timid","evs":{"hp":252,"atk":0,"def":0,"spa":4,"spd":0,"spe":252},"ivs":{"hp":31,"atk":31,"def":31,"spa":31,"spd":31,"spe":31}},{"name":"Walrein","species":"Walrein","item":"leftovers","ability":"Ice Body","moves":["substitute","toxic","avalanche","aquaring"],"nature":"Careful","evs":{"hp":248,"atk":8,"def":0,"spa":0,"spd":252,"spe":0},"ivs":{"hp":31,"atk":31,"def":31,"spa":31,"spd":31,"spe":31}},{"name":"Weavile","species":"Weavile","item":"lifeorb","ability":"Pressure","moves":["icepunch","iceshard","knockoff","lowkick"],"nature":"Jolly","evs":{"hp":4,"atk":252,"def":0,"spa":0,"spd":0,"spe":252},"ivs":{"hp":31,"atk":31,"def":31,"spa":31,"spd":31,"spe":31}},{"name":"Froslass","species":"Froslass","item":"icyrock","ability":"Snow Cloak","moves":["hail","destinybond","icebeam","shadowball"],"nature":"Timid","evs":{"hp":4,"atk":0,"def":0,"spa":252,"spd":0,"spe":252},"ivs":{"hp":31,"atk":31,"def":31,"spa":31,"spd":31,"spe":31}}],"p2team":[{"name":"Elec","species":"manectric","item":"manectite","ability":"Lightning Rod","moves":["thunderbolt","hiddenpowerice","voltswitch","overheat"],"nature":"Timid","evs":{"hp":0,"atk":0,"def":0,"spa":252,"spd":4,"spe":252},"gender":"M","ivs":{"hp":31,"atk":30,"def":30,"spa":31,"spd":31,"spe":31}},{"name":"Water-Safe","species":"rotomwash","item":"lumberry","ability":"Levitate","moves":["hydropump","toxic","willowisp","rest"],"nature":"Calm","evs":{"hp":248,"atk":0,"def":0,"spa":8,"spd":252,"spe":0},"shiny":true,"ivs":{"hp":31,"atk":31,"def":31,"spa":31,"spd":31,"spe":31}},{"name":"MY ZONE!!!","species":"magnezone","item":"choicespecs","ability":"Sturdy","moves":["hiddenpowerice","flashcannon","triattack","signalbeam"],"nature":"Modest","evs":{"hp":248,"atk":0,"def":0,"spa":252,"spd":8,"spe":0},"ivs":{"hp":31,"atk":30,"def":30,"spa":31,"spd":31,"spe":31},"shiny":true},{"name":"Genius","species":"thundurus","item":"focussash","ability":"Prankster","moves":["taunt","grassknot","focusblast","nastyplot"],"nature":"Timid","evs":{"hp":0,"atk":0,"def":0,"spa":252,"spd":4,"spe":252},"shiny":true,"ivs":{"hp":31,"atk":31,"def":31,"spa":31,"spd":31,"spe":31}},{"name":"Zapz","species":"zapdos","item":"leftovers","ability":"Pressure","moves":["heatwave","roost","extrasensory","defog"],"nature":"Modest","evs":{"hp":252,"atk":0,"def":0,"spa":252,"spd":4,"spe":0},"shiny":true,"ivs":{"hp":31,"atk":31,"def":31,"spa":31,"spd":31,"spe":31}},{"name":"Plugg-in Failure","species":"electivire","item":"choicescarf","ability":"Motor Drive","moves":["crosschop","earthquake","icepunch","rockslide"],"nature":"Adamant","evs":{"hp":0,"atk":252,"def":0,"spa":0,"spd":4,"spe":252},"gender":"M","shiny":true,"ivs":{"hp":31,"atk":31,"def":31,"spa":31,"spd":31,"spe":31}}],"log":["|player|p1|c34|144","|player|p2|GTX♅Bzumzum|225","|gametype|singles","|gen|6","|tier|Monotype","|rated","|rule|Baton Pass Clause: Limit one Baton Passer, can't pass Spe and other stats simultaneously","|rule|Swagger Clause: Swagger is banned","|rule|Same Type Clause: Pokémon in a team must share a type","|clearpoke","|poke|p1|Abomasnow, F","|poke|p1|Glaceon, M","|poke|p1|Cryogonal","|poke|p1|Walrein, M","|poke|p1|Weavile, F","|poke|p1|Froslass, F","|poke|p2|Manectric, M","|poke|p2|Rotom-Wash, shiny","|poke|p2|Magnezone, shiny","|poke|p2|Thundurus, M, shiny","|poke|p2|Zapdos, shiny","|poke|p2|Electivire, M, shiny","|rule|Sleep Clause Mod: Limit one foe put to sleep","|rule|Species Clause: Limit one of each Pokémon","|rule|OHKO Clause: OHKO moves are banned","|rule|Moody Clause: Moody is banned","|rule|Evasion Moves Clause: Evasion moves are banned","|rule|Endless Battle Clause: Forcing endless battles is banned","|rule|HP Percentage Mod: HP is shown in percentages","|teampreview","|","|start","|switch|p1a: Abomasnow|Abomasnow, F|384/384","|switch|p2a: Plugg-in Failure|Electivire, M, shiny|291/291","|-weather|Hail","|turn|1","|","|detailschange|p1a: Abomasnow|Abomasnow-Mega, F","|-mega|p1a: Abomasnow|Abomasnow|Abomasite","|move|p2a: Plugg-in Failure|Cross Chop|p1a: Abomasnow","|-supereffective|p1a: Abomasnow","|-damage|p1a: Abomasnow|126/384","|move|p1a: Abomasnow|Blizzard|p2a: Plugg-in Failure","|-damage|p2a: Plugg-in Failure|44/291","|-status|p2a: Plugg-in Failure|frz","|","|-weather|Hail|[upkeep]","|-damage|p2a: Plugg-in Failure|26/291 frz|[from] hail","|turn|2","|","|switch|p2a: Water-Safe|Rotom-Wash, shiny|303/303","|move|p1a: Abomasnow|Giga Drain|p2a: Water-Safe","|-supereffective|p2a: Water-Safe","|-damage|p2a: Water-Safe|103/303","|-heal|p1a: Abomasnow|226/384|[from] drain|[of] p2a: Water-Safe","|","|-weather|Hail|[upkeep]","|-damage|p2a: Water-Safe|85/303|[from] hail","|turn|3","|","|switch|p2a: Plugg-in Failure|Electivire, M, shiny|26/291 frz","|move|p1a: Abomasnow|Giga Drain|p2a: Plugg-in Failure","|-damage|p2a: Plugg-in Failure|0 fnt","|-heal|p1a: Abomasnow|239/384|[from] drain|[of] p2a: Plugg-in Failure","|faint|p2a: Plugg-in Failure","|","|-weather|Hail|[upkeep]","|","|switch|p2a: Zapz|Zapdos, shiny|384/384","|-ability|p2a: Zapz|Pressure","|turn|4","|","|switch|p1a: Cryogonal|Cryogonal|344/344","|move|p2a: Zapz|Heat Wave|p1a: Cryogonal","|-supereffective|p1a: Cryogonal","|-damage|p1a: Cryogonal|152/344","|","|-weather|Hail|[upkeep]","|-damage|p2a: Zapz|360/384|[from] hail","|-heal|p2a: Zapz|384/384|[from] item: Leftovers","|turn|5","|","|switch|p2a: Water-Safe|Rotom-Wash, shiny|85/303","|move|p1a: Cryogonal|Light Screen|p1a: Cryogonal","|-sidestart|p1: c34|move: Light Screen","|","|-weather|none","|turn|6","|","|move|p1a: Cryogonal|Reflect|p1a: Cryogonal","|-sidestart|p1: c34|Reflect","|move|p2a: Water-Safe|Will-O-Wisp|p1a: Cryogonal","|-status|p1a: Cryogonal|brn","|","|-damage|p1a: Cryogonal|109/344 brn|[from] brn","|turn|7","|","|move|p1a: Cryogonal|Ice Beam|p2a: Water-Safe","|-resisted|p2a: Water-Safe","|-damage|p2a: Water-Safe|47/303","|-status|p2a: Water-Safe|frz","|-enditem|p2a: Water-Safe|Lum Berry|[eat]","|-curestatus|p2a: Water-Safe|frz","|move|p2a: Water-Safe|Rest|p2a: Water-Safe","|-status|p2a: Water-Safe|slp","|-heal|p2a: Water-Safe|303/303 slp|[silent]","|-status|p2a: Water-Safe|slp|[from] move: Rest","|","|-damage|p1a: Cryogonal|66/344 brn|[from] brn","|turn|8","|","|switch|p1a: Abomasnow|Abomasnow-Mega, F|239/384","|-weather|Hail","|cant|p2a: Water-Safe|slp","|","|-weather|Hail|[upkeep]","|-damage|p2a: Water-Safe|285/303 slp|[from] hail","|turn|9","|","|switch|p2a: Zapz|Zapdos, shiny|384/384","|-ability|p2a: Zapz|Pressure","|move|p1a: Abomasnow|Blizzard|p2a: Zapz","|-supereffective|p2a: Zapz","|-damage|p2a: Zapz|0 fnt","|faint|p2a: Zapz","|","|-weather|Hail|[upkeep]","|","|switch|p2a: MY ZONE!!!|Magnezone, shiny|343/343","|turn|10","|","|move|p2a: MY ZONE!!!|Flash Cannon|p1a: Abomasnow","|-supereffective|p1a: Abomasnow","|-damage|p1a: Abomasnow|7/384","|move|p1a: Abomasnow|Focus Blast|p2a: MY ZONE!!!","|-supereffective|p2a: MY ZONE!!!","|-activate|p2a: MY ZONE!!!|Sturdy","|-damage|p2a: MY ZONE!!!|1/343","|","|-weather|Hail|[upkeep]","|-damage|p2a: MY ZONE!!!|0 fnt|[from] hail","|faint|p2a: MY ZONE!!!","|","|switch|p2a: Elec|Manectric, M|281/281","|turn|11","|","|switch|p1a: Cryogonal|Cryogonal|66/344 brn","|detailschange|p2a: Elec|Manectric-Mega, M","|-mega|p2a: Elec|Manectric|Manectite","|-ability|p2a: Elec|Intimidate","|-unboost|p1a: Cryogonal|atk|1","|move|p2a: Elec|Volt Switch|p1a: Cryogonal","|-damage|p1a: Cryogonal|17/344 brn","|","|switch|p2a: Water-Safe|Rotom-Wash, shiny|285/303 slp","|","|-weather|Hail|[upkeep]","|-damage|p2a: Water-Safe|267/303 slp|[from] hail","|-damage|p1a: Cryogonal|0 fnt|[from] brn","|faint|p1a: Cryogonal","|","|switch|p1a: Abomasnow|Abomasnow-Mega, F|7/384","|turn|12","|player|p1","|player|p1|c34|144","|","|cant|p2a: Water-Safe|slp","|move|p1a: Abomasnow|Giga Drain|p2a: Water-Safe","|-supereffective|p2a: Water-Safe","|-damage|p2a: Water-Safe|51/303 slp","|-heal|p1a: Abomasnow|115/384|[from] drain|[of] p2a: Water-Safe","|","|-weather|none","|-sideend|p1: c34|move: Light Screen","|turn|13","|","|-curestatus|p2a: Water-Safe|slp","|move|p2a: Water-Safe|Toxic|p1a: Abomasnow","|-status|p1a: Abomasnow|tox","|move|p1a: Abomasnow|Giga Drain|p2a: Water-Safe","|-supereffective|p2a: Water-Safe","|-damage|p2a: Water-Safe|0 fnt","|-heal|p1a: Abomasnow|141/384 tox|[from] drain|[of] p2a: Water-Safe","|faint|p2a: Water-Safe","|","|-damage|p1a: Abomasnow|117/384 tox|[from] psn","|-sideend|p1: c34|Reflect","|","|switch|p2a: Elec|Manectric-Mega, M|281/281","|-ability|p2a: Elec|Intimidate","|-unboost|p1a: Abomasnow|atk|1","|turn|14","|","|switch|p1a: Walrein|Walrein, M|423/423","|move|p2a: Elec|Thunderbolt|p1a: Walrein","|-supereffective|p1a: Walrein","|-damage|p1a: Walrein|181/423","|","|-heal|p1a: Walrein|207/423|[from] item: Leftovers","|turn|15","|","|move|p2a: Elec|Volt Switch|p1a: Walrein","|-supereffective|p1a: Walrein","|-damage|p1a: Walrein|0 fnt","|faint|p1a: Walrein","|","|switch|p2a: Genius|Thundurus, M, shiny|299/299","|","|","|switch|p1a: Abomasnow|Abomasnow-Mega, F|117/384 tox","|-weather|Hail","|turn|16","|","|move|p2a: Genius|Focus Blast|p1a: Abomasnow|[miss]","|-miss|p2a: Genius|p1a: Abomasnow","|move|p1a: Abomasnow|Blizzard|p2a: Genius","|-supereffective|p2a: Genius","|-enditem|p2a: Genius|Focus Sash","|-damage|p2a: Genius|1/299","|","|-weather|Hail|[upkeep]","|-damage|p2a: Genius|0 fnt|[from] hail","|-damage|p1a: Abomasnow|93/384 tox|[from] psn","|faint|p2a: Genius","|","|switch|p2a: Elec|Manectric-Mega, M|281/281","|-ability|p2a: Elec|Intimidate","|-unboost|p1a: Abomasnow|atk|1","|turn|17","|","|move|p2a: Elec|Hidden Power|p1a: Abomasnow","|-damage|p1a: Abomasnow|23/384 tox","|move|p1a: Abomasnow|Giga Drain|p2a: Elec","|-crit|p2a: Elec","|-damage|p2a: Elec|25/281","|-heal|p1a: Abomasnow|151/384 tox|[from] drain|[of] p2a: Elec","|","|-weather|Hail|[upkeep]","|-damage|p2a: Elec|8/281|[from] hail","|-damage|p1a: Abomasnow|103/384 tox|[from] psn","|turn|18","|","|win|c34"],"p1rating":{"entryid":"6574406","serverid":"eos","formatid":"monotype","userid":"c34","username":"c34","w":9,"l":"4","t":"0","gxe":59.2,"r":"1590.5727658259","rd":"88.189350745294","sigma":"0","rptime":"1438419600","rpr":1571.7659097372,"rprd":84.445117747149,"rpsigma":"0","acre":1127.6344888404,"lacre":1127.6344888404,"oldacre":"1109.6512506645"},"p2rating":{"entryid":"6857825","serverid":"eos","formatid":"monotype","userid":"gtxbzumzum","username":"GTX♅Bzumzum","w":"18","l":71,"t":"0","gxe":22.2,"r":"1269.777413575","rd":"42.18793743722","sigma":"0","rptime":"1438419600","rpr":1262.1544630539,"rprd":41.502667195254,"rpsigma":"0","acre":1001.2347776515,"lacre":1001.2347776515,"oldacre":"1009.4474470664"},"endType":"forfeit"}