{"seed":[3874,28769,32761,43950],"turns":24,"p1":"Champion Stormvy","p2":"R06L29A01","p1team":[{"name":"Djinn","species":"hoopaunbound","item":"choicescarf","ability":"Magician","moves":["hyperspacefury","zenheadbutt","gunkshot","firepunch"],"nature":"Jolly","evs":{"hp":0,"atk":252,"def":4,"spa":0,"spd":0,"spe":252},"ivs":{"hp":31,"atk":31,"def":31,"spa":31,"spd":31,"spe":31}},{"name":"Princess Shuushuu","species":"gardevoir","item":"gardevoirite","ability":"Trace","moves":["hypervoice","focusblast","psyshock","shadowball"],"nature":"Timid","evs":{"hp":0,"atk":0,"def":4,"spa":252,"spd":0,"spe":252},"ivs":{"hp":31,"atk":31,"def":31,"spa":31,"spd":31,"spe":31}},{"name":"Hinata","species":"victini","item":"choicescarf","ability":"Victory Star","moves":["vcreate","boltstrike","zenheadbutt","uturn"],"nature":"Jolly","evs":{"hp":4,"atk":252,"def":0,"spa":0,"spd":0,"spe":252},"ivs":{"hp":31,"atk":31,"def":31,"spa":31,"spd":31,"spe":31}},{"name":"Ruri","species":"meloetta","item":"leftovers","ability":"Serene Grace","moves":["thunderwave","psyshock","hypervoice","focusblast"],"nature":"Modest","evs":{"hp":0,"atk":0,"def":4,"spa":252,"spd":252,"spe":0},"ivs":{"hp":31,"atk":31,"def":31,"spa":31,"spd":31,"spe":31}},{"name":"Kizuna","species":"mew","item":"leftovers","ability":"Synchronize","moves":["stealthrock","defog","willowisp","roost"],"nature":"Careful","evs":{"hp":32,"atk":0,"def":236,"spa":0,"spd":240,"spe":0},"shiny":true,"ivs":{"hp":31,"atk":31,"def":31,"spa":31,"spd":31,"spe":31}},{"name":"Noro","species":"slowbro","item":"leftovers","ability":"Regenerator","moves":["scald","psychic","grassknot","slackoff"],"nature":"Bold","evs":{"hp":0,"atk":0,"def":252,"spa":252,"spd":4,"spe":0},"shiny":true,"ivs":{"hp":31,"atk":31,"def":31,"spa":31,"spd":31,"spe":31}}],"p2team":[{"name":"Druddigon","species":"Druddigon","item":"focussash","ability":"Rough Skin","moves":["glare","dragontail","earthquake","stealthrock"],"nature":"Adamant","evs":{"hp":248,"atk":252,"def":0,"spa":0,"spd":8,"spe":0},"shiny":true,"ivs":{"hp":31,"atk":31,"def":31,"spa":31,"spd":31,"spe":31}},{"name":"Dragonite","species":"Dragonite","item":"weaknesspolicy","ability":"Multiscale","moves":["extremespeed","dragondance","dragonclaw","earthquake"],"nature":"Adamant","evs":{"hp":0,"atk":252,"def":0,"spa":0,"spd":4,"spe":252},"ivs":{"hp":31,"atk":31,"def":31,"spa":31,"spd":31,"spe":31}},{"name":"Goodra","species":"Goodra","item":"assaultvest","ability":"Gooey","moves":["dragonpulse","icebeam","flamethrower","sludgebomb"],"nature":"Modest","evs":{"hp":248,"atk":0,"def":0,"spa":252,"spd":8,"spe":0},"shiny":true,"ivs":{"hp":31,"atk":31,"def":31,"spa":31,"spd":31,"spe":31}},{"name":"Latias","species":"Latias","item":"latiasite","ability":"Levitate","moves":["thunderbolt","recover","dragonpulse","surf"],"nature":"Modest","evs":{"hp":248,"atk":0,"def":0,"spa":252,"spd":8,"spe":0},"shiny":true,"ivs":{"hp":31,"atk":31,"def":31,"spa":31,"spd":31,"spe":31}},{"name":"Garchomp","species":"Garchomp","item":"focussash","ability":"Rough Skin","moves":["dragonclaw","swordsdance","earthquake","firefang"],"nature":"Jolly","evs":{"hp":0,"atk":252,"def":0,"spa":0,"spd":4,"spe":252},"shiny":true,"ivs":{"hp":31,"atk":31,"def":31,"spa":31,"spd":31,"spe":31}},{"name":"Salamence","species":"Salamence","item":"lifeorb","ability":"Moxie","moves":["dragontail","irontail","firefang","outrage"],"nature":"Jolly","evs":{"hp":0,"atk":252,"def":0,"spa":0,"spd":4,"spe":252},"shiny":true,"ivs":{"hp":31,"atk":31,"def":31,"spa":31,"spd":31,"spe":31}}],"log":["|player|p1|Champion Stormvy|championstormvy.png","|player|p2|R06L29A01|209","|gametype|singles","|gen|6","|tier|Monotype","|rated","|rule|Baton Pass Clause: Limit one Baton Passer, can't pass Spe and other stats simultaneously","|rule|Swagger Clause: Swagger is banned","|rule|Same Type Clause: Pokémon in a team must share a type","|clearpoke","|poke|p1|Hoopa-Unbound","|poke|p1|Gardevoir, M","|poke|p1|Victini","|poke|p1|Meloetta","|poke|p1|Mew, shiny","|poke|p1|Slowbro, F, shiny","|poke|p2|Druddigon, F, shiny","|poke|p2|Dragonite, F","|poke|p2|Goodra, M, shiny","|poke|p2|Latias, F, shiny","|poke|p2|Garchomp, F, shiny","|poke|p2|Salamence, F, shiny","|rule|Sleep Clause Mod: Limit one foe put to sleep","|rule|Species Clause: Limit one of each Pokémon","|rule|OHKO Clause: OHKO moves are banned","|rule|Moody Clause: Moody is banned","|rule|Evasion Moves Clause: Evasion moves are banned","|rule|Endless Battle Clause: Forcing endless battles is banned","|rule|HP Percentage Mod: HP is shown in percentages","|teampreview","|","|start","|switch|p1a: Hinata|Victini|342/342","|switch|p2a: Druddigon|Druddigon, F, shiny|357/357","|turn|1","|","|move|p1a: Hinata|U-turn|p2a: Druddigon","|-damage|p2a: Druddigon|279/357","|-damage|p1a: Hinata|300/342|[from] ability: Rough Skin|[of] p2a: Druddigon","|","|switch|p1a: Kizuna|Mew, shiny|349/349","|move|p2a: Druddigon|Glare|p1a: Kizuna","|-status|p1a: Kizuna|par","|-status|p2a: Druddigon|par","|","|turn|2","|","|move|p1a: Kizuna|Stealth Rock|p2a: Druddigon","|-sidestart|p2: R06L29A01|move: Stealth Rock","|move|p2a: Druddigon|Stealth Rock|p1a: Kizuna","|-sidestart|p1: Champion Stormvy|move: Stealth Rock","|","|turn|3","|","|switch|p1a: Princess Shuushuu|Gardevoir, M|277/277","|-damage|p1a: Princess Shuushuu|243/277|[from] Stealth Rock","|-ability|p1a: Princess Shuushuu|Rough Skin|[from] ability: Trace|[of] p2a: Druddigon","|cant|p2a: Druddigon|par","|","|turn|4","|","|detailschange|p1a: Princess Shuushuu|Gardevoir-Mega, M","|-mega|p1a: Princess Shuushuu|Gardevoir|Gardevoirite","|move|p1a: Princess Shuushuu|Hyper Voice|p2a: Druddigon","|-supereffective|p2a: Druddigon","|-damage|p2a: Druddigon|0 fnt","|faint|p2a: Druddigon","|","|","|switch|p2a: Goodra|Goodra, M, shiny|383/383","|-damage|p2a: Goodra|336/383|[from] Stealth Rock","|turn|5","|","|switch|p1a: Kizuna|Mew, shiny|349/349 par","|-damage|p1a: Kizuna|306/349 par|[from] Stealth Rock","|move|p2a: Goodra|Sludge Bomb|p1a: Kizuna","|-damage|p1a: Kizuna|231/349 par","|","|-heal|p1a: Kizuna|252/349 par|[from] item: Leftovers","|turn|6","|","|switch|p2a: Garchomp|Garchomp, F, shiny|357/357","|-damage|p2a: Garchomp|335/357|[from] Stealth Rock","|move|p1a: Kizuna|Defog|p2a: Garchomp","|-unboost|p2a: Garchomp|evasion|1","|-sideend|p2: R06L29A01|Stealth Rock|[from] move: Defog|[of] p2a: Garchomp","|-sideend|p1: Champion Stormvy|Stealth Rock|[from] move: Defog|[of] p1a: Kizuna","|","|-heal|p1a: Kizuna|273/349 par|[from] item: Leftovers","|turn|7","|","|switch|p1a: Noro|Slowbro, F, shiny|331/331","|move|p2a: Garchomp|Swords Dance|p2a: Garchomp","|-boost|p2a: Garchomp|atk|2","|","|turn|8","|","|move|p2a: Garchomp|Dragon Claw|p1a: Noro","|-damage|p1a: Noro|138/331","|move|p1a: Noro|Scald|p2a: Garchomp","|-damage|p2a: Garchomp|206/357","|","|-heal|p1a: Noro|158/331|[from] item: Leftovers","|turn|9","|","|switch|p1a: Princess Shuushuu|Gardevoir-Mega, M|243/277","|move|p2a: Garchomp|Dragon Claw|p1a: Princess Shuushuu","|-immune|p1a: Princess Shuushuu|[msg]","|","|turn|10","|","|switch|p1a: Djinn|Hoopa-Unbound|301/301","|move|p2a: Garchomp|Earthquake|p1a: Djinn","|-damage|p1a: Djinn|0 fnt","|faint|p1a: Djinn","|","|","|switch|p1a: Noro|Slowbro, F, shiny|268/331","|turn|11","|","|move|p2a: Garchomp|Earthquake|p1a: Noro","|-crit|p1a: Noro","|-damage|p1a: Noro|0 fnt","|faint|p1a: Noro","|","|","|switch|p1a: Kizuna|Mew, shiny|273/349 par","|turn|12","|","|move|p2a: Garchomp|Earthquake|p1a: Kizuna","|-damage|p1a: Kizuna|11/349 par","|move|p1a: Kizuna|Will-O-Wisp|p2a: Garchomp","|-status|p2a: Garchomp|brn","|","|-heal|p1a: Kizuna|32/349 par|[from] item: Leftovers","|-damage|p2a: Garchomp|162/357 brn|[from] brn","|turn|13","|","|move|p2a: Garchomp|Earthquake|p1a: Kizuna","|-damage|p1a: Kizuna|0 fnt","|faint|p1a: Kizuna","|","|-damage|p2a: Garchomp|118/357 brn|[from] brn","|","|switch|p1a: Ruri|Meloetta|341/341","|turn|14","|","|move|p2a: Garchomp|Earthquake|p1a: Ruri","|-damage|p1a: Ruri|109/341","|move|p1a: Ruri|Hyper Voice|p2a: Garchomp","|-damage|p2a: Garchomp|0 fnt","|faint|p2a: Garchomp","|","|-heal|p1a: Ruri|130/341|[from] item: Leftovers","|","|switch|p2a: Latias|Latias, F, shiny|363/363","|turn|15","|","|switch|p1a: Hinata|Victini|300/342","|detailschange|p2a: Latias|Latias-Mega, F, shiny","|-mega|p2a: Latias|Latias|Latiasite","|move|p2a: Latias|Thunderbolt|p1a: Hinata","|-damage|p1a: Hinata|165/342","|","|turn|16","|","|move|p1a: Hinata|U-turn|p2a: Latias","|-supereffective|p2a: Latias","|-damage|p2a: Latias|243/363","|","|switch|p1a: Princess Shuushuu|Gardevoir-Mega, M|243/277","|move|p2a: Latias|Surf|p1a: Princess Shuushuu","|-crit|p1a: Princess Shuushuu","|-damage|p1a: Princess Shuushuu|98/277","|","|turn|17","|","|move|p1a: Princess Shuushuu|Hyper Voice|p2a: Latias","|-crit|p2a: Latias","|-supereffective|p2a: Latias","|-damage|p2a: Latias|0 fnt","|faint|p2a: Latias","|","|","|switch|p2a: Goodra|Goodra, M, shiny|336/383","|turn|18","|","|move|p1a: Princess Shuushuu|Hyper Voice|p2a: Goodra","|-supereffective|p2a: Goodra","|-damage|p2a: Goodra|120/383","|move|p2a: Goodra|Sludge Bomb|p1a: Princess Shuushuu","|-supereffective|p1a: Princess Shuushuu","|-damage|p1a: Princess Shuushuu|0 fnt","|faint|p1a: Princess Shuushuu","|","|","|switch|p1a: Ruri|Meloetta|130/341","|turn|19","|","|move|p1a: Ruri|Psyshock|p2a: Goodra","|-damage|p2a: Goodra|0 fnt","|faint|p2a: Goodra","|","|-heal|p1a: Ruri|151/341|[from] item: Leftovers","|","|switch|p2a: Dragonite|Dragonite, F|323/323","|turn|20","|","|move|p2a: Dragonite|Dragon Dance|p2a: Dragonite","|-boost|p2a: Dragonite|atk|1","|-boost|p2a: Dragonite|spe|1","|move|p1a: Ruri|Thunder Wave|p2a: Dragonite","|-status|p2a: Dragonite|par","|","|-heal|p1a: Ruri|172/341|[from] item: Leftovers","|turn|21","|","|move|p1a: Ruri|Psyshock|p2a: Dragonite","|-damage|p2a: Dragonite|238/323 par","|move|p2a: Dragonite|Dragon Claw|p1a: Ruri","|-damage|p1a: Ruri|0 fnt","|faint|p1a: Ruri","|","|","|switch|p1a: Hinata|Victini|165/342","|turn|22","|","|cant|p2a: Dragonite|par","|move|p1a: Hinata|Zen Headbutt|p2a: Dragonite","|-damage|p2a: Dragonite|106/323 par","|","|turn|23","|","|cant|p2a: Dragonite|par","|move|p1a: Hinata|Zen Headbutt|p2a: Dragonite","|-damage|p2a: Dragonite|0 fnt","|faint|p2a: Dragonite","|","|","|switch|p2a: Salamence|Salamence, F, shiny|331/331","|turn|24","|","|move|p1a: Hinata|Zen Headbutt|p2a: Salamence","|-damage|p2a: Salamence|180/331","|move|p2a: Salamence|Outrage|p1a: Hinata","|-damage|p1a: Hinata|0 fnt","|-damage|p2a: Salamence|147/331|[from] item: Life Orb","|faint|p1a: Hinata","|-boost|p2a: Salamence|atk|1|[from] ability: Moxie","|","|win|R06L29A01"],"p1rating":{"entryid":"6626924","serverid":"eos","formatid":"monotype","userid":"championstormvy","username":"Champion Stormvy","w":"6","l":4,"t":"0","gxe":57.6,"r":"1540.5303390788","rd":"106.83113664422","sigma":"0","rptime":"1438419600","rpr":1559.7148643353,"rprd":89.417003017527,"rpsigma":"0","acre":1126.9112299244,"lacre":1126.9112299244,"oldacre":"1161.3369163716"},"p2rating":{"entryid":"6931648","serverid":"eos","formatid":"monotype","userid":"r06l29a01","username":"R06L29A01","w":43,"l":"49","t":"0","gxe":48.2,"r":"1488.1935314594","rd":"38.022959824519","sigma":"0","rptime":"1438419600","rpr":1486.1509196874,"rprd":37.433167782227,"rpsigma":"0","acre":1073.7647163481,"lacre":1073.7647163481,"oldacre":"1023.5474384234"},"endType":"normal"}