{"seed":[63358,47397,44806,12005],"turns":24,"p1":"Sovereign♕Blake","p2":"Sovereign♕Unknown","p1team":[{"name":"Nidoking","species":"Nidoking","item":"choicescarf","ability":"Sheer Force","moves":["earthpower","sludgewave","icebeam","fireblast"],"nature":"Timid","evs":{"hp":0,"atk":0,"def":0,"spa":252,"spd":4,"spe":252},"shiny":true,"ivs":{"hp":31,"atk":31,"def":31,"spa":31,"spd":31,"spe":31}},{"name":"Amoonguss","species":"Amoonguss","item":"blacksludge","ability":"Regenerator","moves":["spore","clearsmog","sludgebomb","gigadrain"],"nature":"Modest","evs":{"hp":252,"atk":0,"def":0,"spa":252,"spd":4,"spe":0},"gender":"M","ivs":{"hp":31,"atk":31,"def":31,"spa":31,"spd":31,"spe":31}},{"name":"Tentacruel","species":"Tentacruel","item":"assaultvest","ability":"Liquid Ooze","moves":["acidspray","sludgewave","scald","gigadrain"],"nature":"Modest","evs":{"hp":240,"atk":0,"def":0,"spa":252,"spd":0,"spe":16},"gender":"F","ivs":{"hp":31,"atk":31,"def":31,"spa":31,"spd":31,"spe":31}},{"name":"Weezing","species":"Weezing","item":"blacksludge","ability":"Levitate","moves":["willowisp","sludgebomb","painsplit","toxicspikes"],"nature":"Calm","evs":{"hp":252,"atk":0,"def":0,"spa":4,"spd":252,"spe":0},"gender":"F","ivs":{"hp":31,"atk":31,"def":31,"spa":31,"spd":31,"spe":31}},{"name":"Crobat","species":"Crobat","item":"blacksludge","ability":"Infiltrator","moves":["bravebird","crosspoison","uturn","defog"],"nature":"Jolly","evs":{"hp":0,"atk":252,"def":0,"spa":0,"spd":4,"spe":252},"gender":"F","ivs":{"hp":31,"atk":31,"def":31,"spa":31,"spd":31,"spe":31}},{"name":"Beedrill","species":"Beedrill","item":"beedrillite","ability":"Swarm","moves":["protect","uturn","poisonjab","knockoff"],"nature":"Jolly","evs":{"hp":0,"atk":252,"def":0,"spa":0,"spd":4,"spe":252},"gender":"F","ivs":{"hp":31,"atk":31,"def":31,"spa":31,"spd":31,"spe":31}}],"p2team":[{"name":"Bites of Dust","species":"garchomp","item":"rockyhelmet","ability":"Rough Skin","moves":["stealthrock","earthquake","toxic","fireblast"],"nature":"Impish","evs":{"hp":252,"atk":0,"def":164,"spa":0,"spd":76,"spe":16},"gender":"M","ivs":{"hp":31,"atk":31,"def":31,"spa":31,"spd":31,"spe":31}},{"name":"Sea Leaf","species":"dragalge","item":"blacksludge","ability":"Adaptability","moves":["dracometeor","sludgewave","focusblast","toxicspikes"],"nature":"Modest","evs":{"hp":228,"atk":0,"def":0,"spa":252,"spd":0,"spe":28},"gender":"F","ivs":{"hp":31,"atk":31,"def":31,"spa":31,"spd":31,"spe":31}},{"name":"R U Jelly?","species":"goodra","item":"assaultvest","ability":"Sap Sipper","moves":["dracometeor","fireblast","sludgebomb","icebeam"],"nature":"Modest","evs":{"hp":240,"atk":0,"def":0,"spa":252,"spd":0,"spe":16},"gender":"F","ivs":{"hp":31,"atk":31,"def":31,"spa":31,"spd":31,"spe":31}},{"name":"Dracoknight","species":"dragonite","item":"lumberry","ability":"Multiscale","moves":["dragondance","outrage","extremespeed","earthquake"],"nature":"Adamant","evs":{"hp":0,"atk":252,"def":4,"spa":0,"spd":0,"spe":252},"gender":"M","ivs":{"hp":31,"atk":31,"def":31,"spa":31,"spd":31,"spe":31}},{"name":"Cerberus+RedBull","species":"hydreigon","item":"choicescarf","ability":"Levitate","moves":["dracometeor","darkpulse","earthpower","flashcannon"],"nature":"Modest","evs":{"hp":0,"atk":4,"def":0,"spa":252,"spd":0,"spe":252},"gender":"M","ivs":{"hp":31,"atk":31,"def":31,"spa":31,"spd":31,"spe":31}},{"name":"Cloud with Wings","species":"altaria","item":"altarianite","ability":"Cloud Nine","moves":["roost","hypervoice","healbell","flamethrower"],"nature":"Bold","evs":{"hp":248,"atk":0,"def":104,"spa":0,"spd":156,"spe":0},"gender":"F","ivs":{"hp":31,"atk":31,"def":31,"spa":31,"spd":31,"spe":31}}],"log":["|player|p1|Sovereign♕Blake|169","|player|p2|Sovereign♕Unknown|99","|gametype|singles","|gen|6","|tier|Monotype","|rated","|rule|Baton Pass Clause: Limit one Baton Passer, can't pass Spe and other stats simultaneously","|rule|Swagger Clause: Swagger is banned","|rule|Same Type Clause: Pokémon in a team must share a type","|clearpoke","|poke|p1|Nidoking, M, shiny","|poke|p1|Amoonguss, M","|poke|p1|Tentacruel, F","|poke|p1|Weezing, F","|poke|p1|Crobat, F","|poke|p1|Beedrill, F","|poke|p2|Garchomp, M","|poke|p2|Dragalge, F","|poke|p2|Goodra, F","|poke|p2|Dragonite, M","|poke|p2|Hydreigon, M","|poke|p2|Altaria, F","|rule|Sleep Clause Mod: Limit one foe put to sleep","|rule|Species Clause: Limit one of each Pokémon","|rule|OHKO Clause: OHKO moves are banned","|rule|Moody Clause: Moody is banned","|rule|Evasion Moves Clause: Evasion moves are banned","|rule|Endless Battle Clause: Forcing endless battles is banned","|rule|HP Percentage Mod: HP is shown in percentages","|teampreview","|","|start","|switch|p1a: Nidoking|Nidoking, M, shiny|303/303","|switch|p2a: Bites of Dust|Garchomp, M|420/420","|turn|1","|","|move|p1a: Nidoking|Ice Beam|p2a: Bites of Dust","|-supereffective|p2a: Bites of Dust","|-damage|p2a: Bites of Dust|0 fnt","|faint|p2a: Bites of Dust","|","|","|switch|p2a: Dracoknight|Dragonite, M|323/323","|turn|2","|","|move|p1a: Nidoking|Ice Beam|p2a: Dracoknight","|-supereffective|p2a: Dracoknight","|-damage|p2a: Dracoknight|101/323","|move|p2a: Dracoknight|Earthquake|p1a: Nidoking","|-supereffective|p1a: Nidoking","|-damage|p1a: Nidoking|0 fnt","|faint|p1a: Nidoking","|","|","|switch|p1a: Weezing|Weezing, F|334/334","|turn|3","|","|switch|p2a: R U Jelly?|Goodra, F|381/381","|move|p1a: Weezing|Will-O-Wisp|p2a: R U Jelly?","|-status|p2a: R U Jelly?|brn","|","|-damage|p2a: R U Jelly?|334/381 brn|[from] brn","|turn|4","|","|move|p2a: R U Jelly?|Ice Beam|p1a: Weezing","|-crit|p1a: Weezing","|-damage|p1a: Weezing|201/334","|move|p1a: Weezing|Toxic Spikes|p2a: R U Jelly?","|-sidestart|p2: Sovereign♕Unknown|move: Toxic Spikes","|","|-heal|p1a: Weezing|221/334|[from] item: Black Sludge","|-damage|p2a: R U Jelly?|287/381 brn|[from] brn","|turn|5","|","|switch|p1a: Tentacruel|Tentacruel, F|361/361","|move|p2a: R U Jelly?|Ice Beam|p1a: Tentacruel","|-resisted|p1a: Tentacruel","|-damage|p1a: Tentacruel|333/361","|","|-damage|p2a: R U Jelly?|240/381 brn|[from] brn","|turn|6","|","|switch|p2a: Sea Leaf|Dragalge, F|328/328","|-sideend|p2: Sovereign♕Unknown|move: Toxic Spikes|[of] p2a: Sea Leaf","|move|p1a: Tentacruel|Acid Spray|p2a: Sea Leaf","|-resisted|p2a: Sea Leaf","|-damage|p2a: Sea Leaf|306/328","|-unboost|p2a: Sea Leaf|spd|2","|","|-heal|p2a: Sea Leaf|326/328|[from] item: Black Sludge","|turn|7","|","|move|p1a: Tentacruel|Acid Spray|p2a: Sea Leaf","|-resisted|p2a: Sea Leaf","|-damage|p2a: Sea Leaf|280/328","|-unboost|p2a: Sea Leaf|spd|2","|move|p2a: Sea Leaf|Focus Blast|p1a: Tentacruel|[miss]","|-miss|p2a: Sea Leaf|p1a: Tentacruel","|","|-heal|p2a: Sea Leaf|300/328|[from] item: Black Sludge","|turn|8","|","|move|p1a: Tentacruel|Scald|p2a: Sea Leaf","|-resisted|p2a: Sea Leaf","|-damage|p2a: Sea Leaf|155/328","|move|p2a: Sea Leaf|Focus Blast|p1a: Tentacruel","|-resisted|p1a: Tentacruel","|-damage|p1a: Tentacruel|295/361","|","|-heal|p2a: Sea Leaf|175/328|[from] item: Black Sludge","|turn|9","|","|switch|p2a: R U Jelly?|Goodra, F|240/381 brn","|move|p1a: Tentacruel|Scald|p2a: R U Jelly?","|-resisted|p2a: R U Jelly?","|-damage|p2a: R U Jelly?|214/381 brn","|","|-damage|p2a: R U Jelly?|167/381 brn|[from] brn","|turn|10","|","|move|p1a: Tentacruel|Acid Spray|p2a: R U Jelly?","|-damage|p2a: R U Jelly?|142/381 brn","|-unboost|p2a: R U Jelly?|spd|2","|move|p2a: R U Jelly?|Fire Blast|p1a: Tentacruel","|-resisted|p1a: Tentacruel","|-damage|p1a: Tentacruel|259/361","|","|-damage|p2a: R U Jelly?|95/381 brn|[from] brn","|turn|11","|","|switch|p2a: Cerberus+RedBull|Hydreigon, M|325/325","|move|p1a: Tentacruel|Scald|p2a: Cerberus+RedBull","|-resisted|p2a: Cerberus+RedBull","|-damage|p2a: Cerberus+RedBull|262/325","|","|turn|12","|","|move|p2a: Cerberus+RedBull|Earth Power|p1a: Tentacruel","|-supereffective|p1a: Tentacruel","|-damage|p1a: Tentacruel|129/361","|move|p1a: Tentacruel|Acid Spray|p2a: Cerberus+RedBull","|-damage|p2a: Cerberus+RedBull|201/325","|-unboost|p2a: Cerberus+RedBull|spd|2","|","|turn|13","|","|move|p2a: Cerberus+RedBull|Earth Power|p1a: Tentacruel","|-supereffective|p1a: Tentacruel","|-damage|p1a: Tentacruel|3/361","|move|p1a: Tentacruel|Sludge Wave|p2a: Cerberus+RedBull","|-damage|p2a: Cerberus+RedBull|0 fnt","|faint|p2a: Cerberus+RedBull","|","|","|switch|p2a: Dracoknight|Dragonite, M|101/323","|turn|14","|","|move|p2a: Dracoknight|Extreme Speed|p1a: Tentacruel","|-crit|p1a: Tentacruel","|-damage|p1a: Tentacruel|0 fnt","|faint|p1a: Tentacruel","|","|","|switch|p1a: Weezing|Weezing, F|221/334","|turn|15","|","|switch|p2a: R U Jelly?|Goodra, F|95/381 brn","|move|p1a: Weezing|Will-O-Wisp|p2a: R U Jelly?","|-fail|p2a: R U Jelly?|brn","|","|-heal|p1a: Weezing|241/334|[from] item: Black Sludge","|-damage|p2a: R U Jelly?|48/381 brn|[from] brn","|turn|16","|","|move|p2a: R U Jelly?|Ice Beam|p1a: Weezing","|-crit|p1a: Weezing","|-damage|p1a: Weezing|90/334","|move|p1a: Weezing|Sludge Bomb|p2a: R U Jelly?","|-damage|p2a: R U Jelly?|6/381 brn","|","|-heal|p1a: Weezing|110/334|[from] item: Black Sludge","|-damage|p2a: R U Jelly?|0 fnt|[from] brn","|faint|p2a: R U Jelly?","|","|switch|p2a: Dracoknight|Dragonite, M|101/323","|turn|17","|","|move|p2a: Dracoknight|Extreme Speed|p1a: Weezing","|-damage|p1a: Weezing|17/334","|move|p1a: Weezing|Will-O-Wisp|p2a: Dracoknight|[miss]","|-miss|p1a: Weezing|p2a: Dracoknight","|","|-heal|p1a: Weezing|37/334|[from] item: Black Sludge","|turn|18","|","|move|p2a: Dracoknight|Extreme Speed|p1a: Weezing","|-damage|p1a: Weezing|0 fnt","|faint|p1a: Weezing","|","|","|switch|p1a: Beedrill|Beedrill, F|271/271","|turn|19","|","|detailschange|p1a: Beedrill|Beedrill-Mega, F","|-mega|p1a: Beedrill|Beedrill|Beedrillite","|move|p1a: Beedrill|Protect|p1a: Beedrill","|-singleturn|p1a: Beedrill|Protect","|move|p2a: Dracoknight|Earthquake|p1a: Beedrill","|-activate|p1a: Beedrill|Protect","|","|turn|20","|","|move|p1a: Beedrill|Poison Jab|p2a: Dracoknight","|-damage|p2a: Dracoknight|0 fnt","|faint|p2a: Dracoknight","|","|","|switch|p2a: Sea Leaf|Dragalge, F|175/328","|turn|21","|","|move|p1a: Beedrill|Knock Off|p2a: Sea Leaf","|-damage|p2a: Sea Leaf|46/328","|-enditem|p2a: Sea Leaf|Black Sludge|[from] move: Knock Off|[of] p1a: Beedrill","|move|p2a: Sea Leaf|Focus Blast|p1a: Beedrill|[miss]","|-miss|p2a: Sea Leaf|p1a: Beedrill","|","|turn|22","|","|move|p1a: Beedrill|Knock Off|p2a: Sea Leaf","|-damage|p2a: Sea Leaf|0 fnt","|faint|p2a: Sea Leaf","|","|","|switch|p2a: Cloud with Wings|Altaria, F|353/353","|-ability|p2a: Cloud with Wings|Cloud Nine","|turn|23","|","|move|p1a: Beedrill|Poison Jab|p2a: Cloud with Wings","|-damage|p2a: Cloud with Wings|169/353","|-status|p2a: Cloud with Wings|psn","|move|p2a: Cloud with Wings|Flamethrower|p1a: Beedrill","|-supereffective|p1a: Beedrill","|-damage|p1a: Beedrill|133/271","|","|-damage|p2a: Cloud with Wings|125/353 psn|[from] psn","|turn|24","|","|move|p1a: Beedrill|Poison Jab|p2a: Cloud with Wings","|-crit|p2a: Cloud with Wings","|-damage|p2a: Cloud with Wings|0 fnt","|faint|p2a: Cloud with Wings","|","|win|Sovereign♕Blake"],"p1rating":{"entryid":"7151294","serverid":"eos","formatid":"monotype","userid":"sovereignblake","username":"Sovereign♕Blake","w":6,"l":"7","t":"0","gxe":44.6,"r":"1416.7016173284","rd":"85.517593210452","sigma":"0","rptime":"1438419600","rpr":1458.0075644365,"rprd":81.424347704985,"rpsigma":"0","acre":1122.9043797378,"lacre":1122.9043797378,"oldacre":"1095.3588432156"},"p2rating":{"entryid":"7172559","serverid":"eos","formatid":"monotype","userid":"sovereignunknown","username":"Sovereign♕Unknown","w":"4","l":5,"t":"0","gxe":50,"r":"1452.5467240237","rd":"107.45517671281","sigma":"0","rptime":"1438419600","rpr":1500.202480211,"rprd":90.777600388181,"rpsigma":"0","acre":1093.6079580803,"lacre":1093.6079580803,"oldacre":"1120.4072172222"},"endType":"normal"}