{"seed":[40381,23662,45993,3022],"turns":33,"p1":"Seven Swell","p2":"Crystl Sabo","p1team":[{"name":"Mew","species":"Mew","item":"leftovers","ability":"Synchronize","moves":["roost","toxic","healbell","aurasphere"],"nature":"Calm","evs":{"hp":252,"atk":0,"def":0,"spa":4,"spd":252,"spe":0},"ivs":{"hp":31,"atk":31,"def":31,"spa":31,"spd":31,"spe":31}},{"name":"Slowbro","species":"Slowbro","item":"rockyhelmet","ability":"Regenerator","moves":["scald","yawn","flamethrower","slackoff"],"nature":"Bold","evs":{"hp":252,"atk":0,"def":252,"spa":4,"spd":0,"spe":0},"ivs":{"hp":31,"atk":31,"def":31,"spa":31,"spd":31,"spe":31}},{"name":"Deoxys-Speed","species":"Deoxys-Speed","item":"focussash","ability":"Pressure","moves":["stealthrock","spikes","thunderwave","icebeam"],"nature":"Timid","evs":{"hp":252,"atk":0,"def":44,"spa":0,"spd":0,"spe":212},"ivs":{"hp":31,"atk":31,"def":31,"spa":31,"spd":31,"spe":31}},{"name":"Gardevoir","species":"Gardevoir","item":"gardevoirite","ability":"Trace","moves":["hypervoice","psyshock","destinybond","thunderbolt"],"nature":"Timid","evs":{"hp":0,"atk":0,"def":4,"spa":252,"spd":0,"spe":252},"ivs":{"hp":31,"atk":0,"def":31,"spa":31,"spd":31,"spe":31}},{"name":"Latias","species":"Latias","item":"leftovers","ability":"Levitate","moves":["dracometeor","psyshock","roost","defog"],"nature":"Timid","evs":{"hp":252,"atk":0,"def":0,"spa":4,"spd":0,"spe":252},"ivs":{"hp":31,"atk":31,"def":31,"spa":31,"spd":31,"spe":31}},{"name":"Hoopa-Unbound","species":"Hoopa-Unbound","item":"focussash","ability":"Magician","moves":["hyperspacefury","drainpunch","firepunch","gunkshot"],"nature":"Adamant","evs":{"hp":0,"atk":252,"def":0,"spa":0,"spd":4,"spe":252},"ivs":{"hp":31,"atk":31,"def":31,"spa":31,"spd":31,"spe":31}}],"p2team":[{"name":"GetWet","species":"politoed","item":"chestoberry","ability":"Drizzle","moves":["rest","scald","icebeam","psychic"],"nature":"Calm","evs":{"hp":252,"atk":0,"def":108,"spa":0,"spd":148,"spe":0},"shiny":true,"ivs":{"hp":31,"atk":31,"def":31,"spa":31,"spd":31,"spe":31}},{"name":"Hulk Smash","species":"poliwrath","item":"sitrusberry","ability":"Swift Swim","moves":["bellydrum","waterfall","brickbreak","earthquake"],"nature":"Adamant","evs":{"hp":4,"atk":252,"def":0,"spa":0,"spd":0,"spe":252},"shiny":true,"ivs":{"hp":31,"atk":31,"def":31,"spa":31,"spd":31,"spe":31}},{"name":"TwinkleToes","species":"swampert","item":"swampertite","ability":"Torrent","moves":["raindance","waterfall","earthquake","icepunch"],"nature":"Adamant","evs":{"hp":200,"atk":156,"def":0,"spa":0,"spd":4,"spe":148},"ivs":{"hp":31,"atk":31,"def":31,"spa":31,"spd":31,"spe":31}},{"name":"SSM","species":"gyarados","item":"leftovers","ability":"Intimidate","moves":["thunderwave","waterfall","bounce","earthquake"],"nature":"Adamant","evs":{"hp":252,"atk":252,"def":0,"spa":0,"spd":0,"spe":0},"shiny":true,"ivs":{"hp":31,"atk":31,"def":31,"spa":31,"spd":31,"spe":31}},{"name":"DropDatDaDaDa","species":"ludicolo","item":"lifeorb","ability":"Swift Swim","moves":["scald","energyball","icebeam","raindance"],"nature":"Modest","evs":{"hp":0,"atk":0,"def":0,"spa":252,"spd":0,"spe":252},"shiny":true,"ivs":{"hp":31,"atk":31,"def":31,"spa":31,"spd":31,"spe":31}},{"name":"Mega Illuminati","species":"starmie","item":"weaknesspolicy","ability":"Natural Cure","moves":["cosmicpower","recover","psychic","icebeam"],"nature":"Timid","evs":{"hp":220,"atk":0,"def":0,"spa":36,"spd":0,"spe":252},"shiny":true,"ivs":{"hp":31,"atk":31,"def":31,"spa":31,"spd":31,"spe":31}}],"log":["|player|p1|Seven Swell|sevenswell.png","|player|p2|Crystl Sabo|161","|gametype|singles","|gen|6","|tier|Monotype","|rated","|rule|Baton Pass Clause: Limit one Baton Passer, can't pass Spe and other stats simultaneously","|rule|Swagger Clause: Swagger is banned","|rule|Same Type Clause: Pokémon in a team must share a type","|clearpoke","|poke|p1|Mew","|poke|p1|Slowbro, F","|poke|p1|Deoxys-Speed","|poke|p1|Gardevoir, M","|poke|p1|Latias, F","|poke|p1|Hoopa-Unbound","|poke|p2|Politoed, F, shiny","|poke|p2|Poliwrath, M, shiny","|poke|p2|Swampert, F","|poke|p2|Gyarados, M, shiny","|poke|p2|Ludicolo, M, shiny","|poke|p2|Starmie, shiny","|rule|Sleep Clause Mod: Limit one foe put to sleep","|rule|Species Clause: Limit one of each Pokémon","|rule|OHKO Clause: OHKO moves are banned","|rule|Moody Clause: Moody is banned","|rule|Evasion Moves Clause: Evasion moves are banned","|rule|Endless Battle Clause: Forcing endless battles is banned","|rule|HP Percentage Mod: HP is shown in percentages","|teampreview","|","|start","|switch|p1a: Gardevoir|Gardevoir, M|277/277","|switch|p2a: GetWet|Politoed, F, shiny|384/384","|-ability|p1a: Gardevoir|Drizzle|[from] ability: Trace|[of] p2a: GetWet","|-weather|RainDance","|turn|1","|","|detailschange|p1a: Gardevoir|Gardevoir-Mega, M","|-mega|p1a: Gardevoir|Gardevoir|Gardevoirite","|move|p1a: Gardevoir|Thunderbolt|p2a: GetWet","|-supereffective|p2a: GetWet","|-damage|p2a: GetWet|198/384","|move|p2a: GetWet|Scald|p1a: Gardevoir","|-damage|p1a: Gardevoir|183/277","|","|-weather|RainDance|[upkeep]","|turn|2","|","|move|p1a: Gardevoir|Hyper Voice|p2a: GetWet","|-damage|p2a: GetWet|0 fnt","|faint|p2a: GetWet","|","|-weather|RainDance|[upkeep]","|","|switch|p2a: DropDatDaDaDa|Ludicolo, M, shiny|301/301","|turn|3","|","|switch|p1a: Mew|Mew|404/404","|move|p2a: DropDatDaDaDa|Energy Ball|p1a: Mew","|-damage|p1a: Mew|283/404","|-damage|p2a: DropDatDaDaDa|271/301|[from] item: Life Orb","|","|-weather|RainDance|[upkeep]","|-heal|p1a: Mew|308/404|[from] item: Leftovers","|turn|4","|","|switch|p2a: TwinkleToes|Swampert, F|391/391","|move|p1a: Mew|Toxic|p2a: TwinkleToes","|-status|p2a: TwinkleToes|tox","|","|-weather|RainDance|[upkeep]","|-heal|p1a: Mew|333/404|[from] item: Leftovers","|-damage|p2a: TwinkleToes|367/391 tox|[from] psn","|turn|5","|","|switch|p1a: Slowbro|Slowbro, F|394/394","|detailschange|p2a: TwinkleToes|Swampert-Mega, F","|-mega|p2a: TwinkleToes|Swampert|Swampertite","|move|p2a: TwinkleToes|Waterfall|p1a: Slowbro","|-resisted|p1a: Slowbro","|-damage|p1a: Slowbro|307/394","|-damage|p2a: TwinkleToes|302/391 tox|[from] item: Rocky Helmet|[of] p1a: Slowbro","|","|-weather|none","|-damage|p2a: TwinkleToes|254/391 tox|[from] psn","|turn|6","|","|move|p2a: TwinkleToes|Ice Punch|p1a: Slowbro","|-resisted|p1a: Slowbro","|-damage|p1a: Slowbro|274/394","|-damage|p2a: TwinkleToes|189/391 tox|[from] item: Rocky Helmet|[of] p1a: Slowbro","|move|p1a: Slowbro|Yawn|p2a: TwinkleToes","|-fail|p2a: TwinkleToes","|","|-damage|p2a: TwinkleToes|117/391 tox|[from] psn","|turn|7","|","|move|p2a: TwinkleToes|Waterfall|p1a: Slowbro","|-resisted|p1a: Slowbro","|-damage|p1a: Slowbro|216/394","|-damage|p2a: TwinkleToes|52/391 tox|[from] item: Rocky Helmet|[of] p1a: Slowbro","|cant|p1a: Slowbro|flinch","|","|-damage|p2a: TwinkleToes|0 fnt|[from] psn","|faint|p2a: TwinkleToes","|","|switch|p2a: Hulk Smash|Poliwrath, M, shiny|322/322","|turn|8","|","|switch|p2a: SSM|Gyarados, M, shiny|394/394","|-ability|p2a: SSM|Intimidate","|-unboost|p1a: Slowbro|atk|1","|move|p1a: Slowbro|Yawn|p2a: SSM","|-start|p2a: SSM|move: Yawn|[of] p1a: Slowbro","|","|turn|9","|","|switch|p2a: DropDatDaDaDa|Ludicolo, M, shiny|271/301","|move|p1a: Slowbro|Slack Off|p1a: Slowbro","|-heal|p1a: Slowbro|394/394","|","|turn|10","|","|switch|p1a: Latias|Latias, F|364/364","|move|p2a: DropDatDaDaDa|Rain Dance|p2a: DropDatDaDaDa","|-weather|RainDance","|","|-weather|RainDance|[upkeep]","|turn|11","|","|move|p2a: DropDatDaDaDa|Ice Beam|p1a: Latias","|-supereffective|p1a: Latias","|-damage|p1a: Latias|174/364","|-damage|p2a: DropDatDaDaDa|241/301|[from] item: Life Orb","|move|p1a: Latias|Draco Meteor|p2a: DropDatDaDaDa|[miss]","|-miss|p1a: Latias|p2a: DropDatDaDaDa","|","|-weather|RainDance|[upkeep]","|-heal|p1a: Latias|196/364|[from] item: Leftovers","|turn|12","|","|move|p2a: DropDatDaDaDa|Ice Beam|p1a: Latias","|-supereffective|p1a: Latias","|-damage|p1a: Latias|1/364","|-damage|p2a: DropDatDaDaDa|211/301|[from] item: Life Orb","|move|p1a: Latias|Draco Meteor|p2a: DropDatDaDaDa","|-damage|p2a: DropDatDaDaDa|52/301","|-unboost|p1a: Latias|spa|2","|","|-weather|RainDance|[upkeep]","|-heal|p1a: Latias|23/364|[from] item: Leftovers","|turn|13","|","|move|p2a: DropDatDaDaDa|Ice Beam|p1a: Latias","|-supereffective|p1a: Latias","|-damage|p1a: Latias|0 fnt","|-damage|p2a: DropDatDaDaDa|22/301|[from] item: Life Orb","|faint|p1a: Latias","|","|-weather|RainDance|[upkeep]","|","|switch|p1a: Deoxys-Speed|Deoxys-Speed|304/304","|-ability|p1a: Deoxys-Speed|Pressure","|turn|14","|","|switch|p2a: Mega Illuminati|Starmie, shiny|316/316","|move|p1a: Deoxys-Speed|Ice Beam|p2a: Mega Illuminati","|-resisted|p2a: Mega Illuminati","|-damage|p2a: Mega Illuminati|277/316","|-status|p2a: Mega Illuminati|frz","|","|-weather|none","|turn|15","|","|move|p1a: Deoxys-Speed|Stealth Rock|p2a: Mega Illuminati","|-sidestart|p2: Crystl Sabo|move: Stealth Rock","|cant|p2a: Mega Illuminati|frz","|","|turn|16","|","|switch|p1a: Slowbro|Slowbro, F|394/394","|cant|p2a: Mega Illuminati|frz","|","|turn|17","|","|-curestatus|p2a: Mega Illuminati|frz","|move|p2a: Mega Illuminati|Cosmic Power|p2a: Mega Illuminati","|-boost|p2a: Mega Illuminati|def|1","|-boost|p2a: Mega Illuminati|spd|1","|move|p1a: Slowbro|Flamethrower|p2a: Mega Illuminati","|-resisted|p2a: Mega Illuminati","|-damage|p2a: Mega Illuminati|251/316","|","|turn|18","|","|move|p2a: Mega Illuminati|Recover|p2a: Mega Illuminati","|-heal|p2a: Mega Illuminati|316/316","|move|p1a: Slowbro|Yawn|p2a: Mega Illuminati","|-start|p2a: Mega Illuminati|move: Yawn|[of] p1a: Slowbro","|","|turn|19","|","|switch|p2a: DropDatDaDaDa|Ludicolo, M, shiny|22/301","|-damage|p2a: DropDatDaDaDa|0 fnt|[from] Stealth Rock","|faint|p2a: DropDatDaDaDa","|move|p1a: Slowbro|Yawn|p2: DropDatDaDaDa|[notarget]","|-notarget","|","|","|switch|p2a: SSM|Gyarados, M, shiny|394/394","|-damage|p2a: SSM|296/394|[from] Stealth Rock","|-ability|p2a: SSM|Intimidate","|-unboost|p1a: Slowbro|atk|1","|turn|20","|","|move|p2a: SSM|Thunder Wave|p1a: Slowbro","|-status|p1a: Slowbro|par","|move|p1a: Slowbro|Yawn|p2a: SSM","|-start|p2a: SSM|move: Yawn|[of] p1a: Slowbro","|","|-heal|p2a: SSM|320/394|[from] item: Leftovers","|turn|21","|","|switch|p2a: Mega Illuminati|Starmie, shiny|316/316","|-damage|p2a: Mega Illuminati|277/316|[from] Stealth Rock","|cant|p1a: Slowbro|par","|","|turn|22","|","|move|p2a: Mega Illuminati|Psychic|p1a: Slowbro","|-resisted|p1a: Slowbro","|-damage|p1a: Slowbro|331/394 par","|move|p1a: Slowbro|Yawn|p2a: Mega Illuminati","|-start|p2a: Mega Illuminati|move: Yawn|[of] p1a: Slowbro","|","|turn|23","|","|switch|p2a: Hulk Smash|Poliwrath, M, shiny|322/322","|-damage|p2a: Hulk Smash|302/322|[from] Stealth Rock","|move|p1a: Slowbro|Scald|p2a: Hulk Smash","|-resisted|p2a: Hulk Smash","|-damage|p2a: Hulk Smash|248/322","|","|turn|24","|","|move|p2a: Hulk Smash|Waterfall|p1a: Slowbro","|-resisted|p1a: Slowbro","|-damage|p1a: Slowbro|289/394 par","|-damage|p2a: Hulk Smash|195/322|[from] item: Rocky Helmet|[of] p1a: Slowbro","|cant|p1a: Slowbro|flinch","|","|turn|25","|","|move|p2a: Hulk Smash|Belly Drum|p2a: Hulk Smash","|-damage|p2a: Hulk Smash|34/322","|-setboost|p2a: Hulk Smash|atk|6|[from] move: Belly Drum","|-enditem|p2a: Hulk Smash|Sitrus Berry|[eat]","|-heal|p2a: Hulk Smash|114/322|[from] item: Sitrus Berry","|cant|p1a: Slowbro|par","|","|turn|26","|","|switch|p1a: Mew|Mew|333/404","|move|p2a: Hulk Smash|Waterfall|p1a: Mew","|-damage|p1a: Mew|0 fnt","|faint|p1a: Mew","|","|","|switch|p1a: Gardevoir|Gardevoir-Mega, M|183/277","|turn|27","|","|move|p1a: Gardevoir|Thunderbolt|p2a: Hulk Smash","|-supereffective|p2a: Hulk Smash","|-damage|p2a: Hulk Smash|0 fnt","|faint|p2a: Hulk Smash","|","|","|switch|p2a: Mega Illuminati|Starmie, shiny|277/316","|-damage|p2a: Mega Illuminati|238/316|[from] Stealth Rock","|turn|28","|","|move|p2a: Mega Illuminati|Cosmic Power|p2a: Mega Illuminati","|-boost|p2a: Mega Illuminati|def|1","|-boost|p2a: Mega Illuminati|spd|1","|move|p1a: Gardevoir|Thunderbolt|p2a: Mega Illuminati","|-supereffective|p2a: Mega Illuminati","|-damage|p2a: Mega Illuminati|44/316","|-enditem|p2a: Mega Illuminati|Weakness Policy","|-boost|p2a: Mega Illuminati|atk|2|[from] item: Weakness Policy","|-boost|p2a: Mega Illuminati|spa|2|[from] item: Weakness Policy","|","|turn|29","|","|move|p2a: Mega Illuminati|Ice Beam|p1a: Gardevoir","|-damage|p1a: Gardevoir|69/277","|-status|p1a: Gardevoir|frz","|cant|p1a: Gardevoir|frz","|","|turn|30","|","|move|p2a: Mega Illuminati|Ice Beam|p1a: Gardevoir","|-damage|p1a: Gardevoir|0 fnt","|faint|p1a: Gardevoir","|","|","|switch|p1a: Hoopa-Unbound|Hoopa-Unbound|301/301","|turn|31","|","|move|p2a: Mega Illuminati|Recover|p2a: Mega Illuminati","|-heal|p2a: Mega Illuminati|202/316","|move|p1a: Hoopa-Unbound|Hyperspace Fury|p2a: Mega Illuminati","|-supereffective|p2a: Mega Illuminati","|-damage|p2a: Mega Illuminati|0 fnt","|-unboost|p1a: Hoopa-Unbound|def|1","|faint|p2a: Mega Illuminati","|","|","|switch|p2a: SSM|Gyarados, M, shiny|320/394","|-damage|p2a: SSM|222/394|[from] Stealth Rock","|-ability|p2a: SSM|Intimidate","|-unboost|p1a: Hoopa-Unbound|atk|1","|turn|32","|","|move|p1a: Hoopa-Unbound|Hyperspace Fury|p2a: SSM","|-damage|p2a: SSM|36/394","|-unboost|p1a: Hoopa-Unbound|def|1","|move|p2a: SSM|Thunder Wave|p1a: Hoopa-Unbound","|-status|p1a: Hoopa-Unbound|par","|","|-heal|p2a: SSM|60/394|[from] item: Leftovers","|turn|33","|","|switch|p1a: Slowbro|Slowbro, F|394/394 par","|move|p2a: SSM|Waterfall|p1a: Slowbro","|-resisted|p1a: Slowbro","|-damage|p1a: Slowbro|343/394 par","|-damage|p2a: SSM|0 fnt|[from] item: Rocky Helmet|[of] p1a: Slowbro","|faint|p2a: SSM","|","|win|Seven Swell"],"p1rating":{"entryid":"7267988","serverid":"eos","formatid":"monotype","userid":"sevenswell","username":"Seven Swell","w":21,"l":"11","t":"0","gxe":64.1,"r":"1567.1915192808","rd":"73.69736110994","sigma":"0","rptime":"1438419600","rpr":1610.4608824657,"rprd":59.536911154242,"rpsigma":"0","acre":1247.0348619802,"lacre":1247.0348619802,"oldacre":"1233.1168493249"},"p2rating":{"entryid":"5846197","serverid":"eos","formatid":"monotype","userid":"crystlsabo","username":"Crystl Sabo","w":"50","l":44,"t":"0","gxe":54.1,"r":1535.6692364936,"rd":43.38905089569,"sigma":"0","rptime":1438419600,"rpr":1530.9275311559,"rprd":43.074205012947,"rpsigma":"0","acre":1056.4165736777,"lacre":1056.4165736777,"oldacre":"1067.6315602048"},"endType":"normal"}