{"seed":[51556,16473,18656,52945],"turns":32,"p1":"Sovereign♕Unknown","p2":"Marx-Bot","p1team":[{"name":"Bites of Dust","species":"garchomp","item":"rockyhelmet","ability":"Rough Skin","moves":["stealthrock","earthquake","toxic","fireblast"],"nature":"Impish","evs":{"hp":252,"atk":0,"def":164,"spa":0,"spd":76,"spe":16},"gender":"M","ivs":{"hp":31,"atk":31,"def":31,"spa":31,"spd":31,"spe":31}},{"name":"Sea Leaf","species":"dragalge","item":"blacksludge","ability":"Adaptability","moves":["dracometeor","sludgewave","focusblast","toxicspikes"],"nature":"Modest","evs":{"hp":228,"atk":0,"def":0,"spa":252,"spd":0,"spe":28},"gender":"F","ivs":{"hp":31,"atk":31,"def":31,"spa":31,"spd":31,"spe":31}},{"name":"R U Jelly?","species":"goodra","item":"assaultvest","ability":"Sap Sipper","moves":["dracometeor","fireblast","sludgebomb","icebeam"],"nature":"Modest","evs":{"hp":240,"atk":0,"def":0,"spa":252,"spd":0,"spe":16},"gender":"F","ivs":{"hp":31,"atk":31,"def":31,"spa":31,"spd":31,"spe":31}},{"name":"Dracoknight","species":"dragonite","item":"weaknesspolicy","ability":"Multiscale","moves":["dragondance","outrage","extremespeed","earthquake"],"nature":"Adamant","evs":{"hp":0,"atk":252,"def":4,"spa":0,"spd":0,"spe":252},"gender":"M","ivs":{"hp":31,"atk":31,"def":31,"spa":31,"spd":31,"spe":31}},{"name":"Cerberus+RedBull","species":"hydreigon","item":"choicescarf","ability":"Levitate","moves":["dracometeor","darkpulse","earthpower","flashcannon"],"nature":"Modest","evs":{"hp":0,"atk":4,"def":0,"spa":252,"spd":0,"spe":252},"gender":"M","ivs":{"hp":31,"atk":31,"def":31,"spa":31,"spd":31,"spe":31}},{"name":"Cloud with Wings","species":"altaria","item":"altarianite","ability":"Cloud Nine","moves":["roost","hypervoice","healbell","flamethrower"],"nature":"Bold","evs":{"hp":248,"atk":0,"def":104,"spa":0,"spd":156,"spe":0},"gender":"F","ivs":{"hp":31,"atk":31,"def":31,"spa":31,"spd":31,"spe":31}}],"p2team":[{"name":"Ferrothorn","species":"Ferrothorn","item":"rockyhelmet","ability":"Iron Barbs","moves":["ironhead","thunderwave","leechseed","ingrain"],"nature":"Impish","evs":{"hp":248,"atk":8,"def":252,"spa":0,"spd":0,"spe":0},"ivs":{"hp":31,"atk":31,"def":31,"spa":31,"spd":31,"spe":31}},{"name":"Breloom","species":"Breloom","item":"focussash","ability":"Technician","moves":["bulletseed","machpunch","spore","rockslide"],"nature":"Jolly","evs":{"hp":0,"atk":252,"def":0,"spa":0,"spd":4,"spe":252},"ivs":{"hp":31,"atk":31,"def":31,"spa":31,"spd":31,"spe":31}},{"name":"Venusaur","species":"Venusaur","item":"venusaurite","ability":"Overgrow","moves":["gigadrain","synthesis","sludgebomb","leechseed"],"nature":"Bold","evs":{"hp":248,"atk":0,"def":252,"spa":8,"spd":0,"spe":0},"ivs":{"hp":31,"atk":31,"def":31,"spa":31,"spd":31,"spe":31}},{"name":"Serperior","species":"Serperior","item":"lifeorb","ability":"Contrary","moves":["leafstorm","gigadrain","dragonpulse","hiddenpowerice"],"nature":"Timid","evs":{"hp":0,"atk":0,"def":0,"spa":252,"spd":4,"spe":252},"ivs":{"hp":31,"atk":30,"def":30,"spa":31,"spd":31,"spe":31}},{"name":"Whimsicott","species":"Whimsicott","item":"flameorb","ability":"Prankster","moves":["cottonguard","leechseed","gigadrain","switcheroo"],"nature":"Calm","evs":{"hp":248,"atk":0,"def":0,"spa":8,"spd":252,"spe":0},"ivs":{"hp":31,"atk":31,"def":31,"spa":31,"spd":31,"spe":31}},{"name":"Virizion","species":"Virizion","item":"assaultvest","ability":"Justified","moves":["gigadrain","sacredsword","stoneedge","xscissor"],"nature":"Lonely","evs":{"hp":248,"atk":252,"def":0,"spa":8,"spd":0,"spe":0},"ivs":{"hp":31,"atk":31,"def":31,"spa":31,"spd":31,"spe":31}}],"log":["|player|p1|Sovereign♕Unknown|99","|player|p2|Marx-Bot|238","|gametype|singles","|gen|6","|tier|Monotype","|rated","|rule|Baton Pass Clause: Limit one Baton Passer, can't pass Spe and other stats simultaneously","|rule|Swagger Clause: Swagger is banned","|rule|Same Type Clause: Pokémon in a team must share a type","|clearpoke","|poke|p1|Garchomp, M","|poke|p1|Dragalge, F","|poke|p1|Goodra, F","|poke|p1|Dragonite, M","|poke|p1|Hydreigon, M","|poke|p1|Altaria, F","|poke|p2|Ferrothorn, M","|poke|p2|Breloom, F","|poke|p2|Venusaur, F","|poke|p2|Serperior, F","|poke|p2|Whimsicott, M","|poke|p2|Virizion","|rule|Sleep Clause Mod: Limit one foe put to sleep","|rule|Species Clause: Limit one of each Pokémon","|rule|OHKO Clause: OHKO moves are banned","|rule|Moody Clause: Moody is banned","|rule|Evasion Moves Clause: Evasion moves are banned","|rule|Endless Battle Clause: Forcing endless battles is banned","|rule|HP Percentage Mod: HP is shown in percentages","|teampreview","|","|start","|switch|p1a: Bites of Dust|Garchomp, M|420/420","|switch|p2a: Ferrothorn|Ferrothorn, M|351/351","|turn|1","|","|switch|p2a: Virizion|Virizion|385/385","|move|p1a: Bites of Dust|Stealth Rock|p2a: Virizion","|-sidestart|p2: Marx-Bot|move: Stealth Rock","|","|turn|2","|","|switch|p1a: Sea Leaf|Dragalge, F|328/328","|move|p2a: Virizion|Sacred Sword|p1a: Sea Leaf","|-resisted|p1a: Sea Leaf","|-damage|p1a: Sea Leaf|250/328","|","|-heal|p1a: Sea Leaf|270/328|[from] item: Black Sludge","|turn|3","|","|move|p2a: Virizion|Stone Edge|p1a: Sea Leaf|[miss]","|-miss|p2a: Virizion|p1a: Sea Leaf","|move|p1a: Sea Leaf|Toxic Spikes|p2a: Virizion","|-sidestart|p2: Marx-Bot|move: Toxic Spikes","|","|-heal|p1a: Sea Leaf|290/328|[from] item: Black Sludge","|turn|4","|","|switch|p2a: Ferrothorn|Ferrothorn, M|351/351","|-damage|p2a: Ferrothorn|330/351|[from] Stealth Rock","|move|p1a: Sea Leaf|Sludge Wave|p2a: Ferrothorn","|-immune|p2a: Ferrothorn|[msg]","|","|-heal|p1a: Sea Leaf|310/328|[from] item: Black Sludge","|turn|5","|","|move|p1a: Sea Leaf|Focus Blast|p2a: Ferrothorn","|-supereffective|p2a: Ferrothorn","|-damage|p2a: Ferrothorn|92/351","|move|p2a: Ferrothorn|Thunder Wave|p1a: Sea Leaf","|-status|p1a: Sea Leaf|par","|","|-heal|p1a: Sea Leaf|328/328 par|[from] item: Black Sludge","|turn|6","|","|switch|p1a: Cloud with Wings|Altaria, F|353/353","|-ability|p1a: Cloud with Wings|Cloud Nine","|move|p2a: Ferrothorn|Leech Seed|p1a: Cloud with Wings","|-start|p1a: Cloud with Wings|move: Leech Seed","|","|-damage|p1a: Cloud with Wings|309/353|[from] Leech Seed|[of] p2a: Ferrothorn","|-heal|p2a: Ferrothorn|136/351|[silent]","|turn|7","|","|move|p1a: Cloud with Wings|Heal Bell|p1a: Cloud with Wings","|-cureteam|p1a: Cloud with Wings|[from] move: HealBell","|move|p2a: Ferrothorn|Thunder Wave|p1a: Cloud with Wings","|-status|p1a: Cloud with Wings|par","|","|-damage|p1a: Cloud with Wings|265/353 par|[from] Leech Seed|[of] p2a: Ferrothorn","|-heal|p2a: Ferrothorn|180/351|[silent]","|turn|8","|","|switch|p1a: R U Jelly?|Goodra, F|381/381","|move|p2a: Ferrothorn|Iron Head|p1a: R U Jelly?","|-crit|p1a: R U Jelly?","|-damage|p1a: R U Jelly?|201/381","|","|turn|9","|","|switch|p2a: Virizion|Virizion|385/385","|-damage|p2a: Virizion|361/385|[from] Stealth Rock","|-status|p2a: Virizion|psn","|move|p1a: R U Jelly?|Fire Blast|p2a: Virizion","|-supereffective|p2a: Virizion","|-damage|p2a: Virizion|217/385 psn","|","|-damage|p2a: Virizion|169/385 psn|[from] psn","|turn|10","|","|switch|p1a: Sea Leaf|Dragalge, F|328/328","|move|p2a: Virizion|Sacred Sword|p1a: Sea Leaf","|-resisted|p1a: Sea Leaf","|-damage|p1a: Sea Leaf|250/328","|","|-heal|p1a: Sea Leaf|270/328|[from] item: Black Sludge","|-damage|p2a: Virizion|121/385 psn|[from] psn","|turn|11","|","|move|p2a: Virizion|Stone Edge|p1a: Sea Leaf","|-damage|p1a: Sea Leaf|158/328","|move|p1a: Sea Leaf|Focus Blast|p2a: Virizion","|-damage|p2a: Virizion|53/385 psn","|","|-heal|p1a: Sea Leaf|178/328|[from] item: Black Sludge","|-damage|p2a: Virizion|5/385 psn|[from] psn","|turn|12","|","|move|p2a: Virizion|Stone Edge|p1a: Sea Leaf","|-crit|p1a: Sea Leaf","|-damage|p1a: Sea Leaf|8/328","|move|p1a: Sea Leaf|Toxic Spikes|p2a: Virizion","|-sidestart|p2: Marx-Bot|move: Toxic Spikes","|","|-heal|p1a: Sea Leaf|28/328|[from] item: Black Sludge","|-damage|p2a: Virizion|0 fnt|[from] psn","|faint|p2a: Virizion","|","|switch|p2a: Ferrothorn|Ferrothorn, M|180/351","|-damage|p2a: Ferrothorn|159/351|[from] Stealth Rock","|turn|13","|","|move|p1a: Sea Leaf|Focus Blast|p2a: Ferrothorn","|-supereffective|p2a: Ferrothorn","|-damage|p2a: Ferrothorn|0 fnt","|faint|p2a: Ferrothorn","|","|-heal|p1a: Sea Leaf|48/328|[from] item: Black Sludge","|","|switch|p2a: Breloom|Breloom, F|261/261","|-damage|p2a: Breloom|245/261|[from] Stealth Rock","|-status|p2a: Breloom|tox","|turn|14","|","|switch|p1a: Bites of Dust|Garchomp, M|420/420","|move|p2a: Breloom|Rock Slide|p1a: Bites of Dust","|-resisted|p1a: Bites of Dust","|-damage|p1a: Bites of Dust|384/420","|","|-damage|p2a: Breloom|229/261 tox|[from] psn","|turn|15","|","|move|p2a: Breloom|Spore|p1a: Bites of Dust","|-status|p1a: Bites of Dust|slp","|cant|p1a: Bites of Dust|slp","|","|-damage|p2a: Breloom|197/261 tox|[from] psn","|turn|16","|","|move|p2a: Breloom|Bullet Seed|p1a: Bites of Dust","|-damage|p1a: Bites of Dust|330/420 slp","|-damage|p1a: Bites of Dust|278/420 slp","|-damage|p1a: Bites of Dust|220/420 slp","|-hitcount|p1a: Bites of Dust|3","|cant|p1a: Bites of Dust|slp","|","|-damage|p2a: Breloom|149/261 tox|[from] psn","|turn|17","|","|switch|p1a: R U Jelly?|Goodra, F|201/381","|move|p2a: Breloom|Bullet Seed|p1a: R U Jelly?","|-boost|p1a: R U Jelly?|atk|1|[from] ability: Sap Sipper","|","|-damage|p2a: Breloom|85/261 tox|[from] psn","|turn|18","|","|move|p2a: Breloom|Mach Punch|p1a: R U Jelly?","|-damage|p1a: R U Jelly?|63/381","|move|p1a: R U Jelly?|Fire Blast|p2a: Breloom","|-supereffective|p2a: Breloom","|-damage|p2a: Breloom|0 fnt","|faint|p2a: Breloom","|","|","|switch|p2a: Serperior|Serperior, F|291/291","|-damage|p2a: Serperior|255/291|[from] Stealth Rock","|-status|p2a: Serperior|tox","|turn|19","|","|move|p2a: Serperior|Dragon Pulse|p1a: R U Jelly?","|-supereffective|p1a: R U Jelly?","|-damage|p1a: R U Jelly?|0 fnt","|-damage|p2a: Serperior|226/291 tox|[from] item: Life Orb","|faint|p1a: R U Jelly?","|","|-damage|p2a: Serperior|208/291 tox|[from] psn","|","|switch|p1a: Cloud with Wings|Altaria, F|265/353 par","|-ability|p1a: Cloud with Wings|Cloud Nine","|turn|20","|","|detailschange|p1a: Cloud with Wings|Altaria-Mega, F","|-mega|p1a: Cloud with Wings|Altaria|Altarianite","|move|p2a: Serperior|Hidden Power|p1a: Cloud with Wings","|-supereffective|p1a: Cloud with Wings","|-damage|p1a: Cloud with Wings|164/353 par","|-damage|p2a: Serperior|179/291 tox|[from] item: Life Orb","|move|p1a: Cloud with Wings|Heal Bell|p1a: Cloud with Wings","|-cureteam|p1a: Cloud with Wings|[from] move: HealBell","|","|-damage|p2a: Serperior|143/291 tox|[from] psn","|turn|21","|","|move|p2a: Serperior|Leaf Storm|p1a: Cloud with Wings","|-resisted|p1a: Cloud with Wings","|-damage|p1a: Cloud with Wings|70/353","|-boost|p2a: Serperior|spa|2","|-damage|p2a: Serperior|114/291 tox|[from] item: Life Orb","|move|p1a: Cloud with Wings|Roost|p1a: Cloud with Wings","|-heal|p1a: Cloud with Wings|247/353","|","|-damage|p2a: Serperior|60/291 tox|[from] psn","|turn|22","|","|move|p2a: Serperior|Hidden Power|p1a: Cloud with Wings","|-supereffective|p1a: Cloud with Wings","|-damage|p1a: Cloud with Wings|47/353","|-damage|p2a: Serperior|31/291 tox|[from] item: Life Orb","|move|p1a: Cloud with Wings|Roost|p1a: Cloud with Wings","|-heal|p1a: Cloud with Wings|224/353","|","|-damage|p2a: Serperior|0 fnt|[from] psn","|faint|p2a: Serperior","|","|switch|p2a: Venusaur|Venusaur, F|363/363","|-damage|p2a: Venusaur|318/363|[from] Stealth Rock","|-sideend|p2: Marx-Bot|move: Toxic Spikes|[of] p2a: Venusaur","|turn|23","|","|detailschange|p2a: Venusaur|Venusaur-Mega, F","|-mega|p2a: Venusaur|Venusaur|Venusaurite","|move|p2a: Venusaur|Leech Seed|p1a: Cloud with Wings|[miss]","|-miss|p2a: Venusaur|p1a: Cloud with Wings","|move|p1a: Cloud with Wings|Flamethrower|p2a: Venusaur","|-supereffective|p2a: Venusaur","|-damage|p2a: Venusaur|256/363","|","|turn|24","|","|switch|p1a: Cerberus+RedBull|Hydreigon, M|325/325","|move|p2a: Venusaur|Leech Seed|p1a: Cerberus+RedBull","|-start|p1a: Cerberus+RedBull|move: Leech Seed","|","|-damage|p1a: Cerberus+RedBull|285/325|[from] Leech Seed|[of] p2a: Venusaur","|-heal|p2a: Venusaur|296/363|[silent]","|turn|25","|","|move|p1a: Cerberus+RedBull|Earth Power|p2a: Venusaur","|-damage|p2a: Venusaur|193/363","|move|p2a: Venusaur|Sludge Bomb|p1a: Cerberus+RedBull","|-crit|p1a: Cerberus+RedBull","|-damage|p1a: Cerberus+RedBull|68/325","|","|-damage|p1a: Cerberus+RedBull|28/325|[from] Leech Seed|[of] p2a: Venusaur","|-heal|p2a: Venusaur|233/363|[silent]","|turn|26","|","|move|p1a: Cerberus+RedBull|Earth Power|p2a: Venusaur","|-damage|p2a: Venusaur|131/363","|move|p2a: Venusaur|Synthesis|p2a: Venusaur","|-heal|p2a: Venusaur|312/363","|","|-damage|p1a: Cerberus+RedBull|0 fnt|[from] Leech Seed|[of] p2a: Venusaur","|-heal|p2a: Venusaur|340/363|[silent]","|faint|p1a: Cerberus+RedBull","|","|switch|p1a: Dracoknight|Dragonite, M|323/323","|turn|27","|","|move|p1a: Dracoknight|Dragon Dance|p1a: Dracoknight","|-boost|p1a: Dracoknight|atk|1","|-boost|p1a: Dracoknight|spe|1","|move|p2a: Venusaur|Leech Seed|p1a: Dracoknight|[miss]","|-miss|p2a: Venusaur|p1a: Dracoknight","|","|turn|28","|","|move|p1a: Dracoknight|Dragon Dance|p1a: Dracoknight","|-boost|p1a: Dracoknight|atk|1","|-boost|p1a: Dracoknight|spe|1","|move|p2a: Venusaur|Leech Seed|p1a: Dracoknight|[miss]","|-miss|p2a: Venusaur|p1a: Dracoknight","|","|turn|29","|","|move|p1a: Dracoknight|Dragon Dance|p1a: Dracoknight","|-boost|p1a: Dracoknight|atk|1","|-boost|p1a: Dracoknight|spe|1","|move|p2a: Venusaur|Sludge Bomb|p1a: Dracoknight","|-damage|p1a: Dracoknight|261/323","|","|turn|30","|","|move|p1a: Dracoknight|Earthquake|p2a: Venusaur","|-damage|p2a: Venusaur|124/363","|move|p2a: Venusaur|Sludge Bomb|p1a: Dracoknight","|-damage|p1a: Dracoknight|141/323","|-status|p1a: Dracoknight|psn","|","|-damage|p1a: Dracoknight|101/323 psn|[from] psn","|turn|31","|","|move|p1a: Dracoknight|Earthquake|p2a: Venusaur","|-damage|p2a: Venusaur|0 fnt","|faint|p2a: Venusaur","|","|-damage|p1a: Dracoknight|61/323 psn|[from] psn","|","|switch|p2a: Whimsicott|Whimsicott, M|323/323","|-damage|p2a: Whimsicott|283/323|[from] Stealth Rock","|turn|32","|","|move|p1a: Dracoknight|Extreme Speed|p2a: Whimsicott","|-damage|p2a: Whimsicott|0 fnt","|faint|p2a: Whimsicott","|","|win|Sovereign♕Unknown"],"p1rating":{"entryid":"7172559","serverid":"eos","formatid":"monotype","userid":"sovereignunknown","username":"Sovereign♕Unknown","w":6,"l":"7","t":"0","gxe":49.6,"r":"1452.5467240237","rd":"107.45517671281","sigma":"0","rptime":"1438419600","rpr":1496.6320938817,"rprd":81.044218394365,"rpsigma":"0","acre":1111.6363488213,"lacre":1111.6363488213,"oldacre":"1088.737162969"},"p2rating":{"entryid":"5765428","serverid":"eos","formatid":"monotype","userid":"marxbot","username":"Marx Bot","w":"196","l":293,"t":"0","gxe":40.8,"r":"1434.8210524771","rd":"25","sigma":"0","rptime":"1438419600","rpr":1429.7463631377,"rprd":25,"rpsigma":"0","acre":1025.454141402,"lacre":1025.454141402,"oldacre":"1039.0611025058"},"endType":"normal"}