{"seed":[10532,38219,27107,15779],"turns":20,"p1":"Seven Swell","p2":"Sovereign♕Cactus","p1team":[{"name":"MDITDTWPTH","species":"excadrill","item":"lifeorb","ability":"Sand Rush","moves":["ironhead","earthquake","swordsdance","rockslide"],"nature":"Adamant","evs":{"hp":0,"atk":252,"def":0,"spa":0,"spd":4,"spe":252},"gender":"M","ivs":{"hp":31,"atk":31,"def":31,"spa":31,"spd":31,"spe":31}},{"name":"Garchomp","species":"Garchomp","item":"garchompite","ability":"Sand Veil","moves":["dragonclaw","earthquake","fireblast","swordsdance"],"nature":"Naughty","evs":{"hp":0,"atk":252,"def":0,"spa":4,"spd":0,"spe":252},"gender":"F","ivs":{"hp":31,"atk":31,"def":31,"spa":31,"spd":31,"spe":31}},{"name":"Mamoswine","species":"Mamoswine","item":"choiceband","ability":"Thick Fat","moves":["earthquake","iciclecrash","iceshard","knockoff"],"nature":"Adamant","evs":{"hp":72,"atk":252,"def":0,"spa":0,"spd":0,"spe":184},"ivs":{"hp":31,"atk":31,"def":31,"spa":31,"spd":31,"spe":31}},{"name":"Hippowdon","species":"Hippowdon","item":"leftovers","ability":"Sand Stream","moves":["earthquake","whirlwind","stealthrock","slackoff"],"nature":"Impish","evs":{"hp":248,"atk":8,"def":252,"spa":0,"spd":0,"spe":0},"gender":"M","ivs":{"hp":31,"atk":31,"def":31,"spa":31,"spd":31,"spe":31}},{"name":"Landorus","species":"Landorus","item":"lifeorb","ability":"Sheer Force","moves":["earthpower","sludgewave","calmmind","rockpolish"],"nature":"Timid","evs":{"hp":0,"atk":0,"def":0,"spa":252,"spd":4,"spe":252},"ivs":{"hp":31,"atk":31,"def":31,"spa":31,"spd":31,"spe":31}},{"name":"Gastrodon","species":"Gastrodon","item":"leftovers","ability":"Storm Drain","moves":["scald","icebeam","recover","toxic"],"nature":"Calm","evs":{"hp":252,"atk":0,"def":0,"spa":4,"spd":252,"spe":0},"gender":"M","ivs":{"hp":31,"atk":31,"def":31,"spa":31,"spd":31,"spe":31}}],"p2team":[{"name":"Quagmire","species":"quagsire","item":"leftovers","ability":"Water Absorb","moves":["yawn","scald","recover","stockpile"],"nature":"Bold","evs":{"hp":252,"atk":0,"def":252,"spa":0,"spd":4,"spe":0},"ivs":{"hp":31,"atk":31,"def":31,"spa":31,"spd":31,"spe":31}},{"name":"Bareny&Dragons","species":"garchomp","item":"garchompite","ability":"Sand Veil","moves":["earthquake","dracometeor","fireblast","stoneedge"],"nature":"","shiny":true,"evs":{"hp":0,"atk":0,"def":0,"spa":0,"spd":0,"spe":0},"ivs":{"hp":31,"atk":31,"def":31,"spa":31,"spd":31,"spe":31}},{"name":"DigDug","species":"excadrill","item":"lifeorb","ability":"Sand Rush","moves":["earthquake","xscissor","rockslide","ironhead"],"nature":"Adamant","evs":{"hp":0,"atk":252,"def":0,"spa":0,"spd":4,"spe":252},"shiny":true,"ivs":{"hp":31,"atk":31,"def":31,"spa":31,"spd":31,"spe":31}},{"name":"Manny","species":"mamoswine","item":"choicescarf","ability":"Thick Fat","moves":["earthquake","iceshard","iciclecrash","superpower"],"nature":"Jolly","evs":{"hp":0,"atk":248,"def":0,"spa":0,"spd":4,"spe":252},"ivs":{"hp":31,"atk":31,"def":31,"spa":31,"spd":31,"spe":31}},{"name":"Orange Hulk","species":"landorus","item":"lifeorb","ability":"Sheer Force","moves":["earthpower","focusblast","psychic","sludgewave"],"nature":"Timid","evs":{"hp":0,"atk":0,"def":0,"spa":252,"spd":4,"spe":252},"shiny":true,"ivs":{"hp":31,"atk":31,"def":31,"spa":31,"spd":31,"spe":31}},{"name":"Dental Floss","species":"hippowdon","item":"leftovers","ability":"Sand Stream","moves":["earthquake","roar","stealthrock","slackoff"],"nature":"Impish","evs":{"hp":252,"atk":4,"def":252,"spa":0,"spd":0,"spe":0},"shiny":true,"ivs":{"hp":31,"atk":31,"def":31,"spa":31,"spd":31,"spe":31}}],"log":["|player|p1|Seven Swell|sevenswell.png","|player|p2|Sovereign♕Cactus|251","|gametype|singles","|gen|6","|tier|Monotype","|rated","|rule|Baton Pass Clause: Limit one Baton Passer, can't pass Spe and other stats simultaneously","|rule|Swagger Clause: Swagger is banned","|rule|Same Type Clause: Pokémon in a team must share a type","|clearpoke","|poke|p1|Excadrill, M","|poke|p1|Garchomp, F","|poke|p1|Mamoswine, F","|poke|p1|Hippowdon, M","|poke|p1|Landorus, M","|poke|p1|Gastrodon, M","|poke|p2|Quagsire, F","|poke|p2|Garchomp, M, shiny","|poke|p2|Excadrill, F, shiny","|poke|p2|Mamoswine, M","|poke|p2|Landorus, M, shiny","|poke|p2|Hippowdon, F, shiny","|rule|Sleep Clause Mod: Limit one foe put to sleep","|rule|Species Clause: Limit one of each Pokémon","|rule|OHKO Clause: OHKO moves are banned","|rule|Moody Clause: Moody is banned","|rule|Evasion Moves Clause: Evasion moves are banned","|rule|Endless Battle Clause: Forcing endless battles is banned","|rule|HP Percentage Mod: HP is shown in percentages","|teampreview","|","|start","|switch|p1a: Gastrodon|Gastrodon, M|426/426","|switch|p2a: Dental Floss|Hippowdon, F, shiny|420/420","|-weather|Sandstorm","|turn|1","|","|move|p2a: Dental Floss|Stealth Rock|p1a: Gastrodon","|-sidestart|p1: Seven Swell|move: Stealth Rock","|move|p1a: Gastrodon|Scald|p2a: Dental Floss","|-supereffective|p2a: Dental Floss","|-damage|p2a: Dental Floss|202/420","|-status|p2a: Dental Floss|brn","|","|-weather|Sandstorm|[upkeep]","|-heal|p2a: Dental Floss|228/420 brn|[from] item: Leftovers","|-damage|p2a: Dental Floss|176/420 brn|[from] brn","|turn|2","|","|switch|p2a: Quagmire|Quagsire, F|394/394","|move|p1a: Gastrodon|Ice Beam|p2a: Quagmire","|-damage|p2a: Quagmire|297/394","|","|-weather|Sandstorm|[upkeep]","|-heal|p2a: Quagmire|321/394|[from] item: Leftovers","|turn|3","|","|move|p1a: Gastrodon|Toxic|p2a: Quagmire","|-status|p2a: Quagmire|tox","|move|p2a: Quagmire|Yawn|p1a: Gastrodon","|-start|p1a: Gastrodon|move: Yawn|[of] p2a: Quagmire","|","|-weather|Sandstorm|[upkeep]","|-heal|p2a: Quagmire|345/394 tox|[from] item: Leftovers","|-damage|p2a: Quagmire|321/394 tox|[from] psn","|turn|4","|","|switch|p1a: Garchomp|Garchomp, F|357/357","|-damage|p1a: Garchomp|335/357|[from] Stealth Rock","|switch|p2a: DigDug|Excadrill, F, shiny|361/361","|","|-weather|Sandstorm|[upkeep]","|turn|5","|","|move|p2a: DigDug|Earthquake|p1a: Garchomp","|-damage|p1a: Garchomp|53/357","|-damage|p2a: DigDug|325/361|[from] item: Life Orb","|move|p1a: Garchomp|Earthquake|p2a: DigDug","|-supereffective|p2a: DigDug","|-damage|p2a: DigDug|0 fnt","|faint|p2a: DigDug","|","|-weather|none","|","|switch|p2a: Bareny&Dragons|Garchomp, M, shiny|357/357","|turn|6","|","|detailschange|p1a: Garchomp|Garchomp-Mega, F","|-mega|p1a: Garchomp|Garchomp|Garchompite","|detailschange|p2a: Bareny&Dragons|Garchomp-Mega, M, shiny","|-mega|p2a: Bareny&Dragons|Garchomp|Garchompite","|move|p1a: Garchomp|Dragon Claw|p2a: Bareny&Dragons","|-supereffective|p2a: Bareny&Dragons","|-damage|p2a: Bareny&Dragons|31/357","|move|p2a: Bareny&Dragons|Earthquake|p1a: Garchomp","|-crit|p1a: Garchomp","|-damage|p1a: Garchomp|0 fnt","|faint|p1a: Garchomp","|","|","|switch|p1a: Hippowdon|Hippowdon, M|419/419","|-damage|p1a: Hippowdon|393/419|[from] Stealth Rock","|-weather|Sandstorm","|turn|7","|","|move|p2a: Bareny&Dragons|Earthquake|p1a: Hippowdon","|-damage|p1a: Hippowdon|249/419","|move|p1a: Hippowdon|Stealth Rock|p2a: Bareny&Dragons","|-sidestart|p2: Sovereign♕Cactus|move: Stealth Rock","|","|-weather|Sandstorm|[upkeep]","|-heal|p1a: Hippowdon|275/419|[from] item: Leftovers","|turn|8","|","|move|p2a: Bareny&Dragons|Draco Meteor|p1a: Hippowdon","|-damage|p1a: Hippowdon|50/419","|-unboost|p2a: Bareny&Dragons|spa|2","|move|p1a: Hippowdon|Slack Off|p1a: Hippowdon","|-heal|p1a: Hippowdon|260/419","|","|-weather|Sandstorm|[upkeep]","|-heal|p1a: Hippowdon|286/419|[from] item: Leftovers","|turn|9","|","|switch|p2a: Quagmire|Quagsire, F|321/394 tox","|-damage|p2a: Quagmire|297/394 tox|[from] Stealth Rock","|move|p1a: Hippowdon|Whirlwind|p2a: Quagmire","|drag|p2a: Manny|Mamoswine, M|361/361","|-damage|p2a: Manny|316/361|[from] Stealth Rock","|","|-weather|Sandstorm|[upkeep]","|-heal|p1a: Hippowdon|312/419|[from] item: Leftovers","|turn|10","|","|switch|p1a: Landorus|Landorus, M|319/319","|-damage|p1a: Landorus|280/319|[from] Stealth Rock","|move|p2a: Manny|Icicle Crash|p1a: Landorus|[miss]","|-miss|p2a: Manny|p1a: Landorus","|","|-weather|Sandstorm|[upkeep]","|turn|11","|","|move|p2a: Manny|Icicle Crash|p1a: Landorus","|-supereffective|p1a: Landorus","|-damage|p1a: Landorus|0 fnt","|faint|p1a: Landorus","|","|-weather|none","|","|switch|p1a: Mamoswine|Mamoswine, F|379/379","|-damage|p1a: Mamoswine|332/379|[from] Stealth Rock","|turn|12","|","|switch|p2a: Quagmire|Quagsire, F|297/394 tox","|-damage|p2a: Quagmire|273/394 tox|[from] Stealth Rock","|move|p1a: Mamoswine|Earthquake|p2a: Quagmire","|-damage|p2a: Quagmire|18/394 tox","|","|-heal|p2a: Quagmire|42/394 tox|[from] item: Leftovers","|-damage|p2a: Quagmire|18/394 tox|[from] psn","|turn|13","|","|switch|p1a: Hippowdon|Hippowdon, M|312/419","|-damage|p1a: Hippowdon|286/419|[from] Stealth Rock","|-weather|Sandstorm","|move|p2a: Quagmire|Yawn|p1a: Hippowdon","|-start|p1a: Hippowdon|move: Yawn|[of] p2a: Quagmire","|","|-weather|Sandstorm|[upkeep]","|-heal|p1a: Hippowdon|312/419|[from] item: Leftovers","|-heal|p2a: Quagmire|42/394 tox|[from] item: Leftovers","|-damage|p2a: Quagmire|0 fnt|[from] psn","|faint|p2a: Quagmire","|","|switch|p2a: Bareny&Dragons|Garchomp-Mega, M, shiny|31/357","|-damage|p2a: Bareny&Dragons|9/357|[from] Stealth Rock","|turn|14","|","|switch|p1a: Gastrodon|Gastrodon, M|426/426","|-damage|p1a: Gastrodon|400/426|[from] Stealth Rock","|move|p2a: Bareny&Dragons|Draco Meteor|p1a: Gastrodon","|-crit|p1a: Gastrodon","|-damage|p1a: Gastrodon|180/426","|-unboost|p2a: Bareny&Dragons|spa|2","|","|-weather|Sandstorm|[upkeep]","|-heal|p1a: Gastrodon|206/426|[from] item: Leftovers","|turn|15","|","|move|p2a: Bareny&Dragons|Earthquake|p1a: Gastrodon","|-damage|p1a: Gastrodon|0 fnt","|faint|p1a: Gastrodon","|","|-weather|Sandstorm|[upkeep]","|","|switch|p1a: MDITDTWPTH|Excadrill, M|361/361","|-damage|p1a: MDITDTWPTH|350/361|[from] Stealth Rock","|turn|16","|","|move|p1a: MDITDTWPTH|Iron Head|p2a: Bareny&Dragons","|-damage|p2a: Bareny&Dragons|0 fnt","|-damage|p1a: MDITDTWPTH|314/361|[from] item: Life Orb","|faint|p2a: Bareny&Dragons","|","|-weather|Sandstorm|[upkeep]","|","|switch|p2a: Dental Floss|Hippowdon, F, shiny|176/420 brn","|-damage|p2a: Dental Floss|150/420 brn|[from] Stealth Rock","|turn|17","|","|move|p1a: MDITDTWPTH|Earthquake|p2a: Dental Floss","|-damage|p2a: Dental Floss|0 fnt","|-damage|p1a: MDITDTWPTH|278/361|[from] item: Life Orb","|faint|p2a: Dental Floss","|","|-weather|none","|","|switch|p2a: Orange Hulk|Landorus, M, shiny|319/319","|-damage|p2a: Orange Hulk|280/319|[from] Stealth Rock","|turn|18","|","|switch|p1a: Hippowdon|Hippowdon, M|312/419","|-damage|p1a: Hippowdon|286/419|[from] Stealth Rock","|-weather|Sandstorm","|move|p2a: Orange Hulk|Earth Power|p1a: Hippowdon","|-damage|p1a: Hippowdon|0 fnt","|faint|p1a: Hippowdon","|","|-weather|Sandstorm|[upkeep]","|","|switch|p1a: MDITDTWPTH|Excadrill, M|278/361","|-damage|p1a: MDITDTWPTH|267/361|[from] Stealth Rock","|turn|19","|","|move|p1a: MDITDTWPTH|Iron Head|p2a: Orange Hulk","|-crit|p2a: Orange Hulk","|-damage|p2a: Orange Hulk|0 fnt","|-damage|p1a: MDITDTWPTH|231/361|[from] item: Life Orb","|faint|p2a: Orange Hulk","|","|-weather|Sandstorm|[upkeep]","|","|switch|p2a: Manny|Mamoswine, M|316/361","|-damage|p2a: Manny|271/361|[from] Stealth Rock","|turn|20","|","|move|p1a: MDITDTWPTH|Iron Head|p2a: Manny","|-supereffective|p2a: Manny","|-damage|p2a: Manny|0 fnt","|-damage|p1a: MDITDTWPTH|195/361|[from] item: Life Orb","|faint|p2a: Manny","|","|win|Seven Swell"],"p1rating":{"entryid":"7267988","serverid":"eos","formatid":"monotype","userid":"sevenswell","username":"Seven Swell","w":23,"l":"14","t":"0","gxe":61.9,"r":"1567.1915192808","rd":"73.69736110994","sigma":"0","rptime":"1438419600","rpr":1592.7594743971,"rprd":56.171878398338,"rpsigma":"0","acre":1196.5882232804,"lacre":1196.5882232804,"oldacre":"1172.3231148354"},"p2rating":{"entryid":"6867552","serverid":"eos","formatid":"monotype","userid":"sovereigncactus","username":"Sovereign♕Cactus","w":"52","l":63,"t":"0","gxe":45.1,"r":"1460.5508031088","rd":"35.753247470272","sigma":"0","rptime":"1438419600","rpr":1463.2234210063,"rprd":33.810139387702,"rpsigma":"0","acre":1137.8419640262,"lacre":1137.8419640262,"oldacre":"1162.1070724712"},"endType":"normal"}