{"seed":[41172,58435,16186,19103],"turns":32,"p1":"Alliance - Gamma~","p2":"R06L29A01","p1team":[{"name":"Tyranitar","species":"Tyranitar","item":"leftovers","ability":"Sand Stream","moves":["stealthrock","thunderwave","darkpulse","earthpower"],"nature":"Calm","evs":{"hp":252,"atk":0,"def":0,"spa":0,"spd":252,"spe":0},"ivs":{"hp":31,"atk":0,"def":31,"spa":31,"spd":31,"spe":31}},{"name":"Sableye","species":"Sableye","item":"leftovers","ability":"Prankster","moves":["willowisp","recover","snarl","taunt"],"nature":"Calm","evs":{"hp":252,"atk":0,"def":0,"spa":4,"spd":252,"spe":0},"ivs":{"hp":31,"atk":0,"def":31,"spa":31,"spd":31,"spe":31}},{"name":"Mandibuzz","species":"Mandibuzz","item":"rockyhelmet","ability":"Overcoat","moves":["foulplay","toxic","defog","roost"],"nature":"Bold","evs":{"hp":248,"atk":0,"def":252,"spa":0,"spd":8,"spe":0},"ivs":{"hp":31,"atk":31,"def":31,"spa":0,"spd":31,"spe":31}},{"name":"Absol","species":"Absol","item":"absolite","ability":"Pressure","moves":["swordsdance","suckerpunch","playrough","superpower"],"nature":"Jolly","evs":{"hp":0,"atk":252,"def":0,"spa":0,"spd":4,"spe":252},"ivs":{"hp":31,"atk":31,"def":31,"spa":0,"spd":31,"spe":31}},{"name":"Bisharp","species":"Bisharp","item":"leftovers","ability":"Defiant","moves":["swordsdance","substitute","suckerpunch","ironhead"],"nature":"Impish","evs":{"hp":252,"atk":0,"def":252,"spa":0,"spd":4,"spe":0},"ivs":{"hp":31,"atk":31,"def":31,"spa":0,"spd":31,"spe":31}},{"name":"Hydreigon","species":"Hydreigon","item":"choicescarf","ability":"Levitate","moves":["dracometeor","darkpulse","flamethrower","flashcannon"],"nature":"Timid","evs":{"hp":0,"atk":0,"def":0,"spa":252,"spd":4,"spe":252},"ivs":{"hp":31,"atk":0,"def":31,"spa":31,"spd":31,"spe":31}}],"p2team":[{"name":"Druddigon","species":"Druddigon","item":"focussash","ability":"Rough Skin","moves":["glare","dragontail","earthquake","stealthrock"],"nature":"Adamant","evs":{"hp":248,"atk":252,"def":0,"spa":0,"spd":8,"spe":0},"shiny":true,"ivs":{"hp":31,"atk":31,"def":31,"spa":31,"spd":31,"spe":31}},{"name":"Dragonite","species":"Dragonite","item":"weaknesspolicy","ability":"Multiscale","moves":["extremespeed","dragondance","dragonclaw","earthquake"],"nature":"Adamant","evs":{"hp":0,"atk":252,"def":0,"spa":0,"spd":4,"spe":252},"ivs":{"hp":31,"atk":31,"def":31,"spa":31,"spd":31,"spe":31}},{"name":"Goodra","species":"Goodra","item":"assaultvest","ability":"Gooey","moves":["dragonpulse","icebeam","flamethrower","sludgebomb"],"nature":"Modest","evs":{"hp":248,"atk":0,"def":0,"spa":252,"spd":8,"spe":0},"shiny":true,"ivs":{"hp":31,"atk":31,"def":31,"spa":31,"spd":31,"spe":31}},{"name":"Latias","species":"Latias","item":"latiasite","ability":"Levitate","moves":["thunderbolt","recover","dragonpulse","surf"],"nature":"Modest","evs":{"hp":248,"atk":0,"def":0,"spa":252,"spd":8,"spe":0},"shiny":true,"ivs":{"hp":31,"atk":31,"def":31,"spa":31,"spd":31,"spe":31}},{"name":"Garchomp","species":"Garchomp","item":"focussash","ability":"Rough Skin","moves":["dragonclaw","swordsdance","earthquake","firefang"],"nature":"Jolly","evs":{"hp":0,"atk":252,"def":0,"spa":0,"spd":4,"spe":252},"shiny":true,"ivs":{"hp":31,"atk":31,"def":31,"spa":31,"spd":31,"spe":31}},{"name":"Salamence","species":"Salamence","item":"choicescarf","ability":"Moxie","moves":["dragontail","irontail","firefang","outrage"],"nature":"Jolly","evs":{"hp":0,"atk":252,"def":0,"spa":0,"spd":4,"spe":252},"shiny":true,"ivs":{"hp":31,"atk":31,"def":31,"spa":31,"spd":31,"spe":31}}],"log":["|player|p1|Alliance - Gamma~|alliancegamma.gif","|player|p2|R06L29A01|209","|gametype|singles","|gen|6","|tier|Monotype","|rated","|rule|Baton Pass Clause: Limit one Baton Passer, can't pass Spe and other stats simultaneously","|rule|Swagger Clause: Swagger is banned","|rule|Same Type Clause: Pokémon in a team must share a type","|clearpoke","|poke|p1|Tyranitar, M","|poke|p1|Sableye, F","|poke|p1|Mandibuzz, F","|poke|p1|Absol, F","|poke|p1|Bisharp, M","|poke|p1|Hydreigon, F","|poke|p2|Druddigon, F, shiny","|poke|p2|Dragonite, F","|poke|p2|Goodra, F, shiny","|poke|p2|Latias, F, shiny","|poke|p2|Garchomp, M, shiny","|poke|p2|Salamence, M, shiny","|rule|Sleep Clause Mod: Limit one foe put to sleep","|rule|Species Clause: Limit one of each Pokémon","|rule|OHKO Clause: OHKO moves are banned","|rule|Moody Clause: Moody is banned","|rule|Evasion Moves Clause: Evasion moves are banned","|rule|Endless Battle Clause: Forcing endless battles is banned","|rule|HP Percentage Mod: HP is shown in percentages","|teampreview","|","|start","|switch|p1a: Sableye|Sableye, F|304/304","|switch|p2a: Salamence|Salamence, M, shiny|331/331","|turn|1","|","|move|p1a: Sableye|Will-O-Wisp|p2a: Salamence","|-status|p2a: Salamence|brn","|move|p2a: Salamence|Outrage|p1a: Sableye","|-damage|p1a: Sableye|154/304","|","|-heal|p1a: Sableye|173/304|[from] item: Leftovers","|-damage|p2a: Salamence|290/331 brn|[from] brn","|turn|2","|","|switch|p1a: Bisharp|Bisharp, M|334/334","|move|p2a: Salamence|Outrage|p1a: Bisharp","|-resisted|p1a: Bisharp","|-damage|p1a: Bisharp|291/334","|","|-heal|p1a: Bisharp|311/334|[from] item: Leftovers","|-damage|p2a: Salamence|249/331 brn|[from] brn","|turn|3","|","|move|p2a: Salamence|Outrage|p1a: Bisharp","|-crit|p1a: Bisharp","|-resisted|p1a: Bisharp","|-damage|p1a: Bisharp|257/334","|-start|p2a: Salamence|confusion|[fatigue]","|move|p1a: Bisharp|Substitute|p1a: Bisharp","|-start|p1a: Bisharp|Substitute","|-damage|p1a: Bisharp|174/334","|","|-heal|p1a: Bisharp|194/334|[from] item: Leftovers","|-damage|p2a: Salamence|208/331 brn|[from] brn","|turn|4","|","|switch|p2a: Druddigon|Druddigon, F, shiny|357/357","|move|p1a: Bisharp|Swords Dance|p1a: Bisharp","|-boost|p1a: Bisharp|atk|2","|","|-heal|p1a: Bisharp|214/334|[from] item: Leftovers","|turn|5","|","|move|p1a: Bisharp|Iron Head|p2a: Druddigon","|-damage|p2a: Druddigon|128/357","|-damage|p1a: Bisharp|173/334|[from] ability: Rough Skin|[of] p2a: Druddigon","|move|p2a: Druddigon|Stealth Rock|p1a: Bisharp","|-sidestart|p1: Alliance - Gamma~|move: Stealth Rock","|","|-heal|p1a: Bisharp|193/334|[from] item: Leftovers","|turn|6","|","|move|p1a: Bisharp|Iron Head|p2a: Druddigon","|-damage|p2a: Druddigon|0 fnt","|-damage|p1a: Bisharp|152/334|[from] ability: Rough Skin|[of] p2a: Druddigon","|faint|p2a: Druddigon","|","|-heal|p1a: Bisharp|172/334|[from] item: Leftovers","|","|switch|p2a: Garchomp|Garchomp, M, shiny|357/357","|turn|7","|","|move|p2a: Garchomp|Earthquake|p1a: Bisharp","|-supereffective|p1a: Bisharp","|-end|p1a: Bisharp|Substitute","|move|p1a: Bisharp|Iron Head|p2a: Garchomp","|-damage|p2a: Garchomp|134/357","|-damage|p1a: Bisharp|131/334|[from] ability: Rough Skin|[of] p2a: Garchomp","|","|-heal|p1a: Bisharp|151/334|[from] item: Leftovers","|turn|8","|","|move|p1a: Bisharp|Sucker Punch|p2a: Garchomp","|-damage|p2a: Garchomp|0 fnt","|-damage|p1a: Bisharp|110/334|[from] ability: Rough Skin|[of] p2a: Garchomp","|faint|p2a: Garchomp","|","|-heal|p1a: Bisharp|130/334|[from] item: Leftovers","|","|switch|p2a: Goodra|Goodra, F, shiny|383/383","|turn|9","|","|move|p2a: Goodra|Flamethrower|p1a: Bisharp","|-crit|p1a: Bisharp","|-supereffective|p1a: Bisharp","|-damage|p1a: Bisharp|0 fnt","|faint|p1a: Bisharp","|","|","|switch|p1a: Tyranitar|Tyranitar, M|404/404","|-damage|p1a: Tyranitar|354/404|[from] Stealth Rock","|-weather|Sandstorm","|turn|10","|","|switch|p2a: Latias|Latias, F, shiny|363/363","|move|p1a: Tyranitar|Thunder Wave|p2a: Latias","|-status|p2a: Latias|par","|","|-weather|Sandstorm|[upkeep]","|-damage|p2a: Latias|341/363 par|[from] sandstorm","|-heal|p1a: Tyranitar|379/404|[from] item: Leftovers","|turn|11","|","|detailschange|p2a: Latias|Latias-Mega, F, shiny","|-mega|p2a: Latias|Latias|Latiasite","|move|p1a: Tyranitar|Stealth Rock|p2a: Latias","|-sidestart|p2: R06L29A01|move: Stealth Rock","|move|p2a: Latias|Surf|p1a: Tyranitar","|-supereffective|p1a: Tyranitar","|-damage|p1a: Tyranitar|259/404","|","|-weather|Sandstorm|[upkeep]","|-damage|p2a: Latias|319/363 par|[from] sandstorm","|-heal|p1a: Tyranitar|284/404|[from] item: Leftovers","|turn|12","|","|switch|p1a: Hydreigon|Hydreigon, F|325/325","|-damage|p1a: Hydreigon|285/325|[from] Stealth Rock","|move|p2a: Latias|Dragon Pulse|p1a: Hydreigon","|-supereffective|p1a: Hydreigon","|-damage|p1a: Hydreigon|0 fnt","|faint|p1a: Hydreigon","|","|-weather|Sandstorm|[upkeep]","|-damage|p2a: Latias|297/363 par|[from] sandstorm","|","|switch|p1a: Absol|Absol, F|271/271","|-damage|p1a: Absol|238/271|[from] Stealth Rock","|-ability|p1a: Absol|Pressure","|turn|13","|","|detailschange|p1a: Absol|Absol-Mega, F","|-mega|p1a: Absol|Absol|Absolite","|move|p1a: Absol|Play Rough|p2a: Latias","|-supereffective|p2a: Latias","|-damage|p2a: Latias|89/363 par","|-unboost|p2a: Latias|atk|1","|move|p2a: Latias|Thunderbolt|p1a: Absol","|-damage|p1a: Absol|41/271","|","|-weather|Sandstorm|[upkeep]","|-damage|p1a: Absol|25/271|[from] sandstorm","|-damage|p2a: Latias|67/363 par|[from] sandstorm","|turn|14","|","|move|p1a: Absol|Play Rough|p2a: Latias","|-supereffective|p2a: Latias","|-damage|p2a: Latias|0 fnt","|faint|p2a: Latias","|","|-weather|none","|","|switch|p2a: Dragonite|Dragonite, F|323/323","|-damage|p2a: Dragonite|243/323|[from] Stealth Rock","|turn|15","|","|move|p2a: Dragonite|Extreme Speed|p1a: Absol","|-damage|p1a: Absol|0 fnt","|faint|p1a: Absol","|","|","|switch|p1a: Mandibuzz|Mandibuzz, F|423/423","|-damage|p1a: Mandibuzz|318/423|[from] Stealth Rock","|turn|16","|","|move|p2a: Dragonite|Extreme Speed|p1a: Mandibuzz","|-damage|p1a: Mandibuzz|237/423","|-damage|p2a: Dragonite|190/323|[from] item: Rocky Helmet|[of] p1a: Mandibuzz","|move|p1a: Mandibuzz|Foul Play|p2a: Dragonite","|-damage|p2a: Dragonite|0 fnt","|faint|p2a: Dragonite","|","|","|switch|p2a: Goodra|Goodra, F, shiny|383/383","|-damage|p2a: Goodra|336/383|[from] Stealth Rock","|turn|17","|","|switch|p1a: Tyranitar|Tyranitar, M|284/404","|-damage|p1a: Tyranitar|234/404|[from] Stealth Rock","|-weather|Sandstorm","|move|p2a: Goodra|Ice Beam|p1a: Tyranitar","|-damage|p1a: Tyranitar|182/404","|","|-weather|Sandstorm|[upkeep]","|-damage|p2a: Goodra|313/383|[from] sandstorm","|-heal|p1a: Tyranitar|207/404|[from] item: Leftovers","|turn|18","|","|switch|p2a: Salamence|Salamence, M, shiny|208/331 brn","|-damage|p2a: Salamence|126/331 brn|[from] Stealth Rock","|move|p1a: Tyranitar|Thunder Wave|p2a: Salamence","|-fail|p2a: Salamence","|","|-weather|Sandstorm|[upkeep]","|-damage|p2a: Salamence|106/331 brn|[from] sandstorm","|-heal|p1a: Tyranitar|232/404|[from] item: Leftovers","|-damage|p2a: Salamence|65/331 brn|[from] brn","|turn|19","|","|switch|p1a: Mandibuzz|Mandibuzz, F|237/423","|-damage|p1a: Mandibuzz|132/423|[from] Stealth Rock","|move|p2a: Salamence|Outrage|p1a: Mandibuzz","|-damage|p1a: Mandibuzz|60/423","|-damage|p2a: Salamence|10/331 brn|[from] item: Rocky Helmet|[of] p1a: Mandibuzz","|","|-weather|Sandstorm|[upkeep]","|-damage|p2a: Salamence|0 fnt|[from] sandstorm","|faint|p2a: Salamence","|","|switch|p2a: Goodra|Goodra, F, shiny|313/383","|-damage|p2a: Goodra|266/383|[from] Stealth Rock","|turn|20","|","|move|p2a: Goodra|Dragon Pulse|p1a: Mandibuzz","|-damage|p1a: Mandibuzz|0 fnt","|faint|p1a: Mandibuzz","|","|-weather|Sandstorm|[upkeep]","|-damage|p2a: Goodra|243/383|[from] sandstorm","|","|switch|p1a: Sableye|Sableye, F|173/304","|-damage|p1a: Sableye|135/304|[from] Stealth Rock","|turn|21","|","|move|p1a: Sableye|Recover|p1a: Sableye","|-heal|p1a: Sableye|287/304","|move|p2a: Goodra|Dragon Pulse|p1a: Sableye","|-damage|p1a: Sableye|143/304","|","|-weather|none","|-heal|p1a: Sableye|162/304|[from] item: Leftovers","|turn|22","|","|move|p2a: Goodra|Dragon Pulse|p1a: Sableye","|-damage|p1a: Sableye|33/304","|move|p1a: Sableye|Snarl|p2a: Goodra","|-damage|p2a: Goodra|222/383","|-unboost|p2a: Goodra|spa|1","|","|-heal|p1a: Sableye|52/304|[from] item: Leftovers","|turn|23","|","|move|p1a: Sableye|Recover|p1a: Sableye","|-heal|p1a: Sableye|204/304","|move|p2a: Goodra|Dragon Pulse|p1a: Sableye","|-damage|p1a: Sableye|108/304","|","|-heal|p1a: Sableye|127/304|[from] item: Leftovers","|turn|24","|","|move|p2a: Goodra|Dragon Pulse|p1a: Sableye","|-damage|p1a: Sableye|27/304","|move|p1a: Sableye|Snarl|p2a: Goodra","|-damage|p2a: Goodra|198/383","|-unboost|p2a: Goodra|spa|1","|","|-heal|p1a: Sableye|46/304|[from] item: Leftovers","|turn|25","|","|move|p1a: Sableye|Recover|p1a: Sableye","|-heal|p1a: Sableye|198/304","|move|p2a: Goodra|Dragon Pulse|p1a: Sableye","|-crit|p1a: Sableye","|-damage|p1a: Sableye|2/304","|","|-heal|p1a: Sableye|21/304|[from] item: Leftovers","|turn|26","|","|move|p1a: Sableye|Recover|p1a: Sableye","|-heal|p1a: Sableye|173/304","|move|p2a: Goodra|Dragon Pulse|p1a: Sableye","|-damage|p1a: Sableye|98/304","|","|-heal|p1a: Sableye|117/304|[from] item: Leftovers","|turn|27","|","|move|p2a: Goodra|Dragon Pulse|p1a: Sableye","|-damage|p1a: Sableye|44/304","|move|p1a: Sableye|Snarl|p2a: Goodra","|-damage|p2a: Goodra|173/383","|-unboost|p2a: Goodra|spa|1","|","|-heal|p1a: Sableye|63/304|[from] item: Leftovers","|turn|28","|","|move|p1a: Sableye|Recover|p1a: Sableye","|-heal|p1a: Sableye|215/304","|move|p2a: Goodra|Dragon Pulse|p1a: Sableye","|-damage|p1a: Sableye|161/304","|","|-heal|p1a: Sableye|180/304|[from] item: Leftovers","|turn|29","|","|move|p2a: Goodra|Sludge Bomb|p1a: Sableye","|-resisted|p1a: Sableye","|-damage|p1a: Sableye|160/304","|-status|p1a: Sableye|psn","|move|p1a: Sableye|Snarl|p2a: Goodra","|-damage|p2a: Goodra|152/383","|-unboost|p2a: Goodra|spa|1","|","|-heal|p1a: Sableye|179/304 psn|[from] item: Leftovers","|-damage|p1a: Sableye|141/304 psn|[from] psn","|turn|30","|","|move|p1a: Sableye|Will-O-Wisp|p2a: Goodra|[miss]","|-miss|p1a: Sableye|p2a: Goodra","|move|p2a: Goodra|Dragon Pulse|p1a: Sableye","|-damage|p1a: Sableye|95/304 psn","|","|-heal|p1a: Sableye|114/304 psn|[from] item: Leftovers","|-damage|p1a: Sableye|76/304 psn|[from] psn","|turn|31","|","|move|p1a: Sableye|Recover|p1a: Sableye","|-heal|p1a: Sableye|228/304 psn","|move|p2a: Goodra|Dragon Pulse|p1a: Sableye","|-damage|p1a: Sableye|185/304 psn","|","|-heal|p1a: Sableye|204/304 psn|[from] item: Leftovers","|-damage|p1a: Sableye|166/304 psn|[from] psn","|turn|32","|","|win|Alliance - Gamma~"],"p1rating":{"entryid":"7175041","serverid":"eos","formatid":"monotype","userid":"alliancegamma","username":"Alliance ♥ Gamma","w":9,"l":"1","t":"0","gxe":69.9,"r":"1651.2150833048","rd":"89.279405166392","sigma":"0","rptime":"1438419600","rpr":1663.4424561496,"rprd":87.012732523931,"rpsigma":"0","acre":1209.6585222788,"lacre":1209.6585222788,"oldacre":"1192.8985063735"},"p2rating":{"entryid":"6931648","serverid":"eos","formatid":"monotype","userid":"r06l29a01","username":"R06L29A01","w":"44","l":52,"t":"0","gxe":47.5,"r":"1488.1935314594","rd":"38.022959824519","sigma":"0","rptime":"1438419600","rpr":1481.1949054576,"rprd":36.737223063133,"rpsigma":"0","acre":1059.8041365929,"lacre":1059.8041365929,"oldacre":"1073.9439540288"},"endType":"forfeit"}