{"seed":[61224,64243,48577,45849],"turns":23,"p1":"Nеowulf","p2":"Sovereign♕Unknown","p1team":[{"name":"Hoopa-Unbound","species":"Hoopa-Unbound","item":"lifeorb","ability":"Magician","moves":["hyperspacefury","gunkshot","firepunch","knockoff"],"nature":"Jolly","evs":{"hp":0,"atk":252,"def":0,"spa":0,"spd":4,"spe":252},"ivs":{"hp":31,"atk":31,"def":31,"spa":31,"spd":31,"spe":31}},{"name":"Meloetta","species":"Meloetta","item":"assaultvest","ability":"Serene Grace","moves":["thunderwave","hypervoice","psyshock","shadowball"],"nature":"Calm","evs":{"hp":240,"atk":0,"def":0,"spa":16,"spd":252,"spe":0},"ivs":{"hp":31,"atk":31,"def":31,"spa":31,"spd":31,"spe":31}},{"name":"Victini","species":"Victini","item":"choicescarf","ability":"Victory Star","moves":["vcreate","boltstrike","zenheadbutt","uturn"],"nature":"Jolly","evs":{"hp":0,"atk":252,"def":0,"spa":0,"spd":4,"spe":252},"ivs":{"hp":31,"atk":31,"def":31,"spa":31,"spd":31,"spe":31}},{"name":"Medicham","species":"Medicham","item":"medichamite","ability":"Pure Power","moves":["fakeout","drainpunch","bulletpunch","icepunch"],"nature":"Jolly","evs":{"hp":0,"atk":252,"def":0,"spa":0,"spd":4,"spe":252},"ivs":{"hp":31,"atk":31,"def":31,"spa":31,"spd":31,"spe":31}},{"name":"Latios","species":"Latios","item":"lifeorb","ability":"Levitate","moves":["surf","hiddenpowerfire","dracometeor","roost"],"nature":"Timid","evs":{"hp":0,"atk":0,"def":0,"spa":252,"spd":4,"spe":252},"ivs":{"hp":31,"atk":30,"def":31,"spa":30,"spd":31,"spe":30}},{"name":"Mew","species":"Mew","item":"leftovers","ability":"Synchronize","moves":["stealthrock","defog","willowisp","roost"],"nature":"Impish","evs":{"hp":220,"atk":0,"def":252,"spa":0,"spd":36,"spe":0},"ivs":{"hp":31,"atk":31,"def":31,"spa":31,"spd":31,"spe":31}}],"p2team":[{"name":"Bites of Dust","species":"garchomp","item":"rockyhelmet","ability":"Rough Skin","moves":["stealthrock","earthquake","toxic","fireblast"],"nature":"Impish","evs":{"hp":252,"atk":0,"def":164,"spa":0,"spd":76,"spe":16},"gender":"M","ivs":{"hp":31,"atk":31,"def":31,"spa":31,"spd":31,"spe":31}},{"name":"Sea Leaf","species":"dragalge","item":"blacksludge","ability":"Adaptability","moves":["dracometeor","sludgewave","focusblast","toxicspikes"],"nature":"Modest","evs":{"hp":228,"atk":0,"def":0,"spa":252,"spd":0,"spe":28},"gender":"F","ivs":{"hp":31,"atk":31,"def":31,"spa":31,"spd":31,"spe":31}},{"name":"R U Jelly?","species":"goodra","item":"assaultvest","ability":"Sap Sipper","moves":["dracometeor","fireblast","sludgebomb","earthquake"],"nature":"Modest","evs":{"hp":240,"atk":0,"def":0,"spa":252,"spd":0,"spe":16},"gender":"F","ivs":{"hp":31,"atk":31,"def":31,"spa":31,"spd":31,"spe":31}},{"name":"Dracoknight","species":"dragonite","item":"lumberry","ability":"Multiscale","moves":["dragondance","outrage","extremespeed","earthquake"],"nature":"Adamant","evs":{"hp":0,"atk":252,"def":4,"spa":0,"spd":0,"spe":252},"gender":"M","ivs":{"hp":31,"atk":31,"def":31,"spa":31,"spd":31,"spe":31}},{"name":"Cerberus+RedBull","species":"hydreigon","item":"choicescarf","ability":"Levitate","moves":["dracometeor","darkpulse","earthpower","flashcannon"],"nature":"Modest","evs":{"hp":0,"atk":4,"def":0,"spa":252,"spd":0,"spe":252},"gender":"M","ivs":{"hp":31,"atk":31,"def":31,"spa":31,"spd":31,"spe":31}},{"name":"Cloud with Wings","species":"altaria","item":"altarianite","ability":"Cloud Nine","moves":["roost","hypervoice","healbell","flamethrower"],"nature":"Bold","evs":{"hp":248,"atk":0,"def":104,"spa":0,"spd":156,"spe":0},"gender":"F","ivs":{"hp":31,"atk":31,"def":31,"spa":31,"spd":31,"spe":31}}],"log":["|player|p1|Nеowulf|143","|player|p2|Sovereign♕Unknown|99","|gametype|singles","|gen|6","|tier|Monotype","|rated","|rule|Baton Pass Clause: Limit one Baton Passer, can't pass Spe and other stats simultaneously","|rule|Swagger Clause: Swagger is banned","|rule|Same Type Clause: Pokémon in a team must share a type","|clearpoke","|poke|p1|Hoopa-Unbound","|poke|p1|Meloetta","|poke|p1|Victini","|poke|p1|Medicham, M","|poke|p1|Latios, M","|poke|p1|Mew","|poke|p2|Garchomp, M","|poke|p2|Dragalge, F","|poke|p2|Goodra, F","|poke|p2|Dragonite, M","|poke|p2|Hydreigon, M","|poke|p2|Altaria, F","|rule|Sleep Clause Mod: Limit one foe put to sleep","|rule|Species Clause: Limit one of each Pokémon","|rule|OHKO Clause: OHKO moves are banned","|rule|Moody Clause: Moody is banned","|rule|Evasion Moves Clause: Evasion moves are banned","|rule|Endless Battle Clause: Forcing endless battles is banned","|rule|HP Percentage Mod: HP is shown in percentages","|teampreview","|","|start","|switch|p1a: Mew|Mew|396/396","|switch|p2a: Bites of Dust|Garchomp, M|420/420","|turn|1","|","|move|p2a: Bites of Dust|Stealth Rock|p1a: Mew","|-sidestart|p1: Nеowulf|move: Stealth Rock","|move|p1a: Mew|Will-O-Wisp|p2a: Bites of Dust","|-status|p2a: Bites of Dust|brn","|","|-damage|p2a: Bites of Dust|368/420 brn|[from] brn","|turn|2","|","|switch|p2a: Sea Leaf|Dragalge, F|328/328","|move|p1a: Mew|Defog|p2a: Sea Leaf","|-unboost|p2a: Sea Leaf|evasion|1","|-sideend|p1: Nеowulf|Stealth Rock|[from] move: Defog|[of] p1a: Mew","|","|turn|3","|","|switch|p1a: Meloetta|Meloetta|401/401","|move|p2a: Sea Leaf|Toxic Spikes|p1a: Meloetta","|-sidestart|p1: Nеowulf|move: Toxic Spikes","|","|turn|4","|","|switch|p1a: Mew|Mew|396/396","|-status|p1a: Mew|psn","|switch|p2a: Cerberus+RedBull|Hydreigon, M|325/325","|","|-damage|p1a: Mew|347/396 psn|[from] psn","|turn|5","|","|move|p2a: Cerberus+RedBull|Dark Pulse|p1a: Mew","|-supereffective|p1a: Mew","|-damage|p1a: Mew|77/396 psn","|move|p1a: Mew|Defog|p2a: Cerberus+RedBull","|-unboost|p2a: Cerberus+RedBull|evasion|1","|-sideend|p1: Nеowulf|Toxic Spikes|[from] move: Defog|[of] p1a: Mew","|","|-heal|p1a: Mew|101/396 psn|[from] item: Leftovers","|-damage|p1a: Mew|52/396 psn|[from] psn","|turn|6","|","|move|p2a: Cerberus+RedBull|Dark Pulse|p1a: Mew","|-supereffective|p1a: Mew","|-damage|p1a: Mew|0 fnt","|faint|p1a: Mew","|","|","|switch|p1a: Victini|Victini|341/341","|turn|7","|","|move|p1a: Victini|U-turn|p2a: Cerberus+RedBull","|-supereffective|p2a: Cerberus+RedBull","|-damage|p2a: Cerberus+RedBull|163/325","|","|switch|p1a: Meloetta|Meloetta|401/401","|move|p2a: Cerberus+RedBull|Dark Pulse|p1a: Meloetta","|-supereffective|p1a: Meloetta","|-damage|p1a: Meloetta|279/401","|","|turn|8","|","|switch|p2a: R U Jelly?|Goodra, F|381/381","|move|p1a: Meloetta|Hyper Voice|p2a: R U Jelly?","|-damage|p2a: R U Jelly?|312/381","|","|turn|9","|","|switch|p1a: Hoopa-Unbound|Hoopa-Unbound|301/301","|move|p2a: R U Jelly?|Fire Blast|p1a: Hoopa-Unbound","|-crit|p1a: Hoopa-Unbound","|-damage|p1a: Hoopa-Unbound|143/301","|","|turn|10","|","|move|p1a: Hoopa-Unbound|Knock Off|p2a: R U Jelly?","|-damage|p2a: R U Jelly?|0 fnt","|-enditem|p2a: R U Jelly?|Assault Vest|[from] move: Knock Off|[of] p1a: Hoopa-Unbound","|-damage|p1a: Hoopa-Unbound|113/301|[from] item: Life Orb","|faint|p2a: R U Jelly?","|","|","|switch|p2a: Sea Leaf|Dragalge, F|328/328","|turn|11","|","|move|p1a: Hoopa-Unbound|Hyperspace Fury|p2a: Sea Leaf","|-damage|p2a: Sea Leaf|26/328","|-unboost|p1a: Hoopa-Unbound|def|1","|-damage|p1a: Hoopa-Unbound|83/301|[from] item: Life Orb","|move|p2a: Sea Leaf|Toxic Spikes|p1a: Hoopa-Unbound","|-sidestart|p1: Nеowulf|move: Toxic Spikes","|","|-heal|p2a: Sea Leaf|46/328|[from] item: Black Sludge","|turn|12","|","|switch|p2a: Bites of Dust|Garchomp, M|368/420 brn","|move|p1a: Hoopa-Unbound|Knock Off|p2a: Bites of Dust","|-damage|p2a: Bites of Dust|157/420 brn","|-damage|p1a: Hoopa-Unbound|46/301|[from] ability: Rough Skin|[of] p2a: Bites of Dust","|-damage|p1a: Hoopa-Unbound|0 fnt|[from] item: Rocky Helmet|[of] p2a: Bites of Dust","|faint|p1a: Hoopa-Unbound","|","|-damage|p2a: Bites of Dust|105/420 brn|[from] brn","|","|switch|p1a: Latios|Latios, M|301/301","|turn|13","|","|move|p1a: Latios|Surf|p2a: Bites of Dust","|-crit|p2a: Bites of Dust","|-damage|p2a: Bites of Dust|0 fnt","|-damage|p1a: Latios|271/301|[from] item: Life Orb","|faint|p2a: Bites of Dust","|","|","|switch|p2a: Cloud with Wings|Altaria, F|353/353","|-ability|p2a: Cloud with Wings|Cloud Nine","|turn|14","|","|switch|p1a: Meloetta|Meloetta|279/401","|-status|p1a: Meloetta|psn","|detailschange|p2a: Cloud with Wings|Altaria-Mega, F","|-mega|p2a: Cloud with Wings|Altaria|Altarianite","|move|p2a: Cloud with Wings|Hyper Voice|p1a: Meloetta","|-damage|p1a: Meloetta|219/401 psn","|","|-damage|p1a: Meloetta|169/401 psn|[from] psn","|turn|15","|","|switch|p2a: Cerberus+RedBull|Hydreigon, M|163/325","|move|p1a: Meloetta|Hyper Voice|p2a: Cerberus+RedBull","|-damage|p2a: Cerberus+RedBull|30/325","|","|-damage|p1a: Meloetta|119/401 psn|[from] psn","|turn|16","|","|move|p2a: Cerberus+RedBull|Dark Pulse|p1a: Meloetta","|-supereffective|p1a: Meloetta","|-damage|p1a: Meloetta|3/401 psn","|move|p1a: Meloetta|Hyper Voice|p2a: Cerberus+RedBull","|-damage|p2a: Cerberus+RedBull|0 fnt","|faint|p2a: Cerberus+RedBull","|","|-damage|p1a: Meloetta|0 fnt|[from] psn","|faint|p1a: Meloetta","|","|switch|p1a: Medicham|Medicham, M|261/261","|switch|p2a: Sea Leaf|Dragalge, F|46/328","|-status|p1a: Medicham|psn","|turn|17","|","|detailschange|p1a: Medicham|Medicham-Mega, M","|-mega|p1a: Medicham|Medicham|Medichamite","|move|p1a: Medicham|Fake Out|p2a: Sea Leaf","|-damage|p2a: Sea Leaf|0 fnt","|faint|p2a: Sea Leaf","|","|-damage|p1a: Medicham|229/261 psn|[from] psn","|","|switch|p2a: Cloud with Wings|Altaria-Mega, F|353/353","|turn|18","|","|move|p1a: Medicham|Ice Punch|p2a: Cloud with Wings","|-supereffective|p2a: Cloud with Wings","|-damage|p2a: Cloud with Wings|111/353","|move|p2a: Cloud with Wings|Hyper Voice|p1a: Medicham","|-supereffective|p1a: Medicham","|-damage|p1a: Medicham|0 fnt","|faint|p1a: Medicham","|","|","|switch|p1a: Latios|Latios, M|271/301","|turn|19","|","|move|p1a: Latios|Surf|p2a: Cloud with Wings","|-resisted|p2a: Cloud with Wings","|-damage|p2a: Cloud with Wings|51/353","|-damage|p1a: Latios|241/301|[from] item: Life Orb","|move|p2a: Cloud with Wings|Roost|p2a: Cloud with Wings","|-heal|p2a: Cloud with Wings|228/353","|","|turn|20","|","|switch|p1a: Victini|Victini|341/341","|-status|p1a: Victini|psn","|move|p2a: Cloud with Wings|Roost|p2a: Cloud with Wings","|-heal|p2a: Cloud with Wings|353/353","|","|-damage|p1a: Victini|299/341 psn|[from] psn","|turn|21","|","|move|p1a: Victini|V-create|p2a: Cloud with Wings","|-resisted|p2a: Cloud with Wings","|-damage|p2a: Cloud with Wings|260/353","|-unboost|p1a: Victini|def|1","|-unboost|p1a: Victini|spd|1","|-unboost|p1a: Victini|spe|1","|move|p2a: Cloud with Wings|Hyper Voice|p1a: Victini","|-resisted|p1a: Victini","|-damage|p1a: Victini|197/341 psn","|","|-damage|p1a: Victini|155/341 psn|[from] psn","|turn|22","|","|move|p1a: Victini|V-create|p2a: Cloud with Wings","|-resisted|p2a: Cloud with Wings","|-damage|p2a: Cloud with Wings|167/353","|-unboost|p1a: Victini|def|1","|-unboost|p1a: Victini|spd|1","|-unboost|p1a: Victini|spe|1","|move|p2a: Cloud with Wings|Roost|p2a: Cloud with Wings","|-heal|p2a: Cloud with Wings|344/353","|","|-damage|p1a: Victini|113/341 psn|[from] psn","|turn|23","|","|win|Sovereign♕Unknown"],"p1rating":{"entryid":"7257985","serverid":"eos","formatid":"monotype","userid":"nowulf","username":"Nеowulf","w":"6","l":3,"t":"0","gxe":58.2,"r":"1587.3719334351","rd":"110.96289401767","sigma":"0","rptime":"1438419600","rpr":1564.5048778139,"rprd":89.793354329233,"rpsigma":"0","acre":1101.2457878169,"lacre":1101.2457878169,"oldacre":"1128.9476749456"},"p2rating":{"entryid":"7172559","serverid":"eos","formatid":"monotype","userid":"sovereignunknown","username":"Sovereign♕Unknown","w":4,"l":"4","t":"0","gxe":53.9,"r":"1452.5467240237","rd":"107.45517671281","sigma":"0","rptime":"1438419600","rpr":1530.2566741792,"rprd":93.77755277252,"rpsigma":"0","acre":1120.4072172222,"lacre":1120.4072172222,"oldacre":"1091.2511765802"},"endType":"forfeit"}