{"seed":[26177,62982,65224,18016],"turns":27,"p1":"Traine✘ Redbraze","p2":"Alliance-C-Control","p1team":[{"name":"Captain Teemo","species":"breloom","item":"focussash","ability":"Technician","moves":["bulletseed","machpunch","spore","rocktomb"],"nature":"Jolly","evs":{"hp":0,"atk":252,"def":0,"spa":0,"spd":4,"spe":252},"shiny":true,"ivs":{"hp":31,"atk":31,"def":31,"spa":31,"spd":31,"spe":31}},{"name":"Hulk","species":"conkeldurr","item":"assaultvest","ability":"Guts","moves":["drainpunch","machpunch","knockoff","icepunch"],"nature":"Adamant","evs":{"hp":248,"atk":252,"def":0,"spa":0,"spd":8,"spe":0},"shiny":true,"ivs":{"hp":31,"atk":31,"def":31,"spa":31,"spd":31,"spe":31}},{"name":"Unicorn of Love","species":"keldeoresolute","item":"","ability":"Justified","moves":["hydropump","hiddenpowerice","secretsword","focusblast"],"nature":"Timid","evs":{"hp":0,"atk":0,"def":0,"spa":252,"spd":4,"spe":252},"ivs":{"hp":31,"atk":30,"def":30,"spa":31,"spd":31,"spe":31}},{"name":"Diddy Kong","species":"infernape","item":"focussash","ability":"Blaze","moves":["stealthrock","endeavor","overheat","focusblast"],"nature":"Timid","evs":{"hp":0,"atk":0,"def":0,"spa":252,"spd":4,"spe":252},"shiny":true,"ivs":{"hp":31,"atk":31,"def":31,"spa":31,"spd":31,"spe":31}},{"name":"I'm blue dabadee d","species":"medicham","item":"medichamite","ability":"Pure Power","moves":["fakeout","highjumpkick","icepunch","zenheadbutt"],"nature":"Jolly","evs":{"hp":0,"atk":252,"def":0,"spa":0,"spd":4,"spe":252},"shiny":true,"ivs":{"hp":31,"atk":31,"def":31,"spa":31,"spd":31,"spe":31}},{"name":"Ryu","species":"lucario","item":"choiceband","ability":"Justified","moves":["bulletpunch","closecombat","earthquake","extremespeed"],"nature":"Jolly","evs":{"hp":0,"atk":252,"def":0,"spa":0,"spd":4,"spe":252},"shiny":true,"ivs":{"hp":31,"atk":31,"def":31,"spa":31,"spd":31,"spe":31}}],"p2team":[{"name":"Zapdos","species":"Zapdos","item":"rockyhelmet","ability":"Pressure","moves":["defog","heatwave","voltswitch","roost"],"nature":"Modest","evs":{"hp":248,"atk":0,"def":0,"spa":252,"spd":8,"spe":0},"ivs":{"hp":31,"atk":31,"def":31,"spa":31,"spd":31,"spe":31}},{"name":"Magnezone","species":"Magnezone","item":"choicescarf","ability":"Analytic","moves":["flashcannon","hiddenpowerice","voltswitch","mirrorcoat"],"nature":"Timid","evs":{"hp":0,"atk":0,"def":0,"spa":252,"spd":4,"spe":252},"ivs":{"hp":31,"atk":30,"def":30,"spa":31,"spd":31,"spe":31}},{"name":"Rotom-Wash","species":"Rotom-Wash","item":"leftovers","ability":"Levitate","moves":["hydropump","willowisp","voltswitch","painsplit"],"nature":"Bold","evs":{"hp":252,"atk":0,"def":248,"spa":8,"spd":0,"spe":0},"ivs":{"hp":31,"atk":31,"def":31,"spa":31,"spd":31,"spe":31}},{"name":"Zebstrika","species":"Zebstrika","item":"leftovers","ability":"Sap Sipper","moves":["flamecharge","bounce","mefirst","snatch"],"nature":"Jolly","evs":{"hp":0,"atk":252,"def":0,"spa":0,"spd":4,"spe":252},"happiness":0,"ivs":{"hp":31,"atk":31,"def":31,"spa":31,"spd":31,"spe":31}},{"name":"Thundurus","species":"Thundurus","item":"leftovers","ability":"Prankster","moves":["flashcannon","superpower","thunderbolt","thunderwave"],"nature":"Hasty","evs":{"hp":0,"atk":4,"def":0,"spa":252,"spd":0,"spe":252},"ivs":{"hp":31,"atk":31,"def":31,"spa":31,"spd":31,"spe":31}},{"name":"Emolga","species":"Emolga","item":"sitrusberry","ability":"Motor Drive","moves":["acrobatics","roost","uturn","tailwind"],"nature":"Adamant","evs":{"hp":0,"atk":252,"def":0,"spa":0,"spd":4,"spe":252},"ivs":{"hp":31,"atk":31,"def":31,"spa":31,"spd":31,"spe":31}}],"log":["|player|p1|Traine✘ Redbraze|106","|player|p2|Alliance-C-Control|190","|gametype|singles","|gen|6","|tier|Monotype","|rated","|rule|Baton Pass Clause: Limit one Baton Passer, can't pass Spe and other stats simultaneously","|rule|Swagger Clause: Swagger is banned","|rule|Same Type Clause: Pokémon in a team must share a type","|clearpoke","|poke|p1|Breloom, F, shiny","|poke|p1|Conkeldurr, F, shiny","|poke|p1|Keldeo-Resolute","|poke|p1|Infernape, F, shiny","|poke|p1|Medicham, F, shiny","|poke|p1|Lucario, M, shiny","|poke|p2|Zapdos","|poke|p2|Magnezone","|poke|p2|Rotom-Wash","|poke|p2|Zebstrika, F","|poke|p2|Thundurus, M","|poke|p2|Emolga, F","|rule|Sleep Clause Mod: Limit one foe put to sleep","|rule|Species Clause: Limit one of each Pokémon","|rule|OHKO Clause: OHKO moves are banned","|rule|Moody Clause: Moody is banned","|rule|Evasion Moves Clause: Evasion moves are banned","|rule|Endless Battle Clause: Forcing endless battles is banned","|rule|HP Percentage Mod: HP is shown in percentages","|teampreview","|","|start","|switch|p1a: Diddy Kong|Infernape, F, shiny|293/293","|switch|p2a: Magnezone|Magnezone|281/281","|turn|1","|","|move|p2a: Magnezone|Volt Switch|p1a: Diddy Kong","|-damage|p1a: Diddy Kong|139/293","|","|switch|p2a: Thundurus|Thundurus, M|299/299","|move|p1a: Diddy Kong|Overheat|p2a: Thundurus","|-damage|p2a: Thundurus|70/299","|-unboost|p1a: Diddy Kong|spa|2","|","|-heal|p2a: Thundurus|88/299|[from] item: Leftovers","|turn|2","|","|move|p2a: Thundurus|Thunder Wave|p1a: Diddy Kong","|-status|p1a: Diddy Kong|par","|move|p1a: Diddy Kong|Stealth Rock|p2a: Thundurus","|-sidestart|p2: Alliance-C-Control|move: Stealth Rock","|","|-heal|p2a: Thundurus|106/299|[from] item: Leftovers","|turn|3","|","|move|p2a: Thundurus|Thunderbolt|p1a: Diddy Kong","|-damage|p1a: Diddy Kong|0 fnt","|faint|p1a: Diddy Kong","|","|-heal|p2a: Thundurus|124/299|[from] item: Leftovers","|","|switch|p1a: Hulk|Conkeldurr, F, shiny|413/413","|turn|4","|","|switch|p2a: Rotom-Wash|Rotom-Wash|304/304","|-damage|p2a: Rotom-Wash|266/304|[from] Stealth Rock","|move|p1a: Hulk|Ice Punch|p2a: Rotom-Wash","|-resisted|p2a: Rotom-Wash","|-damage|p2a: Rotom-Wash|232/304","|","|-heal|p2a: Rotom-Wash|251/304|[from] item: Leftovers","|turn|5","|","|move|p2a: Rotom-Wash|Hydro Pump|p1a: Hulk|[miss]","|-miss|p2a: Rotom-Wash|p1a: Hulk","|move|p1a: Hulk|Knock Off|p2a: Rotom-Wash","|-damage|p2a: Rotom-Wash|166/304","|-enditem|p2a: Rotom-Wash|Leftovers|[from] move: Knock Off|[of] p1a: Hulk","|","|turn|6","|","|move|p2a: Rotom-Wash|Pain Split|p1a: Hulk","|-sethp|p1a: Hulk|289/413|p2a: Rotom-Wash|289/304|[from] move: Pain Split","|move|p1a: Hulk|Drain Punch|p2a: Rotom-Wash","|-crit|p2a: Rotom-Wash","|-damage|p2a: Rotom-Wash|126/304","|-heal|p1a: Hulk|371/413|[from] drain|[of] p2a: Rotom-Wash","|","|turn|7","|","|switch|p1a: Captain Teemo|Breloom, F, shiny|261/261","|move|p2a: Rotom-Wash|Pain Split|p1a: Captain Teemo","|-sethp|p1a: Captain Teemo|193/261|p2a: Rotom-Wash|193/304|[from] move: Pain Split","|","|turn|8","|","|switch|p2a: Zebstrika|Zebstrika, F|291/291","|-damage|p2a: Zebstrika|255/291|[from] Stealth Rock","|move|p1a: Captain Teemo|Spore|p2a: Zebstrika","|-boost|p2a: Zebstrika|atk|1|[from] ability: Sap Sipper","|","|-heal|p2a: Zebstrika|273/291|[from] item: Leftovers","|turn|9","|","|move|p2a: Zebstrika|Bounce|p1a: Captain Teemo|[still]","|-prepare|p2a: Zebstrika|Bounce|p1a: Captain Teemo","|move|p1a: Captain Teemo|Bullet Seed|p2a: Zebstrika","|-boost|p2a: Zebstrika|atk|1|[from] ability: Sap Sipper","|","|-heal|p2a: Zebstrika|291/291|[from] item: Leftovers","|turn|10","|","|move|p2a: Zebstrika|Bounce|p1a: Captain Teemo","|-supereffective|p1a: Captain Teemo","|-damage|p1a: Captain Teemo|0 fnt","|faint|p1a: Captain Teemo","|","|","|switch|p1a: Ryu|Lucario, M, shiny|281/281","|turn|11","|","|move|p2a: Zebstrika|Flame Charge|p1a: Ryu","|-supereffective|p1a: Ryu","|-damage|p1a: Ryu|17/281","|-boost|p2a: Zebstrika|spe|1","|move|p1a: Ryu|Earthquake|p2a: Zebstrika","|-supereffective|p2a: Zebstrika","|-damage|p2a: Zebstrika|0 fnt","|faint|p2a: Zebstrika","|","|","|switch|p2a: Zapdos|Zapdos|383/383","|-damage|p2a: Zapdos|288/383|[from] Stealth Rock","|-ability|p2a: Zapdos|Pressure","|turn|12","|","|move|p1a: Ryu|Earthquake|p2a: Zapdos","|-immune|p2a: Zapdos|[msg]","|move|p2a: Zapdos|Defog|p1a: Ryu","|-unboost|p1a: Ryu|evasion|1","|-sideend|p2: Alliance-C-Control|Stealth Rock|[from] move: Defog|[of] p2a: Zapdos","|","|turn|13","|","|move|p1a: Ryu|Earthquake|p2a: Zapdos","|-immune|p2a: Zapdos|[msg]","|move|p2a: Zapdos|Roost|p2a: Zapdos","|-heal|p2a: Zapdos|383/383","|","|turn|14","|","|switch|p2a: Thundurus|Thundurus, M|124/299","|move|p1a: Ryu|Earthquake|p2a: Thundurus","|-immune|p2a: Thundurus|[msg]","|","|-heal|p2a: Thundurus|142/299|[from] item: Leftovers","|turn|15","|","|switch|p1a: I'm blue dabadee d|Medicham, F, shiny|261/261","|move|p2a: Thundurus|Thunder Wave|p1a: I'm blue dabadee d","|-status|p1a: I'm blue dabadee d|par","|","|-heal|p2a: Thundurus|160/299|[from] item: Leftovers","|turn|16","|","|switch|p2a: Rotom-Wash|Rotom-Wash|193/304","|detailschange|p1a: I'm blue dabadee d|Medicham-Mega, F, shiny","|-mega|p1a: I'm blue dabadee d|Medicham|Medichamite","|move|p1a: I'm blue dabadee d|Fake Out|p2a: Rotom-Wash","|-damage|p2a: Rotom-Wash|137/304","|","|turn|17","|","|move|p2a: Rotom-Wash|Pain Split|p1a: I'm blue dabadee d","|-sethp|p1a: I'm blue dabadee d|199/261 par|p2a: Rotom-Wash|199/304|[from] move: Pain Split","|move|p1a: I'm blue dabadee d|High Jump Kick|p2a: Rotom-Wash","|-damage|p2a: Rotom-Wash|0 fnt","|faint|p2a: Rotom-Wash","|","|","|switch|p2a: Emolga|Emolga, F|251/251","|turn|18","|","|move|p2a: Emolga|Acrobatics|p1a: I'm blue dabadee d","|-supereffective|p1a: I'm blue dabadee d","|-damage|p1a: I'm blue dabadee d|23/261 par","|move|p1a: I'm blue dabadee d|Ice Punch|p2a: Emolga","|-supereffective|p2a: Emolga","|-damage|p2a: Emolga|0 fnt","|faint|p2a: Emolga","|","|","|switch|p2a: Thundurus|Thundurus, M|160/299","|turn|19","|","|move|p2a: Thundurus|Thunderbolt|p1a: I'm blue dabadee d","|-damage|p1a: I'm blue dabadee d|0 fnt","|faint|p1a: I'm blue dabadee d","|","|-heal|p2a: Thundurus|178/299|[from] item: Leftovers","|","|switch|p1a: Hulk|Conkeldurr, F, shiny|371/413","|turn|20","|","|switch|p2a: Magnezone|Magnezone|281/281","|move|p1a: Hulk|Knock Off|p2a: Magnezone","|-damage|p2a: Magnezone|163/281","|-enditem|p2a: Magnezone|Choice Scarf|[from] move: Knock Off|[of] p1a: Hulk","|","|turn|21","|","|move|p2a: Magnezone|Volt Switch|p1a: Hulk","|-damage|p1a: Hulk|254/413","|","|switch|p2a: Zapdos|Zapdos|383/383","|-ability|p2a: Zapdos|Pressure","|move|p1a: Hulk|Drain Punch|p2a: Zapdos","|-resisted|p2a: Zapdos","|-damage|p2a: Zapdos|289/383","|-heal|p1a: Hulk|301/413|[from] drain|[of] p2a: Zapdos","|-damage|p1a: Hulk|233/413|[from] item: Rocky Helmet|[of] p2a: Zapdos","|","|turn|22","|","|move|p2a: Zapdos|Volt Switch|p1a: Hulk","|-damage|p1a: Hulk|115/413","|","|switch|p2a: Magnezone|Magnezone|163/281","|move|p1a: Hulk|Ice Punch|p2a: Magnezone","|-resisted|p2a: Magnezone","|-damage|p2a: Magnezone|115/281","|","|turn|23","|","|move|p1a: Hulk|Mach Punch|p2a: Magnezone","|-supereffective|p2a: Magnezone","|-damage|p2a: Magnezone|0 fnt","|faint|p2a: Magnezone","|","|","|switch|p2a: Zapdos|Zapdos|289/383","|-ability|p2a: Zapdos|Pressure","|turn|24","|","|move|p1a: Hulk|Mach Punch|p2a: Zapdos","|-resisted|p2a: Zapdos","|-damage|p2a: Zapdos|242/383","|-damage|p1a: Hulk|47/413|[from] item: Rocky Helmet|[of] p2a: Zapdos","|move|p2a: Zapdos|Volt Switch|p1a: Hulk","|-damage|p1a: Hulk|0 fnt","|faint|p1a: Hulk","|","|switch|p2a: Thundurus|Thundurus, M|178/299","|","|-heal|p2a: Thundurus|196/299|[from] item: Leftovers","|","|switch|p1a: Ryu|Lucario, M, shiny|17/281","|turn|25","|","|switch|p2a: Zapdos|Zapdos|242/383","|-ability|p2a: Zapdos|Pressure","|move|p1a: Ryu|Extreme Speed|p2a: Zapdos","|-damage|p2a: Zapdos|87/383","|-damage|p1a: Ryu|0 fnt|[from] item: Rocky Helmet|[of] p2a: Zapdos","|faint|p1a: Ryu","|","|","|switch|p1a: Unicorn of Love|Keldeo-Resolute|323/323","|turn|26","|","|move|p1a: Unicorn of Love|Hidden Power|p2a: Zapdos","|-supereffective|p2a: Zapdos","|-damage|p2a: Zapdos|0 fnt","|faint|p2a: Zapdos","|","|","|switch|p2a: Thundurus|Thundurus, M|196/299","|turn|27","|","|move|p2a: Thundurus|Thunderbolt|p1a: Unicorn of Love","|-supereffective|p1a: Unicorn of Love","|-damage|p1a: Unicorn of Love|0 fnt","|faint|p1a: Unicorn of Love","|","|win|Alliance-C-Control"],"p1rating":{"entryid":"7247602","serverid":"eos","formatid":"monotype","userid":"traineredbraze","username":"Traine✘ Redbraze","w":"11","l":10,"t":"0","gxe":50.1,"r":"1507.568172365","rd":"73.294909278191","sigma":"0","rptime":"1438419600","rpr":1500.9646493723,"rprd":67.924562842435,"rpsigma":"0","acre":1141.2061591544,"lacre":1141.2061591544,"oldacre":"1168.4663108591"},"p2rating":{"entryid":"6440455","serverid":"eos","formatid":"monotype","userid":"allianceccontrol","username":"Alliance-C-Control","w":221,"l":"292","t":"0","gxe":42.2,"r":"1437.6253948805","rd":"25","sigma":"0","rptime":"1438419600","rpr":1440.6738651418,"rprd":25,"rpsigma":"0","acre":1164.2301804285,"lacre":1164.2301804285,"oldacre":"1136.9700287238"},"endType":"normal"}