{"seed":[29281,16422,63562,44012],"turns":24,"p1":"V IceyFire","p2":"Sovereign♕Cactus","p1team":[{"name":"Torkoal","species":"Torkoal","item":"leftovers","ability":"Shell Armor","moves":["stealthrock","rapidspin","yawn","lavaplume"],"nature":"Bold","evs":{"hp":252,"atk":0,"def":252,"spa":0,"spd":4,"spe":0},"ivs":{"hp":31,"atk":0,"def":31,"spa":31,"spd":31,"spe":31}},{"name":"Entei","species":"Entei","item":"lifeorb","ability":"Pressure","moves":["sacredfire","extremespeed","stoneedge","ironhead"],"nature":"Adamant","evs":{"hp":0,"atk":252,"def":0,"spa":0,"spd":4,"spe":252},"shiny":true,"ivs":{"hp":31,"atk":31,"def":31,"spa":31,"spd":31,"spe":31}},{"name":"Charizard","species":"Charizard","item":"charizarditey","ability":"Blaze","moves":["fireblast","airslash","focusblast","solarbeam"],"nature":"Timid","evs":{"hp":0,"atk":0,"def":0,"spa":252,"spd":4,"spe":252},"ivs":{"hp":31,"atk":0,"def":31,"spa":31,"spd":31,"spe":31},"shiny":true},{"name":"Darmanitan","species":"Darmanitan","item":"choicescarf","ability":"Sheer Force","moves":["flareblitz","superpower","rockslide","uturn"],"nature":"Jolly","evs":{"hp":0,"atk":252,"def":0,"spa":0,"spd":4,"spe":252},"ivs":{"hp":31,"atk":31,"def":31,"spa":31,"spd":31,"spe":31}},{"name":"Heatran","species":"Heatran","item":"airballoon","ability":"Flash Fire","moves":["lavaplume","earthpower","toxic","flashcannon"],"nature":"Calm","evs":{"hp":248,"atk":0,"def":0,"spa":8,"spd":252,"spe":0},"ivs":{"hp":31,"atk":0,"def":31,"spa":31,"spd":31,"spe":31}},{"name":"Rotom-Heat","species":"Rotom-Heat","item":"choicescarf","ability":"Levitate","moves":["voltswitch","thunderbolt","overheat","hiddenpowerice"],"nature":"Timid","evs":{"hp":0,"atk":0,"def":0,"spa":252,"spd":4,"spe":252},"ivs":{"hp":31,"atk":30,"def":30,"spa":31,"spd":31,"spe":31}}],"p2team":[{"name":"Kermit On Roids","species":"seismitoad","item":"assaultvest","ability":"Water Absorb","moves":["earthquake","scald","grassknot","sludgewave"],"nature":"Mild","evs":{"hp":252,"atk":4,"def":0,"spa":252,"spd":0,"spe":0},"shiny":true,"ivs":{"hp":31,"atk":31,"def":31,"spa":31,"spd":31,"spe":31}},{"name":"Barney On Roids","species":"garchomp","item":"garchompite","ability":"Sand Veil","moves":["dracometeor","stoneedge","fireblast","earthquake"],"nature":"Naive","evs":{"hp":248,"atk":252,"def":0,"spa":8,"spd":0,"spe":0},"shiny":true,"ivs":{"hp":31,"atk":31,"def":31,"spa":31,"spd":31,"spe":31}},{"name":"DigDug On Roids","species":"excadrill","item":"lifeorb","ability":"Sand Rush","moves":["earthquake","xscissor","swordsdance","ironhead"],"nature":"Adamant","evs":{"hp":0,"atk":252,"def":0,"spa":0,"spd":4,"spe":252},"shiny":true,"ivs":{"hp":31,"atk":31,"def":31,"spa":31,"spd":31,"spe":31}},{"name":"Sonic On Roids","species":"gliscor","item":"toxicorb","ability":"Poison Heal","moves":["protect","substitute","toxic","earthquake"],"nature":"Impish","evs":{"hp":248,"atk":0,"def":188,"spa":0,"spd":0,"spe":72},"shiny":true,"ivs":{"hp":31,"atk":31,"def":31,"spa":31,"spd":31,"spe":31}},{"name":"Hulk W/o Roids","species":"landorus","item":"lifeorb","ability":"Sheer Force","moves":["earthpower","focusblast","psychic","gravity"],"nature":"Timid","evs":{"hp":0,"atk":0,"def":0,"spa":252,"spd":4,"spe":252},"shiny":true,"ivs":{"hp":31,"atk":31,"def":31,"spa":31,"spd":31,"spe":31}},{"name":"Numel On Roids","species":"hippowdon","item":"leftovers","ability":"Sand Stream","moves":["earthquake","slackoff","stealthrock","whirlwind"],"nature":"Adamant","evs":{"hp":252,"atk":252,"def":0,"spa":0,"spd":4,"spe":0},"shiny":true,"ivs":{"hp":31,"atk":31,"def":31,"spa":31,"spd":31,"spe":31}}],"log":["|player|p1|V IceyFire|150","|player|p2|Sovereign♕Cactus|251","|gametype|singles","|gen|6","|tier|Monotype","|rated","|rule|Baton Pass Clause: Limit one Baton Passer, can't pass Spe and other stats simultaneously","|rule|Swagger Clause: Swagger is banned","|rule|Same Type Clause: Pokémon in a team must share a type","|clearpoke","|poke|p1|Torkoal, F","|poke|p1|Entei, shiny","|poke|p1|Charizard, M, shiny","|poke|p1|Darmanitan, F","|poke|p1|Heatran, M","|poke|p1|Rotom-Heat","|poke|p2|Seismitoad, F, shiny","|poke|p2|Garchomp, M, shiny","|poke|p2|Excadrill, F, shiny","|poke|p2|Gliscor, M, shiny","|poke|p2|Landorus, M, shiny","|poke|p2|Hippowdon, F, shiny","|rule|Sleep Clause Mod: Limit one foe put to sleep","|rule|Species Clause: Limit one of each Pokémon","|rule|OHKO Clause: OHKO moves are banned","|rule|Moody Clause: Moody is banned","|rule|Evasion Moves Clause: Evasion moves are banned","|rule|Endless Battle Clause: Forcing endless battles is banned","|rule|HP Percentage Mod: HP is shown in percentages","|teampreview","|","|start","|switch|p1a: Torkoal|Torkoal, F|344/344","|switch|p2a: Numel On Roids|Hippowdon, F, shiny|420/420","|-weather|Sandstorm","|turn|1","|","|switch|p2a: Kermit On Roids|Seismitoad, F, shiny|414/414","|move|p1a: Torkoal|Yawn|p2a: Kermit On Roids","|-start|p2a: Kermit On Roids|move: Yawn|[of] p1a: Torkoal","|","|-weather|Sandstorm|[upkeep]","|-damage|p1a: Torkoal|323/344|[from] sandstorm","|-heal|p1a: Torkoal|344/344|[from] item: Leftovers","|turn|2","|","|switch|p2a: Sonic On Roids|Gliscor, M, shiny|353/353","|switch|p1a: Heatran|Heatran, M|385/385","|-item|p1a: Heatran|Air Balloon","|","|-weather|Sandstorm|[upkeep]","|-status|p2a: Sonic On Roids|tox|[from] item: Toxic Orb","|turn|3","|","|switch|p2a: Kermit On Roids|Seismitoad, F, shiny|414/414","|move|p1a: Heatran|Lava Plume|p2a: Kermit On Roids","|-resisted|p2a: Kermit On Roids","|-damage|p2a: Kermit On Roids|365/414","|-status|p2a: Kermit On Roids|brn","|","|-weather|Sandstorm|[upkeep]","|-damage|p2a: Kermit On Roids|314/414 brn|[from] brn","|turn|4","|","|move|p1a: Heatran|Earth Power|p2a: Kermit On Roids","|-damage|p2a: Kermit On Roids|241/414 brn","|move|p2a: Kermit On Roids|Scald|p1a: Heatran","|-crit|p1a: Heatran","|-supereffective|p1a: Heatran","|-damage|p1a: Heatran|163/385","|-enditem|p1a: Heatran|Air Balloon","|","|-weather|Sandstorm|[upkeep]","|-damage|p2a: Kermit On Roids|190/414 brn|[from] brn","|turn|5","|","|switch|p2a: Hulk W/o Roids|Landorus, M, shiny|319/319","|move|p1a: Heatran|Earth Power|p2a: Hulk W/o Roids","|-immune|p2a: Hulk W/o Roids|[msg]","|","|-weather|none","|turn|6","|","|switch|p1a: Rotom-Heat|Rotom-Heat|241/241","|move|p2a: Hulk W/o Roids|Gravity|p2a: Hulk W/o Roids","|-fieldstart|move: Gravity","|","|turn|7","|","|switch|p1a: Heatran|Heatran, M|163/385","|move|p2a: Hulk W/o Roids|Earth Power|p1a: Heatran","|-supereffective|p1a: Heatran","|-damage|p1a: Heatran|0 fnt","|faint|p1a: Heatran","|","|","|switch|p1a: Rotom-Heat|Rotom-Heat|241/241","|turn|8","|","|move|p1a: Rotom-Heat|Hidden Power|p2a: Hulk W/o Roids","|-supereffective|p2a: Hulk W/o Roids","|-damage|p2a: Hulk W/o Roids|0 fnt","|faint|p2a: Hulk W/o Roids","|","|","|switch|p2a: Barney On Roids|Garchomp, M, shiny|419/419","|turn|9","|","|switch|p2a: Kermit On Roids|Seismitoad, F, shiny|190/414 brn","|move|p1a: Rotom-Heat|Hidden Power|p2a: Kermit On Roids","|-damage|p2a: Kermit On Roids|137/414 brn","|","|-damage|p2a: Kermit On Roids|86/414 brn|[from] brn","|turn|10","|","|move|p1a: Rotom-Heat|Hidden Power|p2a: Kermit On Roids","|-damage|p2a: Kermit On Roids|33/414 brn","|move|p2a: Kermit On Roids|Scald|p1a: Rotom-Heat","|-supereffective|p1a: Rotom-Heat","|-damage|p1a: Rotom-Heat|7/241","|","|-damage|p2a: Kermit On Roids|0 fnt|[from] brn","|-fieldend|move: Gravity","|faint|p2a: Kermit On Roids","|","|switch|p2a: Numel On Roids|Hippowdon, F, shiny|420/420","|-weather|Sandstorm","|turn|11","|","|move|p1a: Rotom-Heat|Hidden Power|p2a: Numel On Roids","|-crit|p2a: Numel On Roids","|-supereffective|p2a: Numel On Roids","|-damage|p2a: Numel On Roids|184/420","|move|p2a: Numel On Roids|Stealth Rock|p1a: Rotom-Heat","|-sidestart|p1: V IceyFire|move: Stealth Rock","|","|-weather|Sandstorm|[upkeep]","|-damage|p1a: Rotom-Heat|0 fnt|[from] sandstorm","|-heal|p2a: Numel On Roids|210/420|[from] item: Leftovers","|faint|p1a: Rotom-Heat","|","|switch|p1a: Torkoal|Torkoal, F|344/344","|-damage|p1a: Torkoal|258/344|[from] Stealth Rock","|turn|12","|","|move|p2a: Numel On Roids|Earthquake|p1a: Torkoal","|-supereffective|p1a: Torkoal","|-damage|p1a: Torkoal|72/344","|move|p1a: Torkoal|Rapid Spin|p2a: Numel On Roids","|-damage|p2a: Numel On Roids|201/420","|-sideend|p1: V IceyFire|Stealth Rock|[from] move: Rapid Spin|[of] p1a: Torkoal","|","|-weather|Sandstorm|[upkeep]","|-damage|p1a: Torkoal|51/344|[from] sandstorm","|-heal|p2a: Numel On Roids|227/420|[from] item: Leftovers","|-heal|p1a: Torkoal|72/344|[from] item: Leftovers","|turn|13","|","|move|p2a: Numel On Roids|Earthquake|p1a: Torkoal","|-supereffective|p1a: Torkoal","|-damage|p1a: Torkoal|0 fnt","|faint|p1a: Torkoal","|","|-weather|Sandstorm|[upkeep]","|-heal|p2a: Numel On Roids|253/420|[from] item: Leftovers","|","|switch|p1a: Charizard|Charizard, M, shiny|297/297","|turn|14","|","|detailschange|p1a: Charizard|Charizard-Mega-Y, M, shiny","|-mega|p1a: Charizard|Charizard|Charizardite Y","|-weather|SunnyDay","|move|p1a: Charizard|Solar Beam|p2a: Numel On Roids|[still]","|-prepare|p1a: Charizard|Solar Beam|p2a: Numel On Roids","|-anim|p1a: Charizard|Solar Beam|p2a: Numel On Roids","|-supereffective|p2a: Numel On Roids","|-damage|p2a: Numel On Roids|0 fnt","|faint|p2a: Numel On Roids","|","|-weather|SunnyDay|[upkeep]","|","|switch|p2a: Sonic On Roids|Gliscor, M, shiny|353/353 tox","|turn|15","|","|switch|p1a: Entei|Entei, shiny|371/371","|-ability|p1a: Entei|Pressure","|move|p2a: Sonic On Roids|Protect|p2a: Sonic On Roids","|-fail|p2a: Sonic On Roids","|","|-weather|SunnyDay|[upkeep]","|turn|16","|","|move|p1a: Entei|Sacred Fire|p2a: Sonic On Roids","|-damage|p2a: Sonic On Roids|133/353 tox","|-damage|p1a: Entei|334/371|[from] item: Life Orb","|move|p2a: Sonic On Roids|Toxic|p1a: Entei","|-status|p1a: Entei|tox","|","|-weather|SunnyDay|[upkeep]","|-damage|p1a: Entei|311/371 tox|[from] psn","|-heal|p2a: Sonic On Roids|177/353 tox|[from] ability: Poison Heal","|turn|17","|","|move|p2a: Sonic On Roids|Protect|p2a: Sonic On Roids","|-singleturn|p2a: Sonic On Roids|Protect","|move|p1a: Entei|Sacred Fire|p2a: Sonic On Roids","|-activate|p2a: Sonic On Roids|Protect","|","|-weather|SunnyDay|[upkeep]","|-damage|p1a: Entei|265/371 tox|[from] psn","|-heal|p2a: Sonic On Roids|221/353 tox|[from] ability: Poison Heal","|turn|18","|","|move|p1a: Entei|Sacred Fire|p2a: Sonic On Roids","|-damage|p2a: Sonic On Roids|10/353 tox","|-damage|p1a: Entei|228/371 tox|[from] item: Life Orb","|move|p2a: Sonic On Roids|Earthquake|p1a: Entei","|-crit|p1a: Entei","|-supereffective|p1a: Entei","|-damage|p1a: Entei|0 fnt","|faint|p1a: Entei","|","|-weather|none","|-heal|p2a: Sonic On Roids|54/353 tox|[from] ability: Poison Heal","|","|switch|p1a: Charizard|Charizard-Mega-Y, M, shiny|297/297","|-weather|SunnyDay","|turn|19","|","|move|p2a: Sonic On Roids|Protect|p2a: Sonic On Roids","|-singleturn|p2a: Sonic On Roids|Protect","|move|p1a: Charizard|Solar Beam|p2a: Sonic On Roids|[still]","|-prepare|p1a: Charizard|Solar Beam|p2a: Sonic On Roids","|-anim|p1a: Charizard|Solar Beam|p2a: Sonic On Roids","|-activate|p2a: Sonic On Roids|Protect","|","|-weather|SunnyDay|[upkeep]","|-heal|p2a: Sonic On Roids|98/353 tox|[from] ability: Poison Heal","|turn|20","|","|move|p1a: Charizard|Solar Beam|p2a: Sonic On Roids|[still]","|-prepare|p1a: Charizard|Solar Beam|p2a: Sonic On Roids","|-anim|p1a: Charizard|Solar Beam|p2a: Sonic On Roids","|-damage|p2a: Sonic On Roids|0 fnt","|faint|p2a: Sonic On Roids","|","|-weather|SunnyDay|[upkeep]","|","|switch|p2a: Barney On Roids|Garchomp, M, shiny|419/419","|turn|21","|","|detailschange|p2a: Barney On Roids|Garchomp-Mega, M, shiny","|-mega|p2a: Barney On Roids|Garchomp|Garchompite","|move|p1a: Charizard|Fire Blast|p2a: Barney On Roids","|-resisted|p2a: Barney On Roids","|-damage|p2a: Barney On Roids|216/419","|move|p2a: Barney On Roids|Stone Edge|p1a: Charizard|[miss]","|-miss|p2a: Barney On Roids|p1a: Charizard","|","|-weather|SunnyDay|[upkeep]","|turn|22","|","|move|p1a: Charizard|Solar Beam|p2a: Barney On Roids|[still]","|-prepare|p1a: Charizard|Solar Beam|p2a: Barney On Roids","|-anim|p1a: Charizard|Solar Beam|p2a: Barney On Roids","|-damage|p2a: Barney On Roids|12/419","|move|p2a: Barney On Roids|Stone Edge|p1a: Charizard","|-supereffective|p1a: Charizard","|-damage|p1a: Charizard|0 fnt","|faint|p1a: Charizard","|","|-weather|SunnyDay|[upkeep]","|","|switch|p1a: Darmanitan|Darmanitan, F|351/351","|turn|23","|","|move|p1a: Darmanitan|Flare Blitz|p2a: Barney On Roids","|-resisted|p2a: Barney On Roids","|-damage|p2a: Barney On Roids|0 fnt","|-damage|p1a: Darmanitan|347/351|[from] recoil|[of] p2a: Barney On Roids","|faint|p2a: Barney On Roids","|","|-weather|none","|","|switch|p2a: DigDug On Roids|Excadrill, F, shiny|361/361","|turn|24","|","|move|p1a: Darmanitan|Flare Blitz|p2a: DigDug On Roids","|-crit|p2a: DigDug On Roids","|-supereffective|p2a: DigDug On Roids","|-damage|p2a: DigDug On Roids|0 fnt","|-damage|p1a: Darmanitan|228/351|[from] recoil|[of] p2a: DigDug On Roids","|faint|p2a: DigDug On Roids","|","|win|V IceyFire"],"p1rating":{"entryid":"7315142","serverid":"eos","formatid":"monotype","userid":"viceyfire","username":"V IceyFire","w":3,"l":"2","t":"0","gxe":52.7,"r":"1500","rd":"130","sigma":"0","rptime":"1438419600","rpr":1521.0141018253,"rprd":103.14869751888,"rpsigma":"0","acre":1082.9039010635,"lacre":1082.9039010635,"oldacre":"1045.0420595924"},"p2rating":{"entryid":"6867552","serverid":"eos","formatid":"monotype","userid":"sovereigncactus","username":"Sovereign♕Cactus","w":"46","l":59,"t":"0","gxe":43.8,"r":"1460.5508031088","rd":"35.753247470272","sigma":"0","rptime":"1438419600","rpr":1453.1915886512,"rprd":35.306829069834,"rpsigma":"0","acre":1066.2380480595,"lacre":1066.2380480595,"oldacre":"1093.6212735089"},"endType":"normal"}