{"seed":[8403,14151,44046,8887],"turns":22,"p1":"Sovereign♕Blake","p2":"Carnie Bronykins","p1team":[{"name":"Nidoking","species":"Nidoking","item":"choicescarf","ability":"Sheer Force","moves":["earthpower","sludgewave","icebeam","fireblast"],"nature":"Timid","evs":{"hp":0,"atk":0,"def":0,"spa":252,"spd":4,"spe":252},"shiny":true,"ivs":{"hp":31,"atk":31,"def":31,"spa":31,"spd":31,"spe":31}},{"name":"Amoonguss","species":"Amoonguss","item":"blacksludge","ability":"Regenerator","moves":["spore","clearsmog","sludgebomb","gigadrain"],"nature":"Modest","evs":{"hp":252,"atk":0,"def":0,"spa":252,"spd":4,"spe":0},"gender":"M","ivs":{"hp":31,"atk":31,"def":31,"spa":31,"spd":31,"spe":31}},{"name":"Tentacruel","species":"Tentacruel","item":"assaultvest","ability":"Liquid Ooze","moves":["acidspray","sludgewave","scald","gigadrain"],"nature":"Modest","evs":{"hp":240,"atk":0,"def":0,"spa":252,"spd":0,"spe":16},"gender":"F","ivs":{"hp":31,"atk":31,"def":31,"spa":31,"spd":31,"spe":31}},{"name":"Weezing","species":"Weezing","item":"blacksludge","ability":"Levitate","moves":["willowisp","sludgebomb","painsplit","toxicspikes"],"nature":"Calm","evs":{"hp":252,"atk":0,"def":0,"spa":4,"spd":252,"spe":0},"gender":"F","ivs":{"hp":31,"atk":31,"def":31,"spa":31,"spd":31,"spe":31}},{"name":"Crobat","species":"Crobat","item":"blacksludge","ability":"Infiltrator","moves":["bravebird","crosspoison","uturn","defog"],"nature":"Jolly","evs":{"hp":0,"atk":252,"def":0,"spa":0,"spd":4,"spe":252},"gender":"F","ivs":{"hp":31,"atk":31,"def":31,"spa":31,"spd":31,"spe":31}},{"name":"Beedrill","species":"Beedrill","item":"beedrillite","ability":"Swarm","moves":["protect","uturn","poisonjab","knockoff"],"nature":"Jolly","evs":{"hp":0,"atk":252,"def":0,"spa":0,"spd":4,"spe":252},"gender":"F","ivs":{"hp":31,"atk":31,"def":31,"spa":31,"spd":31,"spe":31}}],"p2team":[{"name":"The Quick-Scope","species":"azumarill","item":"sitrusberry","ability":"Sap Sipper","moves":["aquajet","bellydrum","waterfall","playrough"],"nature":"Adamant","evs":{"hp":252,"atk":252,"def":0,"spa":0,"spd":4,"spe":0},"ivs":{"hp":31,"atk":31,"def":31,"spa":31,"spd":31,"spe":31}},{"name":"The Setter","species":"klefki","item":"lightclay","ability":"Prankster","moves":["lightscreen","reflect","dazzlinggleam","spikes"],"nature":"Bold","evs":{"hp":248,"atk":0,"def":252,"spa":8,"spd":0,"spe":0},"ivs":{"hp":31,"atk":31,"def":31,"spa":31,"spd":31,"spe":31}},{"name":"The Fatty","species":"clefable","item":"lifeorb","ability":"Cute Charm","moves":["focusblast","dazzlinggleam","healbell","healingwish"],"nature":"Modest","evs":{"hp":248,"atk":0,"def":0,"spa":252,"spd":8,"spe":0},"gender":"F","ivs":{"hp":31,"atk":31,"def":31,"spa":31,"spd":31,"spe":31}},{"name":"The Ace","species":"diancie","item":"diancite","ability":"Clear Body","moves":["diamondstorm","earthpower","moonblast","stealthrock"],"nature":"Mild","evs":{"hp":248,"atk":8,"def":0,"spa":252,"spd":0,"spe":0},"ivs":{"hp":31,"atk":31,"def":31,"spa":31,"spd":31,"spe":31}},{"name":"The Plane","species":"togekiss","item":"lifeorb","ability":"Serene Grace","moves":["airslash","flamethrower","dazzlinggleam","roost"],"nature":"Modest","evs":{"hp":248,"atk":0,"def":0,"spa":252,"spd":8,"spe":0},"ivs":{"hp":31,"atk":31,"def":31,"spa":31,"spd":31,"spe":31}},{"name":"The Sacrifice","species":"whimsicott","item":"leftovers","ability":"Infiltrator","moves":["cottonguard","dazzlinggleam","hiddenpowerfire","gigadrain"],"nature":"Timid","evs":{"hp":0,"atk":0,"def":0,"spa":252,"spd":4,"spe":252},"ivs":{"hp":31,"atk":30,"def":31,"spa":30,"spd":31,"spe":30}}],"log":["|player|p1|Sovereign♕Blake|169","|player|p2|Carnie Bronykins|80","|gametype|singles","|gen|6","|tier|Monotype","|rated","|rule|Baton Pass Clause: Limit one Baton Passer, can't pass Spe and other stats simultaneously","|rule|Swagger Clause: Swagger is banned","|rule|Same Type Clause: Pokémon in a team must share a type","|clearpoke","|poke|p1|Nidoking, M, shiny","|poke|p1|Amoonguss, M","|poke|p1|Tentacruel, F","|poke|p1|Weezing, F","|poke|p1|Crobat, F","|poke|p1|Beedrill, F","|poke|p2|Azumarill, M","|poke|p2|Klefki, M","|poke|p2|Clefable, F","|poke|p2|Diancie","|poke|p2|Togekiss, F","|poke|p2|Whimsicott, M","|rule|Sleep Clause Mod: Limit one foe put to sleep","|rule|Species Clause: Limit one of each Pokémon","|rule|OHKO Clause: OHKO moves are banned","|rule|Moody Clause: Moody is banned","|rule|Evasion Moves Clause: Evasion moves are banned","|rule|Endless Battle Clause: Forcing endless battles is banned","|rule|HP Percentage Mod: HP is shown in percentages","|teampreview","|","|start","|switch|p1a: Nidoking|Nidoking, M, shiny|303/303","|switch|p2a: The Setter|Klefki, M|317/317","|turn|1","|","|move|p2a: The Setter|Light Screen|p2a: The Setter","|-sidestart|p2: Carnie Bronykins|move: Light Screen","|move|p1a: Nidoking|Fire Blast|p2a: The Setter","|-supereffective|p2a: The Setter","|-damage|p2a: The Setter|176/317","|","|turn|2","|","|move|p2a: The Setter|Reflect|p2a: The Setter","|-sidestart|p2: Carnie Bronykins|Reflect","|move|p1a: Nidoking|Fire Blast|p2a: The Setter","|-supereffective|p2a: The Setter","|-damage|p2a: The Setter|23/317","|","|turn|3","|","|move|p2a: The Setter|Spikes|p1a: Nidoking","|-sidestart|p1: Sovereign♕Blake|Spikes","|move|p1a: Nidoking|Fire Blast|p2a: The Setter","|-supereffective|p2a: The Setter","|-damage|p2a: The Setter|0 fnt","|faint|p2a: The Setter","|","|","|switch|p2a: The Quick-Scope|Azumarill, M|404/404","|turn|4","|","|switch|p1a: Crobat|Crobat, F|311/311","|move|p2a: The Quick-Scope|Belly Drum|p2a: The Quick-Scope","|-damage|p2a: The Quick-Scope|202/404","|-setboost|p2a: The Quick-Scope|atk|6|[from] move: Belly Drum","|-enditem|p2a: The Quick-Scope|Sitrus Berry|[eat]","|-heal|p2a: The Quick-Scope|303/404|[from] item: Sitrus Berry","|","|turn|5","|","|move|p2a: The Quick-Scope|Aqua Jet|p1a: Crobat","|-damage|p1a: Crobat|88/311","|move|p1a: Crobat|Defog|p2a: The Quick-Scope","|-unboost|p2a: The Quick-Scope|evasion|1","|-sideend|p2: Carnie Bronykins|Reflect","|-sideend|p2: Carnie Bronykins|move: Light Screen","|-sideend|p1: Sovereign♕Blake|Spikes|[from] move: Defog|[of] p1a: Crobat","|","|-heal|p1a: Crobat|107/311|[from] item: Black Sludge","|turn|6","|","|move|p2a: The Quick-Scope|Aqua Jet|p1a: Crobat","|-damage|p1a: Crobat|0 fnt","|faint|p1a: Crobat","|","|","|switch|p1a: Amoonguss|Amoonguss, M|432/432","|turn|7","|","|move|p2a: The Quick-Scope|Play Rough|p1a: Amoonguss","|-resisted|p1a: Amoonguss","|-damage|p1a: Amoonguss|182/432","|move|p1a: Amoonguss|Spore|p2a: The Quick-Scope","|-immune|p2a: The Quick-Scope|[msg]","|","|-heal|p1a: Amoonguss|209/432|[from] item: Black Sludge","|turn|8","|","|move|p2a: The Quick-Scope|Waterfall|p1a: Amoonguss","|-resisted|p1a: Amoonguss","|-damage|p1a: Amoonguss|0 fnt","|faint|p1a: Amoonguss","|","|","|switch|p1a: Weezing|Weezing, F|334/334","|turn|9","|","|move|p1a: Weezing|Will-O-Wisp|p2a: The Quick-Scope","|-status|p2a: The Quick-Scope|brn","|move|p2a: The Quick-Scope|Waterfall|p1a: Weezing","|-damage|p1a: Weezing|199/334","|","|-heal|p1a: Weezing|219/334|[from] item: Black Sludge","|-damage|p2a: The Quick-Scope|253/404 brn|[from] brn","|turn|10","|","|move|p2a: The Quick-Scope|Aqua Jet|p1a: Weezing","|-damage|p1a: Weezing|144/334","|move|p1a: Weezing|Toxic Spikes|p2a: The Quick-Scope","|-sidestart|p2: Carnie Bronykins|move: Toxic Spikes","|","|-heal|p1a: Weezing|164/334|[from] item: Black Sludge","|-damage|p2a: The Quick-Scope|203/404 brn|[from] brn","|turn|11","|","|move|p1a: Weezing|Toxic Spikes|p2a: The Quick-Scope","|-sidestart|p2: Carnie Bronykins|move: Toxic Spikes","|move|p2a: The Quick-Scope|Waterfall|p1a: Weezing","|-damage|p1a: Weezing|14/334","|","|-heal|p1a: Weezing|34/334|[from] item: Black Sludge","|-damage|p2a: The Quick-Scope|153/404 brn|[from] brn","|turn|12","|","|move|p2a: The Quick-Scope|Aqua Jet|p1a: Weezing","|-damage|p1a: Weezing|0 fnt","|faint|p1a: Weezing","|","|-damage|p2a: The Quick-Scope|103/404 brn|[from] brn","|","|switch|p1a: Beedrill|Beedrill, F|271/271","|turn|13","|","|detailschange|p1a: Beedrill|Beedrill-Mega, F","|-mega|p1a: Beedrill|Beedrill|Beedrillite","|move|p1a: Beedrill|Protect|p1a: Beedrill","|-singleturn|p1a: Beedrill|Protect","|move|p2a: The Quick-Scope|Waterfall|p1a: Beedrill","|-activate|p1a: Beedrill|Protect","|","|-damage|p2a: The Quick-Scope|53/404 brn|[from] brn","|turn|14","|","|move|p1a: Beedrill|Poison Jab|p2a: The Quick-Scope","|-supereffective|p2a: The Quick-Scope","|-damage|p2a: The Quick-Scope|0 fnt","|faint|p2a: The Quick-Scope","|","|","|switch|p2a: The Ace|Diancie|303/303","|-status|p2a: The Ace|tox","|turn|15","|","|switch|p1a: Nidoking|Nidoking, M, shiny|303/303","|detailschange|p2a: The Ace|Diancie-Mega","|-mega|p2a: The Ace|Diancie|Diancite","|move|p2a: The Ace|Diamond Storm|p1a: Nidoking","|-resisted|p1a: Nidoking","|-damage|p1a: Nidoking|199/303","|","|-damage|p2a: The Ace|285/303 tox|[from] psn","|turn|16","|","|move|p1a: Nidoking|Earth Power|p2a: The Ace","|-supereffective|p2a: The Ace","|-damage|p2a: The Ace|0 fnt","|faint|p2a: The Ace","|","|","|switch|p2a: The Plane|Togekiss, F|373/373","|turn|17","|","|switch|p1a: Tentacruel|Tentacruel, F|361/361","|move|p2a: The Plane|Air Slash|p1a: Tentacruel","|-damage|p1a: Tentacruel|251/361","|-damage|p2a: The Plane|336/373|[from] item: Life Orb","|","|turn|18","|","|move|p1a: Tentacruel|Acid Spray|p2a: The Plane","|-supereffective|p2a: The Plane","|-damage|p2a: The Plane|238/373","|-unboost|p2a: The Plane|spd|2","|move|p2a: The Plane|Air Slash|p1a: Tentacruel","|-damage|p1a: Tentacruel|148/361","|-damage|p2a: The Plane|201/373|[from] item: Life Orb","|","|turn|19","|","|move|p1a: Tentacruel|Sludge Wave|p2a: The Plane","|-supereffective|p2a: The Plane","|-damage|p2a: The Plane|0 fnt","|faint|p2a: The Plane","|","|","|switch|p2a: The Fatty|Clefable, F|393/393","|-status|p2a: The Fatty|tox","|turn|20","|","|move|p1a: Tentacruel|Acid Spray|p2a: The Fatty","|-supereffective|p2a: The Fatty","|-damage|p2a: The Fatty|265/393 tox","|-unboost|p2a: The Fatty|spd|2","|move|p2a: The Fatty|Focus Blast|p1a: Tentacruel","|-resisted|p1a: Tentacruel","|-damage|p1a: Tentacruel|104/361","|-damage|p2a: The Fatty|226/393 tox|[from] item: Life Orb","|","|-damage|p2a: The Fatty|202/393 tox|[from] psn","|turn|21","|","|move|p1a: Tentacruel|Sludge Wave|p2a: The Fatty","|-supereffective|p2a: The Fatty","|-damage|p2a: The Fatty|0 fnt","|faint|p2a: The Fatty","|","|","|switch|p2a: The Sacrifice|Whimsicott, M|261/261","|-status|p2a: The Sacrifice|tox","|turn|22","|","|move|p2a: The Sacrifice|Giga Drain|p1a: Tentacruel","|-damage|p1a: Tentacruel|50/361","|-damage|p2a: The Sacrifice|234/261 tox|[from] ability: Liquid Ooze|[of] p1a: Tentacruel","|move|p1a: Tentacruel|Acid Spray|p2a: The Sacrifice","|-supereffective|p2a: The Sacrifice","|-damage|p2a: The Sacrifice|0 fnt","|faint|p2a: The Sacrifice","|","|win|Sovereign♕Blake"],"p1rating":{"entryid":"7151294","serverid":"eos","formatid":"monotype","userid":"sovereignblake","username":"Sovereign♕Blake","w":5,"l":"7","t":"0","gxe":42.2,"r":1416.7016173284,"rd":85.517593210452,"sigma":"0","rptime":1438419600,"rpr":1439.2892650015,"rprd":83.484067291352,"rpsigma":"0","acre":1095.3588432156,"lacre":1095.3588432156,"oldacre":"1065.3689375359"},"p2rating":{"entryid":"7315484","serverid":"eos","formatid":"monotype","userid":"carniebronykins","username":"Carnie Bronykins","w":"1","l":1,"t":"0","gxe":49.7,"r":"1500","rd":"130","sigma":"0","rptime":"1438419600","rpr":1497.9670759884,"rprd":116.30876366992,"rpsigma":"0","acre":1043.6928693311,"lacre":1043.6928693311,"oldacre":"1063.0128980884"},"endType":"normal"}