{"seed":[57011,8097,57625,16970],"turns":36,"p1":"Seven Swell","p2":"Onyx Keiran","p1team":[{"name":"Mew","species":"Mew","item":"leftovers","ability":"Synchronize","moves":["roost","toxic","healbell","aurasphere"],"nature":"Calm","evs":{"hp":252,"atk":0,"def":0,"spa":4,"spd":252,"spe":0},"ivs":{"hp":31,"atk":31,"def":31,"spa":31,"spd":31,"spe":31}},{"name":"Slowbro","species":"Slowbro","item":"rockyhelmet","ability":"Regenerator","moves":["scald","yawn","flamethrower","slackoff"],"nature":"Bold","evs":{"hp":252,"atk":0,"def":252,"spa":4,"spd":0,"spe":0},"ivs":{"hp":31,"atk":31,"def":31,"spa":31,"spd":31,"spe":31}},{"name":"Deoxys-Speed","species":"Deoxys-Speed","item":"focussash","ability":"Pressure","moves":["stealthrock","spikes","thunderwave","icebeam"],"nature":"Timid","evs":{"hp":252,"atk":0,"def":44,"spa":0,"spd":0,"spe":212},"ivs":{"hp":31,"atk":31,"def":31,"spa":31,"spd":31,"spe":31}},{"name":"Gardevoir","species":"Gardevoir","item":"gardevoirite","ability":"Trace","moves":["hypervoice","psyshock","destinybond","thunderbolt"],"nature":"Timid","evs":{"hp":0,"atk":0,"def":0,"spa":252,"spd":0,"spe":252},"ivs":{"hp":31,"atk":0,"def":31,"spa":31,"spd":31,"spe":31}},{"name":"Latias","species":"Latias","item":"leftovers","ability":"Levitate","moves":["dracometeor","psyshock","roost","defog"],"nature":"Timid","evs":{"hp":252,"atk":0,"def":0,"spa":4,"spd":0,"spe":252},"ivs":{"hp":31,"atk":31,"def":31,"spa":31,"spd":31,"spe":31}},{"name":"Hoopa-Unbound","species":"Hoopa-Unbound","item":"focussash","ability":"Magician","moves":["hyperspacefury","drainpunch","firepunch","gunkshot"],"nature":"Adamant","evs":{"hp":0,"atk":252,"def":0,"spa":0,"spd":4,"spe":252},"ivs":{"hp":31,"atk":31,"def":31,"spa":31,"spd":31,"spe":31}}],"p2team":[{"name":"Hatsune","species":"meloetta","item":"expertbelt","ability":"Serene Grace","moves":["closecombat","relicsong","return","shadowball"],"nature":"Hasty","evs":{"hp":0,"atk":8,"def":0,"spa":252,"spd":0,"spe":248},"ivs":{"hp":31,"atk":31,"def":31,"spa":31,"spd":31,"spe":31}},{"name":"Wingman","species":"latios","item":"choicespecs","ability":"Levitate","moves":["dragonpulse","hiddenpowerfire","psyshock","thunderbolt"],"nature":"Timid","evs":{"hp":4,"atk":0,"def":0,"spa":252,"spd":0,"spe":252},"ivs":{"hp":31,"atk":30,"def":31,"spa":30,"spd":31,"spe":30}},{"name":"Internet Explorer","species":"slowbro","item":"leftovers","ability":"Regenerator","moves":["calmmind","scald","icebeam","slackoff"],"nature":"Bold","evs":{"hp":248,"atk":0,"def":252,"spa":8,"spd":0,"spe":0},"ivs":{"hp":31,"atk":31,"def":31,"spa":31,"spd":31,"spe":31}},{"name":"The Champ","species":"medicham","item":"medichamite","ability":"Pure Power","moves":["fakeout","bulletpunch","drainpunch","icepunch"],"nature":"Jolly","evs":{"hp":0,"atk":252,"def":0,"spa":0,"spd":4,"spe":252},"shiny":true,"ivs":{"hp":31,"atk":31,"def":31,"spa":31,"spd":31,"spe":31}},{"name":"Star","species":"jirachi","item":"choicescarf","ability":"Serene Grace","moves":["ironhead","bodyslam","firepunch","trick"],"nature":"Jolly","evs":{"hp":0,"atk":252,"def":0,"spa":0,"spd":4,"spe":252},"ivs":{"hp":31,"atk":31,"def":31,"spa":31,"spd":31,"spe":31}},{"name":"FTL","species":"hoopaunbound","item":"choicescarf","ability":"Magician","moves":["knockoff","hyperspacefury","drainpunch","zenheadbutt"],"nature":"Jolly","evs":{"hp":0,"atk":252,"def":0,"spa":0,"spd":4,"spe":252},"ivs":{"hp":31,"atk":31,"def":31,"spa":31,"spd":31,"spe":31}}],"log":["|player|p1|Seven Swell|sevenswell.png","|player|p2|Onyx Keiran|285","|gametype|singles","|gen|6","|tier|Monotype","|rated","|rule|Baton Pass Clause: Limit one Baton Passer, can't pass Spe and other stats simultaneously","|rule|Swagger Clause: Swagger is banned","|rule|Same Type Clause: Pokémon in a team must share a type","|clearpoke","|poke|p1|Mew","|poke|p1|Slowbro, F","|poke|p1|Deoxys-Speed","|poke|p1|Gardevoir, F","|poke|p1|Latias, F","|poke|p1|Hoopa-Unbound","|poke|p2|Meloetta","|poke|p2|Latios, M","|poke|p2|Slowbro, M","|poke|p2|Medicham, M, shiny","|poke|p2|Jirachi","|poke|p2|Hoopa-Unbound","|rule|Sleep Clause Mod: Limit one foe put to sleep","|rule|Species Clause: Limit one of each Pokémon","|rule|OHKO Clause: OHKO moves are banned","|rule|Moody Clause: Moody is banned","|rule|Evasion Moves Clause: Evasion moves are banned","|rule|Endless Battle Clause: Forcing endless battles is banned","|rule|HP Percentage Mod: HP is shown in percentages","|teampreview","|","|start","|switch|p1a: Hoopa-Unbound|Hoopa-Unbound|301/301","|switch|p2a: Hatsune|Meloetta|341/341","|turn|1","|","|move|p2a: Hatsune|Relic Song|p1a: Hoopa-Unbound","|-damage|p1a: Hoopa-Unbound|196/301","|-formechange|p2a: Hatsune|Meloetta-Pirouette|[msg]","|move|p1a: Hoopa-Unbound|Hyperspace Fury|p2a: Hatsune","|-resisted|p2a: Hatsune","|-damage|p2a: Hatsune|196/341","|-unboost|p1a: Hoopa-Unbound|def|1","|","|turn|2","|","|switch|p1a: Slowbro|Slowbro, F|394/394","|move|p2a: Hatsune|Close Combat|p1a: Slowbro","|-resisted|p1a: Slowbro","|-damage|p1a: Slowbro|337/394","|-damage|p2a: Hatsune|140/341|[from] item: Rocky Helmet|[of] p1a: Slowbro","|-unboost|p2a: Hatsune|def|1","|-unboost|p2a: Hatsune|spd|1","|","|turn|3","|","|switch|p2a: FTL|Hoopa-Unbound|301/301","|move|p1a: Slowbro|Scald|p2a: FTL","|-damage|p2a: FTL|229/301","|","|turn|4","|","|move|p2a: FTL|Knock Off|p1a: Slowbro","|-supereffective|p1a: Slowbro","|-damage|p1a: Slowbro|83/394","|-damage|p2a: FTL|179/301|[from] item: Rocky Helmet|[of] p1a: Slowbro","|-enditem|p1a: Slowbro|Rocky Helmet|[from] move: Knock Off|[of] p2a: FTL","|move|p1a: Slowbro|Yawn|p2a: FTL","|-start|p2a: FTL|move: Yawn|[of] p1a: Slowbro","|","|turn|5","|","|switch|p2a: Hatsune|Meloetta|140/341","|move|p1a: Slowbro|Slack Off|p1a: Slowbro","|-heal|p1a: Slowbro|280/394","|","|turn|6","|","|move|p2a: Hatsune|Shadow Ball|p1a: Slowbro","|-supereffective|p1a: Slowbro","|-damage|p1a: Slowbro|16/394","|-unboost|p1a: Slowbro|spd|1","|move|p1a: Slowbro|Slack Off|p1a: Slowbro","|-heal|p1a: Slowbro|213/394","|","|turn|7","|","|switch|p1a: Mew|Mew|404/404","|move|p2a: Hatsune|Shadow Ball|p1a: Mew","|-supereffective|p1a: Mew","|-damage|p1a: Mew|255/404","|","|-heal|p1a: Mew|280/404|[from] item: Leftovers","|turn|8","|","|move|p2a: Hatsune|Relic Song|p1a: Mew","|-damage|p1a: Mew|190/404","|-formechange|p2a: Hatsune|Meloetta-Pirouette|[msg]","|move|p1a: Mew|Toxic|p2a: Hatsune","|-status|p2a: Hatsune|tox","|","|-heal|p1a: Mew|215/404|[from] item: Leftovers","|-damage|p2a: Hatsune|119/341 tox|[from] psn","|turn|9","|","|move|p2a: Hatsune|Return|p1a: Mew","|-damage|p1a: Mew|56/404","|move|p1a: Mew|Roost|p1a: Mew","|-heal|p1a: Mew|258/404","|","|-heal|p1a: Mew|283/404|[from] item: Leftovers","|-damage|p2a: Hatsune|77/341 tox|[from] psn","|turn|10","|","|switch|p2a: Star|Jirachi|341/341","|move|p1a: Mew|Roost|p1a: Mew","|-heal|p1a: Mew|404/404","|","|turn|11","|","|switch|p1a: Slowbro|Slowbro, F|344/394","|move|p2a: Star|Trick|p1a: Slowbro","|-activate|p2a: Star|move: Trick|[of] p1a: Slowbro","|-item|p1a: Slowbro|Choice Scarf|[from] move: Trick","|","|turn|12","|","|move|p2a: Star|Body Slam|p1a: Slowbro","|-damage|p1a: Slowbro|287/394","|-status|p1a: Slowbro|par","|move|p1a: Slowbro|Scald|p2a: Star","|-damage|p2a: Star|247/341","|-status|p2a: Star|brn","|","|-damage|p2a: Star|205/341 brn|[from] brn","|turn|13","|","|switch|p2a: FTL|Hoopa-Unbound|179/301","|move|p1a: Slowbro|Scald|p2a: FTL","|-damage|p2a: FTL|104/301","|","|turn|14","|","|move|p2a: FTL|Hyperspace Fury|p1a: Slowbro","|-supereffective|p1a: Slowbro","|-damage|p1a: Slowbro|3/394 par","|-unboost|p2a: FTL|def|1","|cant|p1a: Slowbro|par","|","|turn|15","|","|move|p2a: FTL|Hyperspace Fury|p1a: Slowbro","|-supereffective|p1a: Slowbro","|-damage|p1a: Slowbro|0 fnt","|-unboost|p2a: FTL|def|1","|faint|p1a: Slowbro","|","|","|switch|p1a: Gardevoir|Gardevoir, F|277/277","|-ability|p1a: Gardevoir|Magician|[from] ability: Trace|[of] p2a: FTL","|turn|16","|","|switch|p2a: Hatsune|Meloetta|77/341 tox","|detailschange|p1a: Gardevoir|Gardevoir-Mega, F","|-mega|p1a: Gardevoir|Gardevoir|Gardevoirite","|move|p1a: Gardevoir|Hyper Voice|p2a: Hatsune","|-damage|p2a: Hatsune|0 fnt","|faint|p2a: Hatsune","|","|","|switch|p2a: Star|Jirachi|205/341 brn","|turn|17","|","|switch|p1a: Hoopa-Unbound|Hoopa-Unbound|196/301","|move|p2a: Star|Body Slam|p1a: Hoopa-Unbound","|-damage|p1a: Hoopa-Unbound|129/301","|","|-damage|p2a: Star|163/341 brn|[from] brn","|turn|18","|","|move|p2a: Star|Trick|p1a: Hoopa-Unbound","|-activate|p2a: Star|move: Trick|[of] p1a: Hoopa-Unbound","|-item|p2a: Star|Focus Sash|[from] move: Trick","|move|p1a: Hoopa-Unbound|Hyperspace Fury|p2a: Star","|-supereffective|p2a: Star","|-damage|p2a: Star|0 fnt","|-item|p1a: Hoopa-Unbound|Focus Sash|[from] ability: Magician|[of] p2a: Star","|-unboost|p1a: Hoopa-Unbound|def|1","|faint|p2a: Star","|","|","|switch|p2a: The Champ|Medicham, M, shiny|261/261","|turn|19","|","|detailschange|p2a: The Champ|Medicham-Mega, M, shiny","|-mega|p2a: The Champ|Medicham|Medichamite","|move|p2a: The Champ|Drain Punch|p1a: Hoopa-Unbound","|-damage|p1a: Hoopa-Unbound|0 fnt","|faint|p1a: Hoopa-Unbound","|","|","|switch|p1a: Deoxys-Speed|Deoxys-Speed|304/304","|-ability|p1a: Deoxys-Speed|Pressure","|turn|20","|","|move|p1a: Deoxys-Speed|Thunder Wave|p2a: The Champ","|-status|p2a: The Champ|par","|move|p2a: The Champ|Ice Punch|p1a: Deoxys-Speed","|-damage|p1a: Deoxys-Speed|161/304","|","|turn|21","|","|move|p2a: The Champ|Bullet Punch|p1a: Deoxys-Speed","|-damage|p1a: Deoxys-Speed|83/304","|move|p1a: Deoxys-Speed|Stealth Rock|p2a: The Champ","|-sidestart|p2: Onyx Keiran|move: Stealth Rock","|","|turn|22","|","|move|p1a: Deoxys-Speed|Spikes|p2a: The Champ","|-sidestart|p2: Onyx Keiran|Spikes","|move|p2a: The Champ|Ice Punch|p1a: Deoxys-Speed","|-damage|p1a: Deoxys-Speed|0 fnt","|faint|p1a: Deoxys-Speed","|","|","|switch|p1a: Latias|Latias, F|364/364","|turn|23","|","|move|p1a: Latias|Psyshock|p2a: The Champ","|-damage|p2a: The Champ|141/261 par","|move|p2a: The Champ|Ice Punch|p1a: Latias","|-supereffective|p1a: Latias","|-damage|p1a: Latias|52/364","|","|-heal|p1a: Latias|74/364|[from] item: Leftovers","|turn|24","|","|cant|p2a: The Champ|par","|move|p1a: Latias|Draco Meteor|p2a: The Champ","|-damage|p2a: The Champ|0 fnt","|-unboost|p1a: Latias|spa|2","|faint|p2a: The Champ","|","|-heal|p1a: Latias|96/364|[from] item: Leftovers","|","|switch|p2a: Wingman|Latios, M|302/302","|-damage|p2a: Wingman|265/302|[from] Stealth Rock","|turn|25","|","|move|p1a: Latias|Draco Meteor|p2a: Wingman","|-supereffective|p2a: Wingman","|-damage|p2a: Wingman|107/302","|-unboost|p1a: Latias|spa|2","|move|p2a: Wingman|Dragon Pulse|p1a: Latias","|-supereffective|p1a: Latias","|-damage|p1a: Latias|0 fnt","|faint|p1a: Latias","|","|","|switch|p1a: Gardevoir|Gardevoir-Mega, F|277/277","|turn|26","|","|switch|p2a: FTL|Hoopa-Unbound|104/301","|-damage|p2a: FTL|67/301|[from] Stealth Rock","|-damage|p2a: FTL|30/301|[from] Spikes","|move|p1a: Gardevoir|Hyper Voice|p2a: FTL","|-supereffective|p2a: FTL","|-damage|p2a: FTL|0 fnt","|faint|p2a: FTL","|","|","|switch|p2a: Internet Explorer|Slowbro, M|393/393","|-damage|p2a: Internet Explorer|344/393|[from] Stealth Rock","|-damage|p2a: Internet Explorer|295/393|[from] Spikes","|turn|27","|","|switch|p1a: Mew|Mew|404/404","|move|p2a: Internet Explorer|Scald|p1a: Mew","|-damage|p1a: Mew|340/404","|","|-heal|p1a: Mew|365/404|[from] item: Leftovers","|-heal|p2a: Internet Explorer|319/393|[from] item: Leftovers","|turn|28","|","|move|p1a: Mew|Toxic|p2a: Internet Explorer","|-status|p2a: Internet Explorer|tox","|move|p2a: Internet Explorer|Calm Mind|p2a: Internet Explorer","|-boost|p2a: Internet Explorer|spa|1","|-boost|p2a: Internet Explorer|spd|1","|","|-heal|p1a: Mew|390/404|[from] item: Leftovers","|-heal|p2a: Internet Explorer|343/393 tox|[from] item: Leftovers","|-damage|p2a: Internet Explorer|319/393 tox|[from] psn","|turn|29","|","|move|p1a: Mew|Aura Sphere|p2a: Internet Explorer","|-resisted|p2a: Internet Explorer","|-damage|p2a: Internet Explorer|292/393 tox","|move|p2a: Internet Explorer|Calm Mind|p2a: Internet Explorer","|-boost|p2a: Internet Explorer|spa|1","|-boost|p2a: Internet Explorer|spd|1","|","|-heal|p1a: Mew|404/404|[from] item: Leftovers","|-heal|p2a: Internet Explorer|316/393 tox|[from] item: Leftovers","|-damage|p2a: Internet Explorer|268/393 tox|[from] psn","|turn|30","|","|move|p1a: Mew|Aura Sphere|p2a: Internet Explorer","|-resisted|p2a: Internet Explorer","|-damage|p2a: Internet Explorer|248/393 tox","|move|p2a: Internet Explorer|Calm Mind|p2a: Internet Explorer","|-boost|p2a: Internet Explorer|spa|1","|-boost|p2a: Internet Explorer|spd|1","|","|-heal|p2a: Internet Explorer|272/393 tox|[from] item: Leftovers","|-damage|p2a: Internet Explorer|200/393 tox|[from] psn","|turn|31","|","|move|p1a: Mew|Aura Sphere|p2a: Internet Explorer","|-resisted|p2a: Internet Explorer","|-damage|p2a: Internet Explorer|185/393 tox","|move|p2a: Internet Explorer|Scald|p1a: Mew","|-damage|p1a: Mew|248/404","|","|-heal|p1a: Mew|273/404|[from] item: Leftovers","|-heal|p2a: Internet Explorer|209/393 tox|[from] item: Leftovers","|-damage|p2a: Internet Explorer|113/393 tox|[from] psn","|turn|32","|","|move|p1a: Mew|Roost|p1a: Mew","|-heal|p1a: Mew|404/404","|move|p2a: Internet Explorer|Slack Off|p2a: Internet Explorer","|-heal|p2a: Internet Explorer|310/393 tox","|","|-heal|p2a: Internet Explorer|334/393 tox|[from] item: Leftovers","|-damage|p2a: Internet Explorer|214/393 tox|[from] psn","|turn|33","|","|move|p1a: Mew|Aura Sphere|p2a: Internet Explorer","|-resisted|p2a: Internet Explorer","|-damage|p2a: Internet Explorer|199/393 tox","|move|p2a: Internet Explorer|Scald|p1a: Mew","|-damage|p1a: Mew|242/404","|-status|p1a: Mew|brn","|","|-heal|p1a: Mew|267/404 brn|[from] item: Leftovers","|-heal|p2a: Internet Explorer|223/393 tox|[from] item: Leftovers","|-damage|p1a: Mew|217/404 brn|[from] brn","|-damage|p2a: Internet Explorer|79/393 tox|[from] psn","|turn|34","|","|move|p1a: Mew|Heal Bell|p1a: Mew","|-cureteam|p1a: Mew|[from] move: HealBell","|move|p2a: Internet Explorer|Scald|p1a: Mew","|-damage|p1a: Mew|57/404","|","|-heal|p1a: Mew|82/404|[from] item: Leftovers","|-heal|p2a: Internet Explorer|103/393 tox|[from] item: Leftovers","|-damage|p2a: Internet Explorer|0 fnt|[from] psn","|faint|p2a: Internet Explorer","|","|switch|p2a: Wingman|Latios, M|107/302","|-damage|p2a: Wingman|70/302|[from] Stealth Rock","|turn|35","|","|move|p2a: Wingman|Thunderbolt|p1a: Mew","|-damage|p1a: Mew|0 fnt","|faint|p1a: Mew","|","|","|switch|p1a: Gardevoir|Gardevoir-Mega, F|277/277","|turn|36","|","|move|p2a: Wingman|Thunderbolt|p1a: Gardevoir","|-damage|p1a: Gardevoir|152/277","|move|p1a: Gardevoir|Hyper Voice|p2a: Wingman","|-supereffective|p2a: Wingman","|-damage|p2a: Wingman|0 fnt","|faint|p2a: Wingman","|","|win|Seven Swell"],"p1rating":{"entryid":"7267988","serverid":"eos","formatid":"monotype","userid":"sevenswell","username":"Seven Swell","w":16,"l":"9","t":"0","gxe":61.5,"r":"1567.1915192808","rd":"73.69736110994","sigma":"0","rptime":"1438419600","rpr":1589.8010187453,"rprd":65.453510698348,"rpsigma":"0","acre":1200.976812923,"lacre":1200.976812923,"oldacre":"1188.3410034387"},"p2rating":{"entryid":7315673,"formatid":"monotype","userid":"onyxkeiran","username":"Onyx Keiran","r":1500,"rd":130,"sigma":0,"rpr":1465.829997434,"rprd":122.39430038448,"rpsigma":0,"rptime":1438419600,"w":0,"l":1,"t":0,"gxe":45.7,"acre":1000,"lacre":1000,"oldacre":1000},"endType":"normal"}