{"seed":[18351,56309,24273,8581],"turns":26,"p1":"R06L29A01","p2":"Guard Wanderer","p1team":[{"name":"Druddigon","species":"Druddigon","item":"focussash","ability":"Rough Skin","moves":["glare","dragontail","earthquake","stealthrock"],"nature":"Adamant","evs":{"hp":248,"atk":252,"def":0,"spa":0,"spd":8,"spe":0},"shiny":true,"ivs":{"hp":31,"atk":31,"def":31,"spa":31,"spd":31,"spe":31}},{"name":"Dragonite","species":"Dragonite","item":"weaknesspolicy","ability":"Multiscale","moves":["extremespeed","dragondance","dragonclaw","earthquake"],"nature":"Adamant","evs":{"hp":0,"atk":252,"def":0,"spa":0,"spd":4,"spe":252},"ivs":{"hp":31,"atk":31,"def":31,"spa":31,"spd":31,"spe":31}},{"name":"Goodra","species":"Goodra","item":"assaultvest","ability":"Gooey","moves":["dragonpulse","icebeam","flamethrower","sludgebomb"],"nature":"Modest","evs":{"hp":248,"atk":0,"def":0,"spa":252,"spd":8,"spe":0},"shiny":true,"ivs":{"hp":31,"atk":31,"def":31,"spa":31,"spd":31,"spe":31}},{"name":"Latias","species":"Latias","item":"latiasite","ability":"Levitate","moves":["thunderbolt","recover","dragonpulse","surf"],"nature":"Modest","evs":{"hp":248,"atk":0,"def":0,"spa":252,"spd":8,"spe":0},"shiny":true,"ivs":{"hp":31,"atk":31,"def":31,"spa":31,"spd":31,"spe":31}},{"name":"Garchomp","species":"Garchomp","item":"focussash","ability":"Rough Skin","moves":["dragonclaw","swordsdance","earthquake","firefang"],"nature":"Jolly","evs":{"hp":0,"atk":252,"def":0,"spa":0,"spd":4,"spe":252},"shiny":true,"ivs":{"hp":31,"atk":31,"def":31,"spa":31,"spd":31,"spe":31}},{"name":"Salamence","species":"Salamence","item":"choicescarf","ability":"Moxie","moves":["dragontail","irontail","firefang","outrage"],"nature":"Jolly","evs":{"hp":0,"atk":252,"def":0,"spa":0,"spd":4,"spe":252},"shiny":true,"ivs":{"hp":31,"atk":31,"def":31,"spa":31,"spd":31,"spe":31}}],"p2team":[{"name":"Weezing","species":"Weezing","item":"sitrusberry","ability":"Levitate","moves":["toxicspikes","willowisp","memento","thief"],"nature":"Careful","evs":{"hp":248,"atk":8,"def":0,"spa":0,"spd":252,"spe":0},"ivs":{"hp":31,"atk":31,"def":31,"spa":31,"spd":31,"spe":31}},{"name":"Tentacruel","species":"Tentacruel","item":"assaultvest","ability":"Liquid Ooze","moves":["scald","acidspray","gigadrain","hex"],"nature":"Timid","evs":{"hp":0,"atk":0,"def":4,"spa":252,"spd":0,"spe":252},"ivs":{"hp":31,"atk":31,"def":31,"spa":31,"spd":31,"spe":31}},{"name":"Skuntank","species":"Skuntank","item":"","ability":"Stench","moves":["snatch","thief","suckerpunch","poisonjab"],"nature":"Adamant","evs":{"hp":248,"atk":252,"def":0,"spa":0,"spd":8,"spe":0},"ivs":{"hp":31,"atk":31,"def":31,"spa":31,"spd":31,"spe":31}},{"name":"Crobat","species":"Crobat","item":"whiteherb","ability":"Infiltrator","moves":["curse","acrobatics","roost","superfang"],"nature":"Jolly","evs":{"hp":248,"atk":8,"def":0,"spa":0,"spd":0,"spe":252},"ivs":{"hp":31,"atk":31,"def":31,"spa":31,"spd":31,"spe":31}},{"name":"Gengar","species":"Gengar","item":"choicescarf","ability":"Levitate","moves":["trick","destinybond","venoshock","hex"],"nature":"Timid","evs":{"hp":0,"atk":0,"def":0,"spa":252,"spd":4,"spe":252},"ivs":{"hp":31,"atk":31,"def":31,"spa":31,"spd":31,"spe":31}},{"name":"Amoonguss","species":"Amoonguss","item":"blacksludge","ability":"Regenerator","moves":["spore","gigadrain","gastroacid","stunspore"],"nature":"Calm","evs":{"hp":248,"atk":0,"def":0,"spa":8,"spd":252,"spe":0},"shiny":true,"ivs":{"hp":31,"atk":31,"def":31,"spa":31,"spd":31,"spe":31}}],"log":["|player|p1|R06L29A01|209","|player|p2|Guard Wanderer|235","|gametype|singles","|gen|6","|tier|Monotype","|rated","|rule|Baton Pass Clause: Limit one Baton Passer, can't pass Spe and other stats simultaneously","|rule|Swagger Clause: Swagger is banned","|rule|Same Type Clause: Pokémon in a team must share a type","|clearpoke","|poke|p1|Druddigon, F, shiny","|poke|p1|Dragonite, M","|poke|p1|Goodra, F, shiny","|poke|p1|Latias, F, shiny","|poke|p1|Garchomp, F, shiny","|poke|p1|Salamence, M, shiny","|poke|p2|Weezing, F","|poke|p2|Tentacruel, F","|poke|p2|Skuntank, M","|poke|p2|Crobat, M","|poke|p2|Gengar, M","|poke|p2|Amoonguss, M, shiny","|rule|Sleep Clause Mod: Limit one foe put to sleep","|rule|Species Clause: Limit one of each Pokémon","|rule|OHKO Clause: OHKO moves are banned","|rule|Moody Clause: Moody is banned","|rule|Evasion Moves Clause: Evasion moves are banned","|rule|Endless Battle Clause: Forcing endless battles is banned","|rule|HP Percentage Mod: HP is shown in percentages","|teampreview","|","|start","|switch|p1a: Druddigon|Druddigon, F, shiny|357/357","|switch|p2a: Weezing|Weezing, F|333/333","|turn|1","|","|move|p2a: Weezing|Will-O-Wisp|p1a: Druddigon","|-status|p1a: Druddigon|brn","|move|p1a: Druddigon|Glare|p2a: Weezing","|-status|p2a: Weezing|par","|","|-damage|p1a: Druddigon|313/357 brn|[from] brn","|turn|2","|","|move|p1a: Druddigon|Stealth Rock|p2a: Weezing","|-sidestart|p2: Guard Wanderer|move: Stealth Rock","|cant|p2a: Weezing|par","|","|-damage|p1a: Druddigon|269/357 brn|[from] brn","|turn|3","|","|switch|p1a: Garchomp|Garchomp, F, shiny|357/357","|move|p2a: Weezing|Toxic Spikes|p1a: Garchomp","|-sidestart|p1: R06L29A01|move: Toxic Spikes","|","|turn|4","|","|move|p1a: Garchomp|Swords Dance|p1a: Garchomp","|-boost|p1a: Garchomp|atk|2","|move|p2a: Weezing|Will-O-Wisp|p1a: Garchomp","|-status|p1a: Garchomp|brn","|","|-damage|p1a: Garchomp|313/357 brn|[from] brn","|turn|5","|","|move|p1a: Garchomp|Dragon Claw|p2a: Weezing","|-damage|p2a: Weezing|211/333 par","|move|p2a: Weezing|Toxic Spikes|p1a: Garchomp","|-sidestart|p1: R06L29A01|move: Toxic Spikes","|","|-damage|p1a: Garchomp|269/357 brn|[from] brn","|turn|6","|","|switch|p2a: Amoonguss|Amoonguss, M, shiny|431/431","|-damage|p2a: Amoonguss|378/431|[from] Stealth Rock","|move|p1a: Garchomp|Dragon Claw|p2a: Amoonguss","|-damage|p2a: Amoonguss|180/431","|","|-heal|p2a: Amoonguss|206/431|[from] item: Black Sludge","|-damage|p1a: Garchomp|225/357 brn|[from] brn","|turn|7","|","|move|p1a: Garchomp|Earthquake|p2a: Amoonguss","|-damage|p2a: Amoonguss|0 fnt","|faint|p2a: Amoonguss","|","|-damage|p1a: Garchomp|181/357 brn|[from] brn","|","|switch|p2a: Crobat|Crobat, M|373/373","|-damage|p2a: Crobat|280/373|[from] Stealth Rock","|turn|8","|","|move|p2a: Crobat|Curse|p2a: Crobat","|-boost|p2a: Crobat|atk|1","|-boost|p2a: Crobat|def|1","|-unboost|p2a: Crobat|spe|1","|-enditem|p2a: Crobat|White Herb","|-restoreboost|p2a: Crobat|[silent]","|move|p1a: Garchomp|Dragon Claw|p2a: Crobat","|-damage|p2a: Crobat|159/373","|","|-damage|p1a: Garchomp|137/357 brn|[from] brn","|turn|9","|","|move|p2a: Crobat|Roost|p2a: Crobat","|-heal|p2a: Crobat|346/373","|move|p1a: Garchomp|Fire Fang|p2a: Crobat","|-damage|p2a: Crobat|289/373","|","|-damage|p1a: Garchomp|93/357 brn|[from] brn","|turn|10","|","|move|p2a: Crobat|Curse|p2a: Crobat","|-boost|p2a: Crobat|atk|1","|-boost|p2a: Crobat|def|1","|-unboost|p2a: Crobat|spe|1","|move|p1a: Garchomp|Dragon Claw|p2a: Crobat","|-damage|p2a: Crobat|196/373","|","|-damage|p1a: Garchomp|49/357 brn|[from] brn","|turn|11","|","|move|p1a: Garchomp|Dragon Claw|p2a: Crobat","|-damage|p2a: Crobat|117/373","|move|p2a: Crobat|Roost|p2a: Crobat","|-heal|p2a: Crobat|304/373","|","|-damage|p1a: Garchomp|5/357 brn|[from] brn","|turn|12","|","|move|p1a: Garchomp|Fire Fang|p2a: Crobat","|-damage|p2a: Crobat|261/373","|move|p2a: Crobat|Roost|p2a: Crobat","|-heal|p2a: Crobat|373/373","|","|-damage|p1a: Garchomp|0 fnt|[from] brn","|faint|p1a: Garchomp","|","|switch|p1a: Salamence|Salamence, M, shiny|331/331","|turn|13","|","|move|p2a: Crobat|Super Fang|p1a: Salamence","|-damage|p1a: Salamence|166/331","|move|p1a: Salamence|Dragon Tail|p2a: Crobat|[miss]","|-miss|p1a: Salamence|p2a: Crobat","|","|turn|14","|","|move|p2a: Crobat|Acrobatics|p1a: Salamence","|-damage|p1a: Salamence|0 fnt","|faint|p1a: Salamence","|","|","|switch|p1a: Goodra|Goodra, F, shiny|383/383","|-status|p1a: Goodra|tox","|turn|15","|","|move|p2a: Crobat|Super Fang|p1a: Goodra","|-damage|p1a: Goodra|192/383 tox","|-unboost|p2a: Crobat|spe|1","|move|p1a: Goodra|Ice Beam|p2a: Crobat","|-supereffective|p2a: Crobat","|-damage|p2a: Crobat|121/373","|","|-damage|p1a: Goodra|169/383 tox|[from] psn","|turn|16","|","|move|p2a: Crobat|Acrobatics|p1a: Goodra","|-damage|p1a: Goodra|0 fnt","|-unboost|p2a: Crobat|spe|1","|faint|p1a: Goodra","|","|","|switch|p1a: Druddigon|Druddigon, F, shiny|269/357 brn","|turn|17","|","|move|p2a: Crobat|Acrobatics|p1a: Druddigon","|-damage|p1a: Druddigon|13/357 brn","|-damage|p2a: Crobat|75/373|[from] ability: Rough Skin|[of] p1a: Druddigon","|move|p1a: Druddigon|Glare|p2a: Crobat","|-status|p2a: Crobat|par","|","|-damage|p1a: Druddigon|0 fnt|[from] brn","|faint|p1a: Druddigon","|","|switch|p1a: Dragonite|Dragonite, M|323/323","|turn|18","|","|move|p1a: Dragonite|Dragon Dance|p1a: Dragonite","|-boost|p1a: Dragonite|atk|1","|-boost|p1a: Dragonite|spe|1","|move|p2a: Crobat|Acrobatics|p1a: Dragonite","|-damage|p1a: Dragonite|188/323","|","|turn|19","|","|move|p1a: Dragonite|Dragon Dance|p1a: Dragonite","|-boost|p1a: Dragonite|atk|1","|-boost|p1a: Dragonite|spe|1","|move|p2a: Crobat|Acrobatics|p1a: Dragonite","|-damage|p1a: Dragonite|0 fnt","|faint|p1a: Dragonite","|","|","|switch|p1a: Latias|Latias, F, shiny|363/363","|turn|20","|","|detailschange|p1a: Latias|Latias-Mega, F, shiny","|-mega|p1a: Latias|Latias|Latiasite","|move|p1a: Latias|Thunderbolt|p2a: Crobat","|-supereffective|p2a: Crobat","|-damage|p2a: Crobat|0 fnt","|faint|p2a: Crobat","|","|","|switch|p2a: Weezing|Weezing, F|211/333 par","|-damage|p2a: Weezing|170/333 par|[from] Stealth Rock","|turn|21","|","|move|p1a: Latias|Dragon Pulse|p2a: Weezing","|-damage|p2a: Weezing|13/333 par","|-enditem|p2a: Weezing|Sitrus Berry|[eat]","|-heal|p2a: Weezing|96/333 par|[from] item: Sitrus Berry","|move|p2a: Weezing|Will-O-Wisp|p1a: Latias","|-status|p1a: Latias|brn","|","|-damage|p1a: Latias|318/363 brn|[from] brn","|turn|22","|","|move|p1a: Latias|Dragon Pulse|p2a: Weezing","|-damage|p2a: Weezing|0 fnt","|faint|p2a: Weezing","|","|-damage|p1a: Latias|273/363 brn|[from] brn","|","|switch|p2a: Tentacruel|Tentacruel, F|301/301","|-damage|p2a: Tentacruel|264/301|[from] Stealth Rock","|turn|23","|","|move|p2a: Tentacruel|Acid Spray|p1a: Latias","|-damage|p1a: Latias|239/363 brn","|-unboost|p1a: Latias|spd|2","|move|p1a: Latias|Thunderbolt|p2a: Tentacruel","|-supereffective|p2a: Tentacruel","|-damage|p2a: Tentacruel|124/301","|-status|p2a: Tentacruel|par","|","|-damage|p1a: Latias|194/363 brn|[from] brn","|turn|24","|","|move|p1a: Latias|Recover|p1a: Latias","|-heal|p1a: Latias|363/363 brn","|cant|p2a: Tentacruel|par","|","|-damage|p1a: Latias|318/363 brn|[from] brn","|turn|25","|","|move|p1a: Latias|Thunderbolt|p2a: Tentacruel","|-supereffective|p2a: Tentacruel","|-damage|p2a: Tentacruel|0 fnt","|faint|p2a: Tentacruel","|","|-damage|p1a: Latias|273/363 brn|[from] brn","|","|switch|p2a: Gengar|Gengar, M|261/261","|-damage|p2a: Gengar|229/261|[from] Stealth Rock","|turn|26","|","|move|p2a: Gengar|Hex|p1a: Latias","|-supereffective|p1a: Latias","|-damage|p1a: Latias|0 fnt","|faint|p1a: Latias","|","|win|Guard Wanderer"],"p1rating":{"entryid":"6931648","serverid":"eos","formatid":"monotype","userid":"r06l29a01","username":"R06L29A01","w":"51","l":56,"t":"0","gxe":48.7,"r":"1488.1935314594","rd":"38.022959824519","sigma":"0","rptime":"1438419600","rpr":1490.359621717,"rprd":34.876558736984,"rpsigma":"0","acre":1100.5390678116,"lacre":1100.5390678116,"oldacre":"1125.7820756762"},"p2rating":{"entryid":"6731189","serverid":"eos","formatid":"monotype","userid":"guardwanderer","username":"Guard Wanderer","w":71,"l":"97","t":"0","gxe":40.3,"r":"1419.3229163761","rd":"31.120178144835","sigma":"0","rptime":"1438419600","rpr":1425.5576727404,"rprd":30.392925753589,"rpsigma":"0","acre":1147.6477939824,"lacre":1147.6477939824,"oldacre":"1122.4047861178"},"endType":"normal"}