{"seed":[55414,59779,3069,63225],"turns":26,"p1":"Carnie Apexin","p2":"Inferno Overclass","p1team":[{"name":"Jewl","species":"diancie","item":"diancite","ability":"Clear Body","moves":["diamondstorm","moonblast","healbell","earthpower"],"nature":"Hasty","evs":{"hp":0,"atk":4,"def":0,"spa":252,"spd":0,"spe":252},"ivs":{"hp":31,"atk":31,"def":31,"spa":31,"spd":31,"spe":31}},{"name":"Bun Bun","species":"azumarill","item":"sitrusberry","ability":"Huge Power","moves":["aquajet","aquatail","bellydrum","playrough"],"nature":"Adamant","evs":{"hp":252,"atk":252,"def":0,"spa":0,"spd":4,"spe":0},"gender":"F","shiny":true,"ivs":{"hp":31,"atk":31,"def":31,"spa":31,"spd":31,"spe":31}},{"name":"Flinch every day","species":"togekiss","item":"leftovers","ability":"Serene Grace","moves":["airslash","thunderwave","healbell","dazzlinggleam"],"nature":"Modest","evs":{"hp":252,"atk":0,"def":0,"spa":252,"spd":4,"spe":0},"gender":"F","ivs":{"hp":31,"atk":31,"def":31,"spa":31,"spd":31,"spe":31}},{"name":"senpai","species":"gardevoir","item":"choicespecs","ability":"Trace","moves":["focusblast","shadowball","moonblast","psychic"],"nature":"Modest","evs":{"hp":8,"atk":0,"def":0,"spa":252,"spd":0,"spe":248},"gender":"M","shiny":true,"ivs":{"hp":31,"atk":31,"def":31,"spa":31,"spd":31,"spe":31}},{"name":"Me rich","species":"klefki","item":"lightclay","ability":"Prankster","moves":["lightscreen","reflect","thunderwave","playrough"],"nature":"Impish","evs":{"hp":248,"atk":8,"def":252,"spa":0,"spd":0,"spe":0},"gender":"M","shiny":true,"ivs":{"hp":31,"atk":31,"def":31,"spa":31,"spd":31,"spe":31}},{"name":"aries","species":"whimsicott","item":"assaultvest","ability":"Infiltrator","moves":["hurricane","gigadrain","moonblast","knockoff"],"nature":"Naive","evs":{"hp":0,"atk":4,"def":0,"spa":252,"spd":0,"spe":252},"gender":"F","ivs":{"hp":31,"atk":31,"def":31,"spa":31,"spd":31,"spe":31}}],"p2team":[{"name":"Weezing","species":"Weezing","item":"blacksludge","ability":"Levitate","moves":["clearsmog","stockpile","rest","sleeptalk"],"nature":"Bold","evs":{"hp":252,"atk":0,"def":252,"spa":4,"spd":0,"spe":0},"gender":"M","shiny":true,"ivs":{"hp":31,"atk":31,"def":31,"spa":31,"spd":31,"spe":31}},{"name":"Nidoking","species":"Nidoking","item":"lifeorb","ability":"Sheer Force","moves":["sludgewave","earthpower","icebeam"],"nature":"Timid","evs":{"hp":0,"atk":0,"def":4,"spa":252,"spd":0,"spe":252},"shiny":true,"ivs":{"hp":31,"atk":31,"def":31,"spa":31,"spd":31,"spe":31}},{"name":"Gengar","species":"Gengar","item":"blacksludge","ability":"Levitate","moves":["psychic","taunt","willowisp","sludgewave"],"nature":"Timid","evs":{"hp":8,"atk":0,"def":0,"spa":248,"spd":0,"spe":252},"ivs":{"hp":31,"atk":31,"def":31,"spa":31,"spd":31,"spe":31}},{"name":"Toxicroak","species":"Toxicroak","item":"focussash","ability":"Poison Touch","moves":["swordsdance","fakeout","drainpunch","suckerpunch"],"nature":"Adamant","evs":{"hp":8,"atk":248,"def":0,"spa":0,"spd":0,"spe":252},"ivs":{"hp":31,"atk":31,"def":31,"spa":31,"spd":31,"spe":31}},{"name":"Venusaur","species":"Venusaur","item":"venusaurite","ability":"Chlorophyll","moves":["sleeppowder","gigadrain","leechseed","growth"],"nature":"Bold","evs":{"hp":252,"atk":0,"def":252,"spa":0,"spd":4,"spe":0},"ivs":{"hp":31,"atk":31,"def":31,"spa":31,"spd":31,"spe":31}},{"name":"Skuntank","species":"Skuntank","item":"liechiberry","ability":"Stench","moves":["foulplay","suckerpunch","poisonjab","defog"],"nature":"Adamant","evs":{"hp":16,"atk":228,"def":0,"spa":0,"spd":252,"spe":12},"ivs":{"hp":31,"atk":31,"def":31,"spa":31,"spd":31,"spe":31}}],"log":["|player|p1|Carnie Apexin|92","|player|p2|Inferno Overclass|110","|gametype|singles","|gen|6","|tier|Monotype","|rated","|rule|Baton Pass Clause: Limit one Baton Passer, can't pass Spe and other stats simultaneously","|rule|Swagger Clause: Swagger is banned","|rule|Same Type Clause: Pokémon in a team must share a type","|clearpoke","|poke|p1|Diancie","|poke|p1|Azumarill, F, shiny","|poke|p1|Togekiss, F","|poke|p1|Gardevoir, M, shiny","|poke|p1|Klefki, M, shiny","|poke|p1|Whimsicott, F","|poke|p2|Weezing, M, shiny","|poke|p2|Nidoking, M, shiny","|poke|p2|Gengar, F","|poke|p2|Toxicroak, M","|poke|p2|Venusaur, M","|poke|p2|Skuntank, M","|rule|Sleep Clause Mod: Limit one foe put to sleep","|rule|Species Clause: Limit one of each Pokémon","|rule|OHKO Clause: OHKO moves are banned","|rule|Moody Clause: Moody is banned","|rule|Evasion Moves Clause: Evasion moves are banned","|rule|Endless Battle Clause: Forcing endless battles is banned","|rule|HP Percentage Mod: HP is shown in percentages","|teampreview","|","|start","|switch|p1a: Me rich|Klefki, M, shiny|317/317","|switch|p2a: Toxicroak|Toxicroak, M|309/309","|turn|1","|","|move|p2a: Toxicroak|Fake Out|p1a: Me rich","|-resisted|p1a: Me rich","|-damage|p1a: Me rich|299/317","|cant|p1a: Me rich|flinch","|","|turn|2","|","|move|p1a: Me rich|Thunder Wave|p2a: Toxicroak","|-status|p2a: Toxicroak|par","|move|p2a: Toxicroak|Swords Dance|p2a: Toxicroak","|-boost|p2a: Toxicroak|atk|2","|","|turn|3","|","|move|p1a: Me rich|Reflect|p1a: Me rich","|-sidestart|p1: Carnie Apexin|Reflect","|move|p2a: Toxicroak|Drain Punch|p1a: Me rich","|-damage|p1a: Me rich|200/317","|","|turn|4","|","|move|p1a: Me rich|Play Rough|p2a: Toxicroak","|-damage|p2a: Toxicroak|179/309 par","|move|p2a: Toxicroak|Drain Punch|p1a: Me rich","|-damage|p1a: Me rich|95/317","|-heal|p2a: Toxicroak|232/309 par|[from] drain|[of] p1a: Me rich","|","|turn|5","|","|switch|p1a: Flinch every day|Togekiss, F|374/374","|move|p2a: Toxicroak|Drain Punch|p1a: Flinch every day","|-crit|p1a: Flinch every day","|-resisted|p1a: Flinch every day","|-damage|p1a: Flinch every day|274/374","|-heal|p2a: Toxicroak|282/309 par|[from] drain|[of] p1a: Flinch every day","|","|-heal|p1a: Flinch every day|297/374|[from] item: Leftovers","|turn|6","|","|move|p2a: Toxicroak|Sucker Punch|p1a: Flinch every day","|-resisted|p1a: Flinch every day","|-damage|p1a: Flinch every day|246/374","|-status|p1a: Flinch every day|psn","|move|p1a: Flinch every day|Air Slash|p2a: Toxicroak","|-supereffective|p2a: Toxicroak","|-damage|p2a: Toxicroak|0 fnt","|faint|p2a: Toxicroak","|","|-heal|p1a: Flinch every day|269/374 psn|[from] item: Leftovers","|-damage|p1a: Flinch every day|223/374 psn|[from] psn","|","|switch|p2a: Skuntank|Skuntank, M|351/351","|turn|7","|","|move|p2a: Skuntank|Poison Jab|p1a: Flinch every day","|-supereffective|p1a: Flinch every day","|-damage|p1a: Flinch every day|100/374 psn","|move|p1a: Flinch every day|Thunder Wave|p2a: Skuntank","|-status|p2a: Skuntank|par","|","|-heal|p1a: Flinch every day|123/374 psn|[from] item: Leftovers","|-damage|p1a: Flinch every day|77/374 psn|[from] psn","|turn|8","|","|move|p1a: Flinch every day|Heal Bell|p1a: Flinch every day","|-cureteam|p1a: Flinch every day|[from] move: HealBell","|move|p2a: Skuntank|Poison Jab|p1a: Flinch every day","|-supereffective|p1a: Flinch every day","|-damage|p1a: Flinch every day|0 fnt","|faint|p1a: Flinch every day","|","|","|switch|p1a: Bun Bun|Azumarill, F, shiny|404/404","|turn|9","|","|move|p1a: Bun Bun|Belly Drum|p1a: Bun Bun","|-damage|p1a: Bun Bun|202/404","|-setboost|p1a: Bun Bun|atk|6|[from] move: Belly Drum","|-enditem|p1a: Bun Bun|Sitrus Berry|[eat]","|-heal|p1a: Bun Bun|303/404|[from] item: Sitrus Berry","|move|p2a: Skuntank|Poison Jab|p1a: Bun Bun","|-supereffective|p1a: Bun Bun","|-damage|p1a: Bun Bun|158/404","|","|turn|10","|","|switch|p2a: Venusaur|Venusaur, M|364/364","|move|p1a: Bun Bun|Aqua Jet|p2a: Venusaur","|-resisted|p2a: Venusaur","|-damage|p2a: Venusaur|228/364","|","|-sideend|p1: Carnie Apexin|Reflect","|turn|11","|","|detailschange|p2a: Venusaur|Venusaur-Mega, M","|-mega|p2a: Venusaur|Venusaur|Venusaurite","|move|p2a: Venusaur|Giga Drain|p1a: Bun Bun","|-supereffective|p1a: Bun Bun","|-damage|p1a: Bun Bun|0 fnt","|-heal|p2a: Venusaur|307/364|[from] drain|[of] p1a: Bun Bun","|faint|p1a: Bun Bun","|","|","|switch|p1a: Me rich|Klefki, M, shiny|95/317","|turn|12","|","|move|p1a: Me rich|Thunder Wave|p2a: Venusaur","|-status|p2a: Venusaur|par","|move|p2a: Venusaur|Sleep Powder|p1a: Me rich","|-status|p1a: Me rich|slp","|","|turn|13","|","|cant|p1a: Me rich|slp","|move|p2a: Venusaur|Growth|p2a: Venusaur","|-boost|p2a: Venusaur|atk|1","|-boost|p2a: Venusaur|spa|1","|","|turn|14","|","|switch|p1a: senpai|Gardevoir, M, shiny|279/279","|-ability|p1a: senpai|Thick Fat|[from] ability: Trace|[of] p2a: Venusaur","|cant|p2a: Venusaur|par","|","|turn|15","|","|move|p1a: senpai|Psychic|p2a: Venusaur","|-supereffective|p2a: Venusaur","|-damage|p2a: Venusaur|0 fnt","|faint|p2a: Venusaur","|","|","|switch|p2a: Skuntank|Skuntank, M|351/351 par","|turn|16","|","|move|p2a: Skuntank|Sucker Punch|p1a: senpai","|-damage|p1a: senpai|95/279","|move|p1a: senpai|Psychic|p2a: Skuntank","|-immune|p2a: Skuntank|[msg]","|","|turn|17","|","|switch|p1a: aries|Whimsicott, F|261/261","|move|p2a: Skuntank|Sucker Punch|p1a: aries","|-fail|p2a: Skuntank","|","|turn|18","|","|move|p1a: aries|Knock Off|p2a: Skuntank","|-resisted|p2a: Skuntank","|-damage|p2a: Skuntank|310/351 par","|-enditem|p2a: Skuntank|Liechi Berry|[from] move: Knock Off|[of] p1a: aries","|move|p2a: Skuntank|Poison Jab|p1a: aries","|-supereffective|p1a: aries","|-damage|p1a: aries|0 fnt","|faint|p1a: aries","|","|","|switch|p1a: Jewl|Diancie|241/241","|turn|19","|","|detailschange|p1a: Jewl|Diancie-Mega","|-mega|p1a: Jewl|Diancie|Diancite","|move|p1a: Jewl|Earth Power|p2a: Skuntank","|-supereffective|p2a: Skuntank","|-damage|p2a: Skuntank|38/351 par","|move|p2a: Skuntank|Poison Jab|p1a: Jewl","|-damage|p1a: Jewl|123/241","|-status|p1a: Jewl|psn","|","|-damage|p1a: Jewl|93/241 psn|[from] psn","|turn|20","|","|switch|p2a: Gengar|Gengar, F|263/263","|move|p1a: Jewl|Diamond Storm|p2a: Gengar","|-damage|p2a: Gengar|0 fnt","|-boost|p1a: Jewl|def|1","|faint|p2a: Gengar","|","|-damage|p1a: Jewl|63/241 psn|[from] psn","|","|switch|p2a: Weezing|Weezing, M, shiny|334/334","|turn|21","|","|move|p1a: Jewl|Diamond Storm|p2a: Weezing","|-damage|p2a: Weezing|219/334","|move|p2a: Weezing|Stockpile|p2a: Weezing","|-start|p2a: Weezing|stockpile1","|-boost|p2a: Weezing|def|1","|-boost|p2a: Weezing|spd|1","|","|-heal|p2a: Weezing|239/334|[from] item: Black Sludge","|-damage|p1a: Jewl|33/241 psn|[from] psn","|turn|22","|","|move|p1a: Jewl|Heal Bell|p1a: Jewl","|-cureteam|p1a: Jewl|[from] move: HealBell","|move|p2a: Weezing|Clear Smog|p1a: Jewl","|-damage|p1a: Jewl|0 fnt","|-clearboost|p1a: Jewl","|faint|p1a: Jewl","|","|-heal|p2a: Weezing|259/334|[from] item: Black Sludge","|","|switch|p1a: senpai|Gardevoir, M, shiny|95/279","|-ability|p1a: senpai|Levitate|[from] ability: Trace|[of] p2a: Weezing","|turn|23","|","|switch|p1a: Me rich|Klefki, M, shiny|95/317","|move|p2a: Weezing|Clear Smog|p1a: Me rich","|-immune|p1a: Me rich|[msg]","|","|-heal|p2a: Weezing|279/334|[from] item: Black Sludge","|turn|24","|","|switch|p2a: Nidoking|Nidoking, M, shiny|303/303","|move|p1a: Me rich|Thunder Wave|p2a: Nidoking","|-immune|p2a: Nidoking|[msg]","|","|turn|25","|","|move|p1a: Me rich|Reflect|p1a: Me rich","|-sidestart|p1: Carnie Apexin|Reflect","|move|p2a: Nidoking|Earth Power|p1a: Me rich","|-supereffective|p1a: Me rich","|-damage|p1a: Me rich|0 fnt","|faint|p1a: Me rich","|","|","|switch|p1a: senpai|Gardevoir, M, shiny|95/279","|-ability|p1a: senpai|Sheer Force|[from] ability: Trace|[of] p2a: Nidoking","|turn|26","|","|move|p2a: Nidoking|Sludge Wave|p1a: senpai","|-supereffective|p1a: senpai","|-damage|p1a: senpai|0 fnt","|faint|p1a: senpai","|","|win|Inferno Overclass"],"p1rating":{"entryid":"7057897","serverid":"eos","formatid":"monotype","userid":"carnieapexin","username":"Carnie Apexin","w":"18","l":38,"t":"1","gxe":34.1,"r":1381.6321598843,"rd":48.67559660626,"sigma":"0","rptime":1438419600,"rpr":1375.1661816602,"rprd":48.221131823558,"rpsigma":"0","acre":1058.7259072586,"lacre":1058.7259072586,"oldacre":"1086.9261589178"},"p2rating":{"entryid":"7012653","serverid":"eos","formatid":"monotype","userid":"infernooverclass","username":"Inferno OverClass","w":12,"l":"23","t":"0","gxe":36,"r":1380.8744206227,"rd":59.594180407476,"sigma":"0","rptime":1438419600,"rpr":1390.4852462264,"rprd":58.755905593718,"rpsigma":"0","acre":1055.2869940782,"lacre":1055.2869940782,"oldacre":"1007.748613008"},"endType":"normal"}