{"seed":[20901,49492,41879,4894],"turns":25,"p1":"Rain ☆ sidious","p2":"Don't Know anymore","p1team":[{"name":"Deoxys-Defense","species":"Deoxys-Defense","item":"leftovers","ability":"Pressure","moves":["recover","taunt","stealthrock","knockoff"],"nature":"Impish","evs":{"hp":252,"atk":0,"def":252,"spa":0,"spd":4,"spe":0},"shiny":true,"ivs":{"hp":31,"atk":31,"def":31,"spa":31,"spd":31,"spe":31}},{"name":"Cresselia","species":"Cresselia","item":"leftovers","ability":"Levitate","moves":["lunardance","thunderwave","calmmind","moonblast"],"nature":"Calm","evs":{"hp":252,"atk":0,"def":0,"spa":4,"spd":252,"spe":0},"shiny":true,"ivs":{"hp":31,"atk":31,"def":31,"spa":31,"spd":31,"spe":31}},{"name":"Victini","species":"Victini","item":"choiceband","ability":"Victory Star","moves":["boltstrike","flareblitz","uturn","brickbreak"],"nature":"Adamant","evs":{"hp":0,"atk":252,"def":4,"spa":0,"spd":0,"spe":252},"ivs":{"hp":31,"atk":31,"def":31,"spa":31,"spd":31,"spe":31}},{"name":"Latios","species":"Latios","item":"choicescarf","ability":"Levitate","moves":["dracometeor","psyshock","shadowball","surf"],"nature":"Timid","evs":{"hp":0,"atk":0,"def":0,"spa":252,"spd":4,"spe":252},"shiny":true,"ivs":{"hp":31,"atk":31,"def":31,"spa":31,"spd":31,"spe":31}},{"name":"Gardevoir","species":"Gardevoir","item":"gardevoirite","ability":"Trace","moves":["hypervoice","psyshock","focusblast","hiddenpowerfire"],"nature":"Timid","evs":{"hp":0,"atk":0,"def":0,"spa":252,"spd":4,"spe":252},"gender":"F","ivs":{"hp":31,"atk":30,"def":31,"spa":30,"spd":31,"spe":30},"shiny":true},{"name":"Starmie","species":"Starmie","item":"lifeorb","ability":"Analytic","moves":["hydropump","icebeam","psyshock","rapidspin"],"nature":"Timid","evs":{"hp":4,"atk":0,"def":0,"spa":252,"spd":0,"spe":252},"shiny":true,"ivs":{"hp":31,"atk":31,"def":31,"spa":31,"spd":31,"spe":31}}],"p2team":[{"name":"Azumarill","species":"Azumarill","item":"sitrusberry","ability":"Huge Power","moves":["bellydrum","playrough","knockoff","aquajet"],"nature":"Adamant","evs":{"hp":91,"atk":252,"def":0,"spa":0,"spd":0,"spe":166},"ivs":{"hp":31,"atk":31,"def":31,"spa":31,"spd":31,"spe":31}},{"name":"Klefki","species":"Klefki","item":"lightclay","ability":"Prankster","moves":["reflect","foulplay","lightscreen","thunderwave"],"nature":"Impish","evs":{"hp":248,"atk":0,"def":252,"spa":0,"spd":8,"spe":0},"ivs":{"hp":31,"atk":31,"def":31,"spa":31,"spd":31,"spe":31}},{"name":"Clefable","species":"Clefable","item":"focussash","ability":"Magic Guard","moves":["counter","softboiled","flamethrower","moonblast"],"nature":"Bold","evs":{"hp":248,"atk":0,"def":252,"spa":8,"spd":0,"spe":0},"shiny":true,"ivs":{"hp":31,"atk":31,"def":31,"spa":31,"spd":31,"spe":31}},{"name":"Togekiss","species":"Togekiss","item":"leftovers","ability":"Serene Grace","moves":["airslash","roost","defog","thunderwave"],"nature":"Calm","evs":{"hp":252,"atk":0,"def":0,"spa":4,"spd":252,"spe":0},"shiny":true,"ivs":{"hp":31,"atk":31,"def":31,"spa":31,"spd":31,"spe":31}},{"name":"Diancie","species":"Diancie","item":"diancite","ability":"Clear Body","moves":["stealthrock","diamondstorm","moonblast","earthpower"],"nature":"Hasty","evs":{"hp":0,"atk":4,"def":0,"spa":252,"spd":0,"spe":252},"ivs":{"hp":31,"atk":31,"def":31,"spa":31,"spd":31,"spe":31}},{"name":"Gardevoir","species":"Gardevoir","item":"choicescarf","ability":"Trace","moves":["destinybond","moonblast","memento","focusblast"],"nature":"","evs":{"hp":0,"atk":0,"def":0,"spa":0,"spd":0,"spe":0},"ivs":{"hp":31,"atk":31,"def":31,"spa":31,"spd":31,"spe":31}}],"log":["|player|p1|Rain ☆ sidious|278","|player|p2|Don't Know anymore|95","|gametype|singles","|gen|6","|tier|Monotype","|rated","|rule|Baton Pass Clause: Limit one Baton Passer, can't pass Spe and other stats simultaneously","|rule|Swagger Clause: Swagger is banned","|rule|Same Type Clause: Pokémon in a team must share a type","|clearpoke","|poke|p1|Deoxys-Defense, shiny","|poke|p1|Cresselia, F, shiny","|poke|p1|Victini","|poke|p1|Latios, M, shiny","|poke|p1|Gardevoir, F, shiny","|poke|p1|Starmie, shiny","|poke|p2|Azumarill, F","|poke|p2|Klefki, F","|poke|p2|Clefable, M, shiny","|poke|p2|Togekiss, M, shiny","|poke|p2|Diancie","|poke|p2|Gardevoir, M","|rule|Sleep Clause Mod: Limit one foe put to sleep","|rule|Species Clause: Limit one of each Pokémon","|rule|OHKO Clause: OHKO moves are banned","|rule|Moody Clause: Moody is banned","|rule|Evasion Moves Clause: Evasion moves are banned","|rule|Endless Battle Clause: Forcing endless battles is banned","|rule|HP Percentage Mod: HP is shown in percentages","|teampreview","|","|start","|switch|p1a: Deoxys-Defense|Deoxys-Defense, shiny|304/304","|switch|p2a: Diancie|Diancie|241/241","|-ability|p1a: Deoxys-Defense|Pressure","|turn|1","|","|detailschange|p2a: Diancie|Diancie-Mega","|-mega|p2a: Diancie|Diancie|Diancite","|move|p2a: Diancie|Stealth Rock|p1a: Deoxys-Defense","|-sidestart|p1: Rain ☆ sidious|move: Stealth Rock","|move|p1a: Deoxys-Defense|Stealth Rock|p2a: Diancie","|move|p2a: Diancie|Stealth Rock|p1a: Deoxys-Defense|[from]Magic Bounce","|-fail|p1a: Deoxys-Defense","|","|turn|2","|","|move|p2a: Diancie|Moonblast|p1a: Deoxys-Defense","|-damage|p1a: Deoxys-Defense|166/304","|-unboost|p1a: Deoxys-Defense|spa|1","|move|p1a: Deoxys-Defense|Knock Off|p2a: Diancie","|-resisted|p2a: Diancie","|-damage|p2a: Diancie|223/241","|","|-heal|p1a: Deoxys-Defense|185/304|[from] item: Leftovers","|turn|3","|","|move|p2a: Diancie|Moonblast|p1a: Deoxys-Defense","|-damage|p1a: Deoxys-Defense|46/304","|-unboost|p1a: Deoxys-Defense|spa|1","|move|p1a: Deoxys-Defense|Recover|p1a: Deoxys-Defense","|-heal|p1a: Deoxys-Defense|198/304","|","|-heal|p1a: Deoxys-Defense|217/304|[from] item: Leftovers","|turn|4","|","|move|p2a: Diancie|Moonblast|p1a: Deoxys-Defense","|-damage|p1a: Deoxys-Defense|79/304","|move|p1a: Deoxys-Defense|Recover|p1a: Deoxys-Defense","|-heal|p1a: Deoxys-Defense|231/304","|","|-heal|p1a: Deoxys-Defense|250/304|[from] item: Leftovers","|turn|5","|","|move|p2a: Diancie|Moonblast|p1a: Deoxys-Defense","|-damage|p1a: Deoxys-Defense|121/304","|move|p1a: Deoxys-Defense|Knock Off|p2a: Diancie","|-resisted|p2a: Diancie","|-damage|p2a: Diancie|202/241","|","|-heal|p1a: Deoxys-Defense|140/304|[from] item: Leftovers","|turn|6","|","|move|p2a: Diancie|Moonblast|p1a: Deoxys-Defense","|-damage|p1a: Deoxys-Defense|2/304","|-unboost|p1a: Deoxys-Defense|spa|1","|move|p1a: Deoxys-Defense|Recover|p1a: Deoxys-Defense","|-heal|p1a: Deoxys-Defense|154/304","|","|-heal|p1a: Deoxys-Defense|173/304|[from] item: Leftovers","|turn|7","|","|move|p2a: Diancie|Moonblast|p1a: Deoxys-Defense","|-damage|p1a: Deoxys-Defense|40/304","|-unboost|p1a: Deoxys-Defense|spa|1","|move|p1a: Deoxys-Defense|Knock Off|p2a: Diancie","|-resisted|p2a: Diancie","|-damage|p2a: Diancie|183/241","|","|-heal|p1a: Deoxys-Defense|59/304|[from] item: Leftovers","|turn|8","|","|move|p2a: Diancie|Moonblast|p1a: Deoxys-Defense","|-crit|p1a: Deoxys-Defense","|-damage|p1a: Deoxys-Defense|0 fnt","|faint|p1a: Deoxys-Defense","|","|","|switch|p1a: Starmie|Starmie, shiny|262/262","|-damage|p1a: Starmie|230/262|[from] Stealth Rock","|turn|9","|","|switch|p2a: Togekiss|Togekiss, M, shiny|374/374","|move|p1a: Starmie|Hydro Pump|p2a: Togekiss","|-damage|p2a: Togekiss|201/374","|-damage|p1a: Starmie|204/262|[from] item: Life Orb","|","|-heal|p2a: Togekiss|224/374|[from] item: Leftovers","|turn|10","|","|move|p1a: Starmie|Rapid Spin|p2a: Togekiss","|-damage|p2a: Togekiss|207/374","|-sideend|p1: Rain ☆ sidious|Stealth Rock|[from] move: Rapid Spin|[of] p1a: Starmie","|-damage|p1a: Starmie|178/262|[from] item: Life Orb","|move|p2a: Togekiss|Thunder Wave|p1a: Starmie","|-status|p1a: Starmie|par","|","|-heal|p2a: Togekiss|230/374|[from] item: Leftovers","|turn|11","|","|move|p2a: Togekiss|Thunder Wave|p1a: Starmie","|-fail|p1a: Starmie|par","|move|p1a: Starmie|Ice Beam|p2a: Togekiss","|-supereffective|p2a: Togekiss","|-damage|p2a: Togekiss|38/374","|-damage|p1a: Starmie|152/262 par|[from] item: Life Orb","|","|-heal|p2a: Togekiss|61/374|[from] item: Leftovers","|turn|12","|","|move|p2a: Togekiss|Roost|p2a: Togekiss","|-heal|p2a: Togekiss|248/374","|move|p1a: Starmie|Hydro Pump|p2a: Togekiss|[miss]","|-miss|p1a: Starmie|p2a: Togekiss","|","|-heal|p2a: Togekiss|271/374|[from] item: Leftovers","|turn|13","|","|move|p2a: Togekiss|Thunder Wave|p1a: Starmie","|-fail|p1a: Starmie|par","|cant|p1a: Starmie|par","|","|-heal|p2a: Togekiss|294/374|[from] item: Leftovers","|turn|14","|","|move|p2a: Togekiss|Air Slash|p1a: Starmie","|-damage|p1a: Starmie|37/262 par","|move|p1a: Starmie|Hydro Pump|p2a: Togekiss","|-damage|p2a: Togekiss|98/374","|-damage|p1a: Starmie|11/262 par|[from] item: Life Orb","|","|-heal|p2a: Togekiss|121/374|[from] item: Leftovers","|turn|15","|","|move|p2a: Togekiss|Roost|p2a: Togekiss","|-heal|p2a: Togekiss|308/374","|move|p1a: Starmie|Hydro Pump|p2a: Togekiss","|-damage|p2a: Togekiss|133/374","|-damage|p1a: Starmie|0 fnt|[from] item: Life Orb","|faint|p1a: Starmie","|","|-heal|p2a: Togekiss|156/374|[from] item: Leftovers","|","|switch|p1a: Gardevoir|Gardevoir, F, shiny|277/277","|-ability|p1a: Gardevoir|Serene Grace|[from] ability: Trace|[of] p2a: Togekiss","|turn|16","|","|detailschange|p1a: Gardevoir|Gardevoir-Mega, F, shiny","|-mega|p1a: Gardevoir|Gardevoir|Gardevoirite","|move|p1a: Gardevoir|Hyper Voice|p2a: Togekiss","|-crit|p2a: Togekiss","|-damage|p2a: Togekiss|0 fnt","|faint|p2a: Togekiss","|","|","|switch|p2a: Diancie|Diancie-Mega|183/241","|turn|17","|","|move|p2a: Diancie|Diamond Storm|p1a: Gardevoir","|-damage|p1a: Gardevoir|30/277","|-boost|p2a: Diancie|def|1","|move|p1a: Gardevoir|Focus Blast|p2a: Diancie","|-damage|p2a: Diancie|20/241","|-unboost|p2a: Diancie|spd|1","|","|turn|18","|","|move|p2a: Diancie|Moonblast|p1a: Gardevoir","|-damage|p1a: Gardevoir|0 fnt","|faint|p1a: Gardevoir","|","|","|switch|p1a: Latios|Latios, M, shiny|301/301","|turn|19","|","|move|p1a: Latios|Surf|p2a: Diancie","|-supereffective|p2a: Diancie","|-damage|p2a: Diancie|0 fnt","|faint|p2a: Diancie","|","|","|switch|p2a: Azumarill|Azumarill, F|363/363","|turn|20","|","|switch|p1a: Cresselia|Cresselia, F, shiny|444/444","|move|p2a: Azumarill|Belly Drum|p2a: Azumarill","|-damage|p2a: Azumarill|182/363","|-setboost|p2a: Azumarill|atk|6|[from] move: Belly Drum","|","|turn|21","|","|move|p1a: Cresselia|Thunder Wave|p2a: Azumarill","|-status|p2a: Azumarill|par","|move|p2a: Azumarill|Knock Off|p1a: Cresselia","|-supereffective|p1a: Cresselia","|-damage|p1a: Cresselia|0 fnt","|-enditem|p1a: Cresselia|Leftovers|[from] move: Knock Off|[of] p2a: Azumarill","|faint|p1a: Cresselia","|","|","|switch|p1a: Victini|Victini|341/341","|turn|22","|","|move|p2a: Azumarill|Aqua Jet|p1a: Victini","|-supereffective|p1a: Victini","|-damage|p1a: Victini|0 fnt","|faint|p1a: Victini","|","|","|switch|p1a: Latios|Latios, M, shiny|301/301","|turn|23","|","|move|p1a: Latios|Psyshock|p2a: Azumarill","|-damage|p2a: Azumarill|13/363 par","|-enditem|p2a: Azumarill|Sitrus Berry|[eat]","|-heal|p2a: Azumarill|103/363 par|[from] item: Sitrus Berry","|cant|p2a: Azumarill|par","|","|turn|24","|","|move|p2a: Azumarill|Aqua Jet|p1a: Latios","|-resisted|p1a: Latios","|-damage|p1a: Latios|92/301","|move|p1a: Latios|Psyshock|p2a: Azumarill","|-damage|p2a: Azumarill|0 fnt","|faint|p2a: Azumarill","|","|","|switch|p2a: Gardevoir|Gardevoir, M|277/277","|-ability|p2a: Gardevoir|Levitate|[from] ability: Trace|[of] p1a: Latios","|turn|25","|","|move|p1a: Latios|Psyshock|p2a: Gardevoir","|-resisted|p2a: Gardevoir","|-damage|p2a: Gardevoir|169/277","|move|p2a: Gardevoir|Moonblast|p1a: Latios","|-supereffective|p1a: Latios","|-damage|p1a: Latios|0 fnt","|faint|p1a: Latios","|","|win|Don't Know anymore"],"p1rating":{"entryid":"6395890","serverid":"eos","formatid":"monotype","userid":"rainsidious","username":"Rain ☆ sidious","w":"44","l":59,"t":"0","gxe":43.9,"r":"1452.6866960397","rd":"42.850718785613","sigma":"0","rptime":"1438419600","rpr":1453.4330617525,"rprd":42.26552878207,"rpsigma":"0","acre":1048.3542143702,"lacre":1048.3542143702,"oldacre":"1073.8442382726"},"p2rating":{"entryid":7328657,"formatid":"monotype","userid":"dontknowanymore","username":"Don't Know anymore","r":1500,"rd":130,"sigma":0,"rpr":1536.7703392409,"rprd":122.02468385219,"rpsigma":0,"rptime":1438419600,"w":1,"l":0,"t":0,"gxe":54.6,"acre":1048.3758873394,"lacre":1048.3758873394,"oldacre":1000},"endType":"normal"}