{"seed":[43685,31902,14706,34033],"turns":25,"p1":"Alliance - Healer","p2":"Traine✘ Redbraze","p1team":[{"name":"Ice elemental","species":"mamoswine","item":"lifeorb","ability":"Thick Fat","moves":["earthquake","iciclecrash","knockoff","iceshard"],"nature":"Jolly","evs":{"hp":4,"atk":252,"def":0,"spa":0,"spd":0,"spe":252},"gender":"F","ivs":{"hp":31,"atk":31,"def":31,"spa":31,"spd":31,"spe":31}},{"name":"Water elemental","species":"seismitoad","item":"assaultvest","ability":"Water Absorb","moves":["earthquake","drainpunch","knockoff","poisonjab"],"nature":"Careful","evs":{"hp":4,"atk":252,"def":0,"spa":0,"spd":252,"spe":0},"gender":"F","ivs":{"hp":31,"atk":31,"def":31,"spa":31,"spd":31,"spe":31}},{"name":"Fire elemental","species":"nidoking","item":"choicescarf","ability":"Sheer Force","moves":["sludgewave","flamethrower","thunderbolt","icebeam"],"nature":"Timid","evs":{"hp":4,"atk":0,"def":0,"spa":252,"spd":0,"spe":252},"ivs":{"hp":31,"atk":0,"def":31,"spa":31,"spd":31,"spe":31}},{"name":"Earth elemental","species":"hippowdon","item":"leftovers","ability":"Sand Stream","moves":["earthquake","stealthrock","slackoff","whirlwind"],"nature":"Impish","evs":{"hp":252,"atk":0,"def":252,"spa":0,"spd":4,"spe":0},"gender":"F","ivs":{"hp":31,"atk":31,"def":31,"spa":31,"spd":31,"spe":31}},{"name":"Thunder elemental","species":"excadrill","item":"choiceband","ability":"Sand Rush","moves":["ironhead","earthquake","rockslide","rapidspin"],"nature":"Adamant","evs":{"hp":4,"atk":252,"def":0,"spa":0,"spd":0,"spe":252},"gender":"F","ivs":{"hp":31,"atk":31,"def":31,"spa":31,"spd":31,"spe":31}},{"name":"Air elemental","species":"landorus","item":"lifeorb","ability":"Sheer Force","moves":["earthpower","sludgewave","rockslide","gravity"],"nature":"Naive","evs":{"hp":4,"atk":0,"def":0,"spa":252,"spd":0,"spe":252},"ivs":{"hp":31,"atk":0,"def":31,"spa":31,"spd":31,"spe":31}}],"p2team":[{"name":"Captain Teemo","species":"breloom","item":"focussash","ability":"Technician","moves":["bulletseed","machpunch","spore","rocktomb"],"nature":"Jolly","evs":{"hp":0,"atk":252,"def":0,"spa":0,"spd":4,"spe":252},"shiny":true,"ivs":{"hp":31,"atk":31,"def":31,"spa":31,"spd":31,"spe":31}},{"name":"Hulk","species":"conkeldurr","item":"assaultvest","ability":"Guts","moves":["drainpunch","machpunch","knockoff","icepunch"],"nature":"Adamant","evs":{"hp":248,"atk":252,"def":0,"spa":0,"spd":8,"spe":0},"shiny":true,"ivs":{"hp":31,"atk":31,"def":31,"spa":31,"spd":31,"spe":31}},{"name":"Unicorn of Love","species":"keldeoresolute","item":"lifeorb","ability":"Justified","moves":["hydropump","hiddenpowerice","secretsword","focusblast"],"nature":"Timid","evs":{"hp":0,"atk":0,"def":0,"spa":252,"spd":4,"spe":252},"ivs":{"hp":31,"atk":30,"def":30,"spa":31,"spd":31,"spe":31}},{"name":"Diddy Kong","species":"infernape","item":"focussash","ability":"Blaze","moves":["stealthrock","endeavor","overheat","focusblast"],"nature":"Timid","evs":{"hp":0,"atk":0,"def":0,"spa":252,"spd":4,"spe":252},"shiny":true,"ivs":{"hp":31,"atk":31,"def":31,"spa":31,"spd":31,"spe":31}},{"name":"Dabade-Dabudaa","species":"medicham","item":"medichamite","ability":"Pure Power","moves":["fakeout","highjumpkick","icepunch","zenheadbutt"],"nature":"Jolly","evs":{"hp":0,"atk":252,"def":0,"spa":0,"spd":4,"spe":252},"shiny":true,"ivs":{"hp":31,"atk":31,"def":31,"spa":31,"spd":31,"spe":31}},{"name":"Ryu","species":"lucario","item":"choiceband","ability":"Justified","moves":["bulletpunch","closecombat","earthquake","extremespeed"],"nature":"Jolly","evs":{"hp":0,"atk":252,"def":0,"spa":0,"spd":4,"spe":252},"shiny":true,"ivs":{"hp":31,"atk":31,"def":31,"spa":31,"spd":31,"spe":31}}],"log":["|player|p1|Alliance - Healer|101","|player|p2|Traine✘ Redbraze|106","|gametype|singles","|gen|6","|tier|Monotype","|rated","|rule|Baton Pass Clause: Limit one Baton Passer, can't pass Spe and other stats simultaneously","|rule|Swagger Clause: Swagger is banned","|rule|Same Type Clause: Pokémon in a team must share a type","|clearpoke","|poke|p1|Mamoswine, F","|poke|p1|Seismitoad, F","|poke|p1|Nidoking, M","|poke|p1|Hippowdon, F","|poke|p1|Excadrill, F","|poke|p1|Landorus, M","|poke|p2|Breloom, M, shiny","|poke|p2|Conkeldurr, M, shiny","|poke|p2|Keldeo-Resolute","|poke|p2|Infernape, M, shiny","|poke|p2|Medicham, M, shiny","|poke|p2|Lucario, M, shiny","|rule|Sleep Clause Mod: Limit one foe put to sleep","|rule|Species Clause: Limit one of each Pokémon","|rule|OHKO Clause: OHKO moves are banned","|rule|Moody Clause: Moody is banned","|rule|Evasion Moves Clause: Evasion moves are banned","|rule|Endless Battle Clause: Forcing endless battles is banned","|rule|HP Percentage Mod: HP is shown in percentages","|teampreview","|","|start","|switch|p1a: Fire elemental|Nidoking, M|304/304","|switch|p2a: Diddy Kong|Infernape, M, shiny|293/293","|turn|1","|","|move|p1a: Fire elemental|Sludge Wave|p2a: Diddy Kong","|-damage|p2a: Diddy Kong|64/293","|move|p2a: Diddy Kong|Stealth Rock|p1a: Fire elemental","|-sidestart|p1: Alliance - Healer|move: Stealth Rock","|","|turn|2","|","|switch|p2a: Ryu|Lucario, M, shiny|281/281","|move|p1a: Fire elemental|Sludge Wave|p2a: Ryu","|-immune|p2a: Ryu|[msg]","|","|turn|3","|","|switch|p1a: Earth elemental|Hippowdon, F|420/420","|-damage|p1a: Earth elemental|394/420|[from] Stealth Rock","|-weather|Sandstorm","|move|p2a: Ryu|Earthquake|p1a: Earth elemental","|-damage|p1a: Earth elemental|298/420","|","|-weather|Sandstorm|[upkeep]","|-heal|p1a: Earth elemental|324/420|[from] item: Leftovers","|turn|4","|","|switch|p2a: Unicorn of Love|Keldeo-Resolute|323/323","|move|p1a: Earth elemental|Stealth Rock|p2a: Unicorn of Love","|-sidestart|p2: Traine✘ Redbraze|move: Stealth Rock","|","|-weather|Sandstorm|[upkeep]","|-damage|p2a: Unicorn of Love|303/323|[from] sandstorm","|-heal|p1a: Earth elemental|350/420|[from] item: Leftovers","|turn|5","|","|switch|p1a: Water elemental|Seismitoad, F|352/352","|-damage|p1a: Water elemental|330/352|[from] Stealth Rock","|move|p2a: Unicorn of Love|Hydro Pump|p1a: Water elemental","|-heal|p1a: Water elemental|352/352|[from] ability: Water Absorb|[of] p2a: Unicorn of Love","|","|-weather|Sandstorm|[upkeep]","|-damage|p2a: Unicorn of Love|283/323|[from] sandstorm","|turn|6","|","|switch|p2a: Hulk|Conkeldurr, M, shiny|413/413","|-damage|p2a: Hulk|388/413|[from] Stealth Rock","|move|p1a: Water elemental|Poison Jab|p2a: Hulk","|-damage|p2a: Hulk|313/413","|-status|p2a: Hulk|psn","|","|-weather|Sandstorm|[upkeep]","|-damage|p2a: Hulk|288/413 psn|[from] sandstorm","|-damage|p2a: Hulk|237/413 psn|[from] psn","|turn|7","|","|switch|p1a: Earth elemental|Hippowdon, F|350/420","|-damage|p1a: Earth elemental|324/420|[from] Stealth Rock","|move|p2a: Hulk|Drain Punch|p1a: Earth elemental","|-damage|p1a: Earth elemental|186/420","|-heal|p2a: Hulk|306/413 psn|[from] drain|[of] p1a: Earth elemental","|","|-weather|none","|-heal|p1a: Earth elemental|212/420|[from] item: Leftovers","|-damage|p2a: Hulk|255/413 psn|[from] psn","|turn|8","|","|move|p1a: Earth elemental|Slack Off|p1a: Earth elemental","|-heal|p1a: Earth elemental|420/420","|move|p2a: Hulk|Ice Punch|p1a: Earth elemental","|-supereffective|p1a: Earth elemental","|-damage|p1a: Earth elemental|238/420","|","|-heal|p1a: Earth elemental|264/420|[from] item: Leftovers","|-damage|p2a: Hulk|204/413 psn|[from] psn","|turn|9","|","|move|p1a: Earth elemental|Earthquake|p2a: Hulk","|-damage|p2a: Hulk|74/413 psn","|move|p2a: Hulk|Drain Punch|p1a: Earth elemental","|-damage|p1a: Earth elemental|102/420","|-heal|p2a: Hulk|155/413 psn|[from] drain|[of] p1a: Earth elemental","|","|-heal|p1a: Earth elemental|128/420|[from] item: Leftovers","|-damage|p2a: Hulk|104/413 psn|[from] psn","|turn|10","|","|move|p1a: Earth elemental|Slack Off|p1a: Earth elemental","|-heal|p1a: Earth elemental|338/420","|move|p2a: Hulk|Knock Off|p1a: Earth elemental","|-damage|p1a: Earth elemental|211/420","|-enditem|p1a: Earth elemental|Leftovers|[from] move: Knock Off|[of] p2a: Hulk","|","|-damage|p2a: Hulk|53/413 psn|[from] psn","|turn|11","|","|move|p1a: Earth elemental|Earthquake|p2a: Hulk","|-damage|p2a: Hulk|0 fnt","|faint|p2a: Hulk","|","|","|switch|p2a: Captain Teemo|Breloom, M, shiny|261/261","|-damage|p2a: Captain Teemo|245/261|[from] Stealth Rock","|turn|12","|","|switch|p1a: Air elemental|Landorus, M|320/320","|-damage|p1a: Air elemental|280/320|[from] Stealth Rock","|move|p2a: Captain Teemo|Spore|p1a: Air elemental","|-status|p1a: Air elemental|slp","|","|turn|13","|","|switch|p1a: Fire elemental|Nidoking, M|304/304","|-damage|p1a: Fire elemental|285/304|[from] Stealth Rock","|move|p2a: Captain Teemo|Rock Tomb|p1a: Fire elemental|[miss]","|-miss|p2a: Captain Teemo|p1a: Fire elemental","|","|turn|14","|","|switch|p2a: Ryu|Lucario, M, shiny|281/281","|-damage|p2a: Ryu|273/281|[from] Stealth Rock","|move|p1a: Fire elemental|Flamethrower|p2a: Ryu","|-supereffective|p2a: Ryu","|-damage|p2a: Ryu|11/281","|","|turn|15","|","|move|p2a: Ryu|Extreme Speed|p1a: Fire elemental","|-damage|p1a: Fire elemental|116/304","|move|p1a: Fire elemental|Flamethrower|p2a: Ryu","|-supereffective|p2a: Ryu","|-damage|p2a: Ryu|0 fnt","|faint|p2a: Ryu","|","|","|switch|p2a: Unicorn of Love|Keldeo-Resolute|283/323","|-damage|p2a: Unicorn of Love|263/323|[from] Stealth Rock","|turn|16","|","|switch|p1a: Earth elemental|Hippowdon, F|211/420","|-damage|p1a: Earth elemental|185/420|[from] Stealth Rock","|-weather|Sandstorm","|move|p2a: Unicorn of Love|Hidden Power|p1a: Earth elemental","|-supereffective|p1a: Earth elemental","|-damage|p1a: Earth elemental|0 fnt","|-damage|p2a: Unicorn of Love|231/323|[from] item: Life Orb","|faint|p1a: Earth elemental","|","|-weather|Sandstorm|[upkeep]","|-damage|p2a: Unicorn of Love|211/323|[from] sandstorm","|","|switch|p1a: Thunder elemental|Excadrill, F|362/362","|-damage|p1a: Thunder elemental|351/362|[from] Stealth Rock","|turn|17","|","|move|p1a: Thunder elemental|Earthquake|p2a: Unicorn of Love","|-damage|p2a: Unicorn of Love|0 fnt","|faint|p2a: Unicorn of Love","|","|-weather|Sandstorm|[upkeep]","|","|switch|p2a: Captain Teemo|Breloom, M, shiny|245/261","|-damage|p2a: Captain Teemo|229/261|[from] Stealth Rock","|turn|18","|","|switch|p1a: Air elemental|Landorus, M|280/320 slp","|-damage|p1a: Air elemental|240/320 slp|[from] Stealth Rock","|move|p2a: Captain Teemo|Mach Punch|p1a: Air elemental","|-resisted|p1a: Air elemental","|-damage|p1a: Air elemental|181/320 slp","|","|-weather|Sandstorm|[upkeep]","|-damage|p2a: Captain Teemo|213/261|[from] sandstorm","|turn|19","|","|cant|p1a: Air elemental|slp","|move|p2a: Captain Teemo|Rock Tomb|p1a: Air elemental","|-damage|p1a: Air elemental|67/320 slp","|-unboost|p1a: Air elemental|spe|1","|","|-weather|Sandstorm|[upkeep]","|-damage|p2a: Captain Teemo|197/261|[from] sandstorm","|turn|20","|","|move|p2a: Captain Teemo|Bullet Seed|p1a: Air elemental","|-damage|p1a: Air elemental|0 fnt","|-hitcount|p1a: Air elemental|1","|faint|p1a: Air elemental","|","|-weather|none","|","|switch|p1a: Fire elemental|Nidoking, M|116/304","|-damage|p1a: Fire elemental|97/304|[from] Stealth Rock","|turn|21","|","|switch|p2a: Dabade-Dabudaa|Medicham, M, shiny|261/261","|-damage|p2a: Dabade-Dabudaa|245/261|[from] Stealth Rock","|move|p1a: Fire elemental|Sludge Wave|p2a: Dabade-Dabudaa","|-damage|p2a: Dabade-Dabudaa|43/261","|","|turn|22","|","|detailschange|p2a: Dabade-Dabudaa|Medicham-Mega, M, shiny","|-mega|p2a: Dabade-Dabudaa|Medicham|Medichamite","|move|p2a: Dabade-Dabudaa|Fake Out|p1a: Fire elemental","|-damage|p1a: Fire elemental|0 fnt","|faint|p1a: Fire elemental","|","|","|switch|p1a: Ice elemental|Mamoswine, F|362/362","|-damage|p1a: Ice elemental|317/362|[from] Stealth Rock","|turn|23","|","|move|p1a: Ice elemental|Ice Shard|p2a: Dabade-Dabudaa","|-damage|p2a: Dabade-Dabudaa|0 fnt","|-damage|p1a: Ice elemental|281/362|[from] item: Life Orb","|faint|p2a: Dabade-Dabudaa","|","|","|switch|p2a: Diddy Kong|Infernape, M, shiny|64/293","|-damage|p2a: Diddy Kong|28/293|[from] Stealth Rock","|turn|24","|","|move|p1a: Ice elemental|Ice Shard|p2a: Diddy Kong","|-resisted|p2a: Diddy Kong","|-damage|p2a: Diddy Kong|0 fnt","|-damage|p1a: Ice elemental|245/362|[from] item: Life Orb","|faint|p2a: Diddy Kong","|","|","|switch|p2a: Captain Teemo|Breloom, M, shiny|197/261","|-damage|p2a: Captain Teemo|181/261|[from] Stealth Rock","|turn|25","|","|move|p1a: Ice elemental|Ice Shard|p2a: Captain Teemo","|-supereffective|p2a: Captain Teemo","|-damage|p2a: Captain Teemo|0 fnt","|-damage|p1a: Ice elemental|209/362|[from] item: Life Orb","|faint|p2a: Captain Teemo","|","|win|Alliance - Healer"],"p1rating":{"entryid":"5885761","serverid":"eos","formatid":"monotype","userid":"alliancehealer","username":"Alliance - Healer","w":55,"l":"14","t":"0","gxe":77.6,"r":"1728.6670403305","rd":"52.250926082676","sigma":"0","rptime":"1438419600","rpr":1735.8856301912,"rprd":51.47032223163,"rpsigma":"0","acre":1402.2470076161,"lacre":1402.2470076161,"oldacre":"1394.3651114496"},"p2rating":{"entryid":"7247602","serverid":"eos","formatid":"monotype","userid":"traineredbraze","username":"Traine✘ Redbraze","w":"17","l":15,"t":"0","gxe":52.4,"r":"1507.568172365","rd":"73.294909278191","sigma":"0","rptime":"1438419600","rpr":1518.5019765457,"rprd":58.217509442362,"rpsigma":"0","acre":1140.4650658548,"lacre":1140.4650658548,"oldacre":"1150.317436063"},"endType":"normal"}