{"seed":[16277,43811,40701,39060],"turns":28,"p1":"Guard Wanderer","p2":"Inferno Mamoswine","p1team":[{"name":"Lucario","species":"Lucario","item":"focussash","ability":"Inner Focus","moves":["copycat","aurasphere","flashcannon","psychic"],"nature":"Modest","evs":{"hp":0,"atk":0,"def":0,"spa":252,"spd":4,"spe":252},"ivs":{"hp":31,"atk":31,"def":31,"spa":31,"spd":31,"spe":31}},{"name":"Infernape","species":"Infernape","item":"whiteherb","ability":"Blaze","moves":["flamethrower","mudslap","overheat","vacuumwave"],"nature":"Timid","evs":{"hp":0,"atk":0,"def":0,"spa":252,"spd":4,"spe":252},"ivs":{"hp":31,"atk":31,"def":31,"spa":30,"spd":31,"spe":31}},{"name":"Scrafty","species":"Scrafty","item":"lumberry","ability":"Shed Skin","moves":["bulkup","amnesia","drainpunch","thief"],"nature":"Careful","evs":{"hp":252,"atk":0,"def":4,"spa":0,"spd":252,"spe":0},"ivs":{"hp":31,"atk":31,"def":31,"spa":31,"spd":31,"spe":31}},{"name":"Hawlucha","species":"Hawlucha","item":"powerherb","ability":"Unburden","moves":["skyattack","acrobatics","drainpunch","mefirst"],"nature":"Adamant","evs":{"hp":0,"atk":252,"def":0,"spa":0,"spd":4,"spe":252},"ivs":{"hp":31,"atk":31,"def":31,"spa":31,"spd":31,"spe":31}},{"name":"Heracross","species":"Heracross","item":"heracronite","ability":"Moxie","moves":["bulletseed","rockblast","pinmissile","armthrust"],"nature":"Jolly","evs":{"hp":200,"atk":160,"def":0,"spa":0,"spd":0,"spe":148},"ivs":{"hp":31,"atk":31,"def":31,"spa":31,"spd":31,"spe":31}},{"name":"Medicham","species":"Medicham","item":"bigroot","ability":"Pure Power","moves":["drainpunch","bulletpunch","psychocut","foresight"],"nature":"Adamant","evs":{"hp":248,"atk":252,"def":0,"spa":0,"spd":8,"spe":0},"ivs":{"hp":31,"atk":31,"def":31,"spa":31,"spd":31,"spe":31}}],"p2team":[{"name":"Torkoal","species":"Torkoal","item":"leftovers","ability":"White Smoke","moves":["stealthrock","rapidspin","clearsmog","toxic"],"nature":"","evs":{"hp":0,"atk":0,"def":0,"spa":0,"spd":0,"spe":0},"ivs":{"hp":31,"atk":31,"def":31,"spa":31,"spd":31,"spe":31}},{"name":"Rotom-Heat","species":"Rotom-Heat","item":"lightclay","ability":"Levitate","moves":["reflect","lightscreen","sunnyday","voltswitch"],"nature":"Calm","evs":{"hp":252,"atk":0,"def":4,"spa":0,"spd":252,"spe":0},"shiny":true,"ivs":{"hp":31,"atk":31,"def":31,"spa":31,"spd":31,"spe":31}},{"name":"Charizard","species":"Charizard","item":"charizarditex","ability":"Blaze","moves":["dragondance","dragonclaw","earthquake","flareblitz"],"nature":"Adamant","evs":{"hp":0,"atk":252,"def":0,"spa":0,"spd":4,"spe":252},"shiny":true,"ivs":{"hp":31,"atk":31,"def":31,"spa":31,"spd":31,"spe":31}},{"name":"Victini","species":"Victini","item":"choicescarf","ability":"Victory Star","moves":["vcreate","zenheadbutt","boltstrike","uturn"],"nature":"Jolly","evs":{"hp":0,"atk":252,"def":0,"spa":0,"spd":4,"spe":252},"ivs":{"hp":31,"atk":31,"def":31,"spa":31,"spd":31,"spe":31}},{"name":"Volcarona","species":"Volcarona","item":"focussash","ability":"Flame Body","moves":["quiverdance","gigadrain","bugbuzz","fierydance"],"nature":"Modest","evs":{"hp":0,"atk":0,"def":0,"spa":252,"spd":4,"spe":252},"shiny":true,"ivs":{"hp":31,"atk":31,"def":31,"spa":31,"spd":31,"spe":31}},{"name":"Infernape","species":"Infernape","item":"lifeorb","ability":"Iron Fist","moves":["machpunch","closecombat","flareblitz","earthquake"],"nature":"Jolly","evs":{"hp":0,"atk":252,"def":0,"spa":0,"spd":4,"spe":252},"ivs":{"hp":31,"atk":31,"def":31,"spa":31,"spd":31,"spe":31}}],"log":["|player|p1|Guard Wanderer|235","|player|p2|Inferno Mamoswine|101","|gametype|singles","|gen|6","|tier|Monotype","|rated","|rule|Baton Pass Clause: Limit one Baton Passer, can't pass Spe and other stats simultaneously","|rule|Swagger Clause: Swagger is banned","|rule|Same Type Clause: Pokémon in a team must share a type","|clearpoke","|poke|p1|Lucario, M","|poke|p1|Infernape, M","|poke|p1|Scrafty, M","|poke|p1|Hawlucha, F","|poke|p1|Heracross, F","|poke|p1|Medicham, F","|poke|p2|Torkoal, M","|poke|p2|Rotom-Heat, shiny","|poke|p2|Charizard, M, shiny","|poke|p2|Victini","|poke|p2|Volcarona, F, shiny","|poke|p2|Infernape, F","|rule|Sleep Clause Mod: Limit one foe put to sleep","|rule|Species Clause: Limit one of each Pokémon","|rule|OHKO Clause: OHKO moves are banned","|rule|Moody Clause: Moody is banned","|rule|Evasion Moves Clause: Evasion moves are banned","|rule|Endless Battle Clause: Forcing endless battles is banned","|rule|HP Percentage Mod: HP is shown in percentages","|teampreview","|","|start","|switch|p1a: Infernape|Infernape, M|293/293","|switch|p2a: Torkoal|Torkoal, M|281/281","|turn|1","|","|switch|p1a: Lucario|Lucario, M|281/281","|move|p2a: Torkoal|Stealth Rock|p1a: Lucario","|-sidestart|p1: Guard Wanderer|move: Stealth Rock","|","|turn|2","|","|switch|p2a: Rotom-Heat|Rotom-Heat, shiny|304/304","|move|p1a: Lucario|Copycat|p1a: Lucario","|move|p1a: Lucario|Stealth Rock|p2a: Rotom-Heat|[from]Copycat","|-sidestart|p2: Inferno Mamoswine|move: Stealth Rock","|","|turn|3","|","|switch|p1a: Scrafty|Scrafty, M|334/334","|-damage|p1a: Scrafty|314/334|[from] Stealth Rock","|move|p2a: Rotom-Heat|Reflect|p2a: Rotom-Heat","|-sidestart|p2: Inferno Mamoswine|Reflect","|","|turn|4","|","|move|p2a: Rotom-Heat|Light Screen|p2a: Rotom-Heat","|-sidestart|p2: Inferno Mamoswine|move: Light Screen","|move|p1a: Scrafty|Amnesia|p1a: Scrafty","|-boost|p1a: Scrafty|spd|2","|","|turn|5","|","|move|p2a: Rotom-Heat|Sunny Day|p2a: Rotom-Heat","|-weather|SunnyDay","|move|p1a: Scrafty|Amnesia|p1a: Scrafty","|-boost|p1a: Scrafty|spd|2","|","|-weather|SunnyDay|[upkeep]","|turn|6","|","|move|p2a: Rotom-Heat|Volt Switch|p1a: Scrafty","|-crit|p1a: Scrafty","|-damage|p1a: Scrafty|230/334","|","|switch|p2a: Torkoal|Torkoal, M|281/281","|-damage|p2a: Torkoal|211/281|[from] Stealth Rock","|move|p1a: Scrafty|Bulk Up|p1a: Scrafty","|-boost|p1a: Scrafty|atk|1","|-boost|p1a: Scrafty|def|1","|","|-weather|SunnyDay|[upkeep]","|-heal|p2a: Torkoal|228/281|[from] item: Leftovers","|turn|7","|","|move|p1a: Scrafty|Bulk Up|p1a: Scrafty","|-boost|p1a: Scrafty|atk|1","|-boost|p1a: Scrafty|def|1","|move|p2a: Torkoal|Rapid Spin|p1a: Scrafty","|-damage|p1a: Scrafty|223/334","|-sideend|p2: Inferno Mamoswine|Stealth Rock|[from] move: Rapid Spin|[of] p2a: Torkoal","|","|-weather|SunnyDay|[upkeep]","|-heal|p2a: Torkoal|245/281|[from] item: Leftovers","|turn|8","|","|move|p1a: Scrafty|Bulk Up|p1a: Scrafty","|-boost|p1a: Scrafty|atk|1","|-boost|p1a: Scrafty|def|1","|move|p2a: Torkoal|Clear Smog|p1a: Scrafty","|-damage|p1a: Scrafty|215/334","|-clearboost|p1a: Scrafty","|","|-weather|SunnyDay|[upkeep]","|-heal|p2a: Torkoal|262/281|[from] item: Leftovers","|turn|9","|","|switch|p2a: Charizard|Charizard, M, shiny|297/297","|move|p1a: Scrafty|Amnesia|p1a: Scrafty","|-boost|p1a: Scrafty|spd|2","|","|-weather|none","|turn|10","|","|detailschange|p2a: Charizard|Charizard-Mega-X, M, shiny","|-mega|p2a: Charizard|Charizard|Charizardite X","|move|p2a: Charizard|Dragon Dance|p2a: Charizard","|-boost|p2a: Charizard|atk|1","|-boost|p2a: Charizard|spe|1","|move|p1a: Scrafty|Bulk Up|p1a: Scrafty","|-boost|p1a: Scrafty|atk|1","|-boost|p1a: Scrafty|def|1","|","|-sideend|p2: Inferno Mamoswine|Reflect","|turn|11","|","|move|p2a: Charizard|Dragon Dance|p2a: Charizard","|-boost|p2a: Charizard|atk|1","|-boost|p2a: Charizard|spe|1","|move|p1a: Scrafty|Drain Punch|p2a: Charizard","|-damage|p2a: Charizard|191/297","|-heal|p1a: Scrafty|268/334|[from] drain|[of] p2a: Charizard","|","|-sideend|p2: Inferno Mamoswine|move: Light Screen","|turn|12","|","|move|p2a: Charizard|Earthquake|p1a: Scrafty","|-damage|p1a: Scrafty|125/334","|move|p1a: Scrafty|Drain Punch|p2a: Charizard","|-damage|p2a: Charizard|82/297","|-heal|p1a: Scrafty|180/334|[from] drain|[of] p2a: Charizard","|","|turn|13","|","|move|p2a: Charizard|Dragon Claw|p1a: Scrafty","|-damage|p1a: Scrafty|0 fnt","|faint|p1a: Scrafty","|","|","|switch|p1a: Infernape|Infernape, M|293/293","|-damage|p1a: Infernape|257/293|[from] Stealth Rock","|turn|14","|","|move|p1a: Infernape|Vacuum Wave|p2a: Charizard","|-damage|p2a: Charizard|13/297","|move|p2a: Charizard|Earthquake|p1a: Infernape","|-supereffective|p1a: Infernape","|-damage|p1a: Infernape|0 fnt","|faint|p1a: Infernape","|","|","|switch|p1a: Medicham|Medicham, F|323/323","|-damage|p1a: Medicham|303/323|[from] Stealth Rock","|turn|15","|","|move|p1a: Medicham|Bullet Punch|p2a: Charizard","|-crit|p2a: Charizard","|-resisted|p2a: Charizard","|-damage|p2a: Charizard|0 fnt","|faint|p2a: Charizard","|","|","|switch|p2a: Rotom-Heat|Rotom-Heat, shiny|304/304","|turn|16","|","|switch|p1a: Lucario|Lucario, M|281/281","|-damage|p1a: Lucario|273/281|[from] Stealth Rock","|move|p2a: Rotom-Heat|Reflect|p2a: Rotom-Heat","|-sidestart|p2: Inferno Mamoswine|Reflect","|","|turn|17","|","|move|p1a: Lucario|Copycat|p1a: Lucario","|move|p1a: Lucario|Reflect|p1a: Lucario|[from]Copycat","|-sidestart|p1: Guard Wanderer|Reflect","|move|p2a: Rotom-Heat|Light Screen|p2a: Rotom-Heat","|-sidestart|p2: Inferno Mamoswine|move: Light Screen","|","|turn|18","|","|move|p1a: Lucario|Copycat|p1a: Lucario","|move|p1a: Lucario|Light Screen|p1a: Lucario|[from]Copycat","|-sidestart|p1: Guard Wanderer|move: Light Screen","|move|p2a: Rotom-Heat|Sunny Day|p2a: Rotom-Heat","|-weather|SunnyDay","|","|-weather|SunnyDay|[upkeep]","|turn|19","|","|move|p1a: Lucario|Aura Sphere|p2a: Rotom-Heat","|-damage|p2a: Rotom-Heat|258/304","|move|p2a: Rotom-Heat|Volt Switch|p1a: Lucario","|-crit|p1a: Lucario","|-damage|p1a: Lucario|105/281","|","|switch|p2a: Volcarona|Volcarona, F, shiny|311/311","|","|-weather|SunnyDay|[upkeep]","|turn|20","|","|move|p2a: Volcarona|Quiver Dance|p2a: Volcarona","|-boost|p2a: Volcarona|spa|1","|-boost|p2a: Volcarona|spd|1","|-boost|p2a: Volcarona|spe|1","|move|p1a: Lucario|Copycat|p1a: Lucario","|move|p1a: Lucario|Quiver Dance|p1a: Lucario|[from]Copycat","|-boost|p1a: Lucario|spa|1","|-boost|p1a: Lucario|spd|1","|-boost|p1a: Lucario|spe|1","|","|-weather|SunnyDay|[upkeep]","|turn|21","|","|move|p2a: Volcarona|Quiver Dance|p2a: Volcarona","|-boost|p2a: Volcarona|spa|1","|-boost|p2a: Volcarona|spd|1","|-boost|p2a: Volcarona|spe|1","|move|p1a: Lucario|Flash Cannon|p2a: Volcarona","|-resisted|p2a: Volcarona","|-damage|p2a: Volcarona|285/311","|","|-weather|SunnyDay|[upkeep]","|-sideend|p1: Guard Wanderer|Reflect","|turn|22","|","|move|p2a: Volcarona|Giga Drain|p1a: Lucario","|-resisted|p1a: Lucario","|-damage|p1a: Lucario|63/281","|-heal|p2a: Volcarona|306/311|[from] drain|[of] p1a: Lucario","|move|p1a: Lucario|Psychic|p2a: Volcarona","|-damage|p2a: Volcarona|268/311","|","|-weather|none","|-sideend|p1: Guard Wanderer|move: Light Screen","|turn|23","|","|move|p2a: Volcarona|Fiery Dance|p1a: Lucario","|-supereffective|p1a: Lucario","|-damage|p1a: Lucario|0 fnt","|faint|p1a: Lucario","|","|-sideend|p2: Inferno Mamoswine|Reflect","|","|switch|p1a: Hawlucha|Hawlucha, F|297/297","|-damage|p1a: Hawlucha|260/297|[from] Stealth Rock","|turn|24","|","|move|p2a: Volcarona|Fiery Dance|p1a: Hawlucha","|-damage|p1a: Hawlucha|0 fnt","|faint|p1a: Hawlucha","|","|-sideend|p2: Inferno Mamoswine|move: Light Screen","|","|switch|p1a: Medicham|Medicham, F|303/323","|-damage|p1a: Medicham|283/323|[from] Stealth Rock","|turn|25","|","|move|p2a: Volcarona|Giga Drain|p1a: Medicham","|-damage|p1a: Medicham|41/323","|-heal|p2a: Volcarona|311/311|[from] drain|[of] p1a: Medicham","|move|p1a: Medicham|Psycho Cut|p2a: Volcarona","|-crit|p2a: Volcarona","|-enditem|p2a: Volcarona|Focus Sash","|-damage|p2a: Volcarona|1/311","|","|turn|26","|","|move|p1a: Medicham|Bullet Punch|p2a: Volcarona","|-resisted|p2a: Volcarona","|-damage|p2a: Volcarona|0 fnt","|faint|p2a: Volcarona","|","|","|switch|p2a: Infernape|Infernape, F|293/293","|turn|27","|","|move|p2a: Infernape|Mach Punch|p1a: Medicham","|-resisted|p1a: Medicham","|-damage|p1a: Medicham|0 fnt","|-damage|p2a: Infernape|264/293|[from] item: Life Orb","|faint|p1a: Medicham","|","|","|switch|p1a: Heracross|Heracross, F|351/351","|-damage|p1a: Heracross|308/351|[from] Stealth Rock","|turn|28","|","|detailschange|p1a: Heracross|Heracross-Mega, F","|-mega|p1a: Heracross|Heracross|Heracronite","|move|p2a: Infernape|Flare Blitz|p1a: Heracross","|-supereffective|p1a: Heracross","|-damage|p1a: Heracross|0 fnt","|-damage|p2a: Infernape|162/293|[from] recoil|[of] p1a: Heracross","|-damage|p2a: Infernape|133/293|[from] item: Life Orb","|faint|p1a: Heracross","|","|win|Inferno Mamoswine"],"p1rating":{"entryid":"6731189","serverid":"eos","formatid":"monotype","userid":"guardwanderer","username":"Guard Wanderer","w":"72","l":99,"t":"0","gxe":40.2,"r":"1419.3229163761","rd":"31.120178144835","sigma":"0","rptime":"1438419600","rpr":1424.8228981561,"rprd":30.124884275529,"rpsigma":"0","acre":1117.7069857039,"lacre":1117.7069857039,"oldacre":"1149.492038876"},"p2rating":{"entryid":"7297985","serverid":"eos","formatid":"monotype","userid":"infernomamoswine","username":"Inferno Mamoswine","w":3,"l":"5","t":"0","gxe":39.7,"r":"1410.7770327305","rd":"107.43528823419","sigma":"0","rptime":"1438419600","rpr":1418.7700950208,"rprd":92.155897986571,"rpsigma":"0","acre":1093.5655590009,"lacre":1093.5655590009,"oldacre":"1052.7740250863"},"endType":"normal"}