{"seed":[12677,53824,30734,39405],"turns":36,"p1":"SS KNBrisson","p2":"Emg GL Twizzler","p1team":[{"name":"Slowking","species":"Slowking","item":"assaultvest","ability":"Regenerator","moves":["flamethrower","icebeam","shadowball","psyshock"],"nature":"Modest","evs":{"hp":248,"atk":0,"def":0,"spa":252,"spd":8,"spe":0},"ivs":{"hp":31,"atk":31,"def":31,"spa":31,"spd":31,"spe":31}},{"name":"Swampert","species":"Swampert","item":"swampertite","ability":"Torrent","moves":["earthquake","poweruppunch","waterfall","icepunch"],"nature":"Adamant","evs":{"hp":8,"atk":252,"def":0,"spa":0,"spd":0,"spe":248},"ivs":{"hp":31,"atk":31,"def":31,"spa":31,"spd":31,"spe":31}},{"name":"Azumarill","species":"Azumarill","item":"choiceband","ability":"Sap Sipper","moves":["playrough","superpower","knockoff","aquajet"],"nature":"Adamant","evs":{"hp":248,"atk":252,"def":0,"spa":0,"spd":8,"spe":0},"ivs":{"hp":31,"atk":31,"def":31,"spa":31,"spd":31,"spe":31}},{"name":"Politoed","species":"Politoed","item":"choicespecs","ability":"Drizzle","moves":["hydropump","focusblast","icebeam","scald"],"nature":"Modest","evs":{"hp":248,"atk":0,"def":0,"spa":252,"spd":8,"spe":0},"ivs":{"hp":31,"atk":31,"def":31,"spa":31,"spd":31,"spe":31}},{"name":"Lanturn","species":"Lanturn","item":"leftovers","ability":"Volt Absorb","moves":["thunderbolt","thunderwave","healbell","scald"],"nature":"Modest","evs":{"hp":252,"atk":0,"def":0,"spa":252,"spd":4,"spe":0},"ivs":{"hp":31,"atk":31,"def":31,"spa":31,"spd":31,"spe":31}},{"name":"Ludicolo","species":"Ludicolo","item":"lifeorb","ability":"Swift Swim","moves":["scald","substitute","raindance","gigadrain"],"nature":"Calm","evs":{"hp":248,"atk":0,"def":0,"spa":8,"spd":252,"spe":0},"ivs":{"hp":31,"atk":31,"def":31,"spa":31,"spd":31,"spe":31}}],"p2team":[{"name":"Magnezone","species":"Magnezone","item":"leftovers","ability":"Sturdy","moves":["flashcannon","thunderbolt","protect","hiddenpowerice"],"nature":"Modest","evs":{"hp":76,"atk":0,"def":180,"spa":252,"spd":0,"spe":0},"ivs":{"hp":31,"atk":30,"def":30,"spa":31,"spd":31,"spe":31}},{"name":"Zapdos","species":"Zapdos","item":"leftovers","ability":"Pressure","moves":["discharge","heatwave","toxic","roost"],"nature":"Bold","evs":{"hp":4,"atk":0,"def":252,"spa":0,"spd":252,"spe":0},"ivs":{"hp":31,"atk":31,"def":31,"spa":31,"spd":31,"spe":31}},{"name":"Ampharos","species":"Ampharos","item":"ampharosite","ability":"Static","moves":["cottonguard","rest","sleeptalk","dragonpulse"],"nature":"Bold","evs":{"hp":0,"atk":0,"def":252,"spa":136,"spd":120,"spe":0},"ivs":{"hp":31,"atk":31,"def":31,"spa":31,"spd":31,"spe":31}},{"name":"Raikou","species":"Raikou","item":"leftovers","ability":"Pressure","moves":["calmmind","extrasensory","thunderbolt","substitute"],"nature":"Timid","evs":{"hp":0,"atk":0,"def":0,"spa":252,"spd":4,"spe":252},"ivs":{"hp":31,"atk":31,"def":31,"spa":31,"spd":31,"spe":31}},{"name":"Rotom-Wash","species":"Rotom-Wash","item":"choicescarf","ability":"Levitate","moves":["voltswitch","hydropump","willowisp","trick"],"nature":"Timid","evs":{"hp":0,"atk":0,"def":0,"spa":252,"spd":4,"spe":252},"ivs":{"hp":31,"atk":31,"def":31,"spa":31,"spd":31,"spe":31}},{"name":"Condom","species":"eelektross","item":"assaultvest","ability":"Levitate","moves":["gigadrain","thunderbolt","drainpunch","knockoff"],"nature":"Quiet","evs":{"hp":3,"atk":136,"def":0,"spa":108,"spd":252,"spe":0},"ivs":{"hp":31,"atk":31,"def":31,"spa":31,"spd":31,"spe":31}}],"log":["|player|p1|SS KNBrisson|169","|player|p2|Emg GL Twizzler|209","|gametype|singles","|gen|6","|tier|Monotype","|rated","|rule|Baton Pass Clause: Limit one Baton Passer, can't pass Spe and other stats simultaneously","|rule|Swagger Clause: Swagger is banned","|rule|Same Type Clause: Pokémon in a team must share a type","|clearpoke","|poke|p1|Slowking, M","|poke|p1|Swampert, M","|poke|p1|Azumarill, M","|poke|p1|Politoed, M","|poke|p1|Lanturn, F","|poke|p1|Ludicolo, F","|poke|p2|Magnezone","|poke|p2|Zapdos","|poke|p2|Ampharos, M","|poke|p2|Raikou","|poke|p2|Rotom-Wash","|poke|p2|Eelektross, M","|rule|Sleep Clause Mod: Limit one foe put to sleep","|rule|Species Clause: Limit one of each Pokémon","|rule|OHKO Clause: OHKO moves are banned","|rule|Moody Clause: Moody is banned","|rule|Evasion Moves Clause: Evasion moves are banned","|rule|Endless Battle Clause: Forcing endless battles is banned","|rule|HP Percentage Mod: HP is shown in percentages","|teampreview","|","|start","|switch|p1a: Politoed|Politoed, M|383/383","|switch|p2a: Condom|Eelektross, M|311/311","|-weather|RainDance","|turn|1","|","|move|p1a: Politoed|Scald|p2a: Condom","|-damage|p2a: Condom|134/311","|move|p2a: Condom|Knock Off|p1a: Politoed","|-damage|p1a: Politoed|264/383","|-enditem|p1a: Politoed|Choice Specs|[from] move: Knock Off|[of] p2a: Condom","|","|-weather|RainDance|[upkeep]","|turn|2","|","|switch|p2a: Rotom-Wash|Rotom-Wash|241/241","|move|p1a: Politoed|Scald|p2a: Rotom-Wash","|-resisted|p2a: Rotom-Wash","|-damage|p2a: Rotom-Wash|151/241","|","|-weather|RainDance|[upkeep]","|turn|3","|","|move|p2a: Rotom-Wash|Will-O-Wisp|p1a: Politoed|[miss]","|-miss|p2a: Rotom-Wash|p1a: Politoed","|move|p1a: Politoed|Hydro Pump|p2a: Rotom-Wash|[miss]","|-miss|p1a: Politoed|p2a: Rotom-Wash","|","|-weather|RainDance|[upkeep]","|turn|4","|","|switch|p1a: Lanturn|Lanturn, F|454/454","|move|p2a: Rotom-Wash|Will-O-Wisp|p1a: Lanturn|[miss]","|-miss|p2a: Rotom-Wash|p1a: Lanturn","|","|-weather|RainDance|[upkeep]","|turn|5","|","|move|p2a: Rotom-Wash|Will-O-Wisp|p1a: Lanturn","|-status|p1a: Lanturn|brn","|move|p1a: Lanturn|Thunderbolt|p2a: Rotom-Wash","|-damage|p2a: Rotom-Wash|42/241","|","|-weather|none","|-damage|p1a: Lanturn|398/454 brn|[from] brn","|turn|6","|","|switch|p2a: Ampharos|Ampharos, M|321/321","|move|p1a: Lanturn|Heal Bell|p1a: Lanturn","|-cureteam|p1a: Lanturn|[from] move: HealBell","|","|-heal|p1a: Lanturn|426/454|[from] item: Leftovers","|turn|7","|","|detailschange|p2a: Ampharos|Ampharos-Mega, M","|-mega|p2a: Ampharos|Ampharos|Ampharosite","|-ability|p2a: Ampharos|Mold Breaker","|move|p1a: Lanturn|Scald|p2a: Ampharos","|-resisted|p2a: Ampharos","|-damage|p2a: Ampharos|277/321","|-status|p2a: Ampharos|brn","|move|p2a: Ampharos|Cotton Guard|p2a: Ampharos","|-boost|p2a: Ampharos|def|3","|","|-heal|p1a: Lanturn|454/454|[from] item: Leftovers","|-damage|p2a: Ampharos|237/321 brn|[from] brn","|turn|8","|","|switch|p1a: Swampert|Swampert, M|343/343","|move|p2a: Ampharos|Rest|p2a: Ampharos","|-status|p2a: Ampharos|slp","|-heal|p2a: Ampharos|321/321 slp|[silent]","|-status|p2a: Ampharos|slp|[from] move: Rest","|","|turn|9","|","|detailschange|p1a: Swampert|Swampert-Mega, M","|-mega|p1a: Swampert|Swampert|Swampertite","|move|p1a: Swampert|Earthquake|p2a: Ampharos","|-supereffective|p2a: Ampharos","|-damage|p2a: Ampharos|201/321 slp","|cant|p2a: Ampharos|slp","|move|p2a: Ampharos|Sleep Talk|p2a: Ampharos","|move|p2a: Ampharos|Cotton Guard|p2a: Ampharos|[from]Sleep Talk","|-boost|p2a: Ampharos|def|3","|","|turn|10","|","|move|p1a: Swampert|Earthquake|p2a: Ampharos","|-supereffective|p2a: Ampharos","|-damage|p2a: Ampharos|129/321 slp","|cant|p2a: Ampharos|slp","|","|turn|11","|","|move|p1a: Swampert|Power-Up Punch|p2a: Ampharos","|-damage|p2a: Ampharos|119/321 slp","|-boost|p1a: Swampert|atk|1","|-curestatus|p2a: Ampharos|slp","|move|p2a: Ampharos|Rest|p2a: Ampharos","|-status|p2a: Ampharos|slp","|-heal|p2a: Ampharos|321/321 slp|[silent]","|-status|p2a: Ampharos|slp|[from] move: Rest","|","|turn|12","|","|move|p1a: Swampert|Power-Up Punch|p2a: Ampharos","|-damage|p2a: Ampharos|303/321 slp","|-boost|p1a: Swampert|atk|1","|cant|p2a: Ampharos|slp","|move|p2a: Ampharos|Sleep Talk|p2a: Ampharos","|move|p2a: Ampharos|Cotton Guard|p2a: Ampharos|[from]Sleep Talk","|-fail|p2a: Ampharos","|","|turn|13","|","|move|p1a: Swampert|Power-Up Punch|p2a: Ampharos","|-damage|p2a: Ampharos|283/321 slp","|-boost|p1a: Swampert|atk|1","|cant|p2a: Ampharos|slp","|move|p2a: Ampharos|Sleep Talk|p2a: Ampharos","|move|p2a: Ampharos|Rest|p2a: Ampharos|[from]Sleep Talk","|-fail|p2a: Ampharos","|","|turn|14","|","|move|p1a: Swampert|Power-Up Punch|p2a: Ampharos","|-damage|p2a: Ampharos|259/321 slp","|-boost|p1a: Swampert|atk|1","|-curestatus|p2a: Ampharos|slp","|move|p2a: Ampharos|Dragon Pulse|p1a: Swampert","|-damage|p1a: Swampert|177/343","|","|turn|15","|","|move|p1a: Swampert|Earthquake|p2a: Ampharos","|-supereffective|p2a: Ampharos","|-damage|p2a: Ampharos|47/321","|move|p2a: Ampharos|Dragon Pulse|p1a: Swampert","|-damage|p1a: Swampert|14/343","|","|turn|16","|","|move|p1a: Swampert|Earthquake|p2a: Ampharos","|-supereffective|p2a: Ampharos","|-damage|p2a: Ampharos|0 fnt","|faint|p2a: Ampharos","|","|","|switch|p2a: Magnezone|Magnezone|300/300","|turn|17","|","|move|p2a: Magnezone|Protect|p2a: Magnezone","|-singleturn|p2a: Magnezone|Protect","|move|p1a: Swampert|Earthquake|p2a: Magnezone","|-activate|p2a: Magnezone|Protect","|","|turn|18","|","|move|p1a: Swampert|Power-Up Punch|p2a: Magnezone","|-supereffective|p2a: Magnezone","|-damage|p2a: Magnezone|48/300","|-boost|p1a: Swampert|atk|1","|move|p2a: Magnezone|Hidden Power|p1a: Swampert","|-damage|p1a: Swampert|0 fnt","|faint|p1a: Swampert","|","|-heal|p2a: Magnezone|66/300|[from] item: Leftovers","|","|switch|p1a: Slowking|Slowking, M|393/393","|turn|19","|","|move|p2a: Magnezone|Thunderbolt|p1a: Slowking","|-supereffective|p1a: Slowking","|-damage|p1a: Slowking|187/393","|move|p1a: Slowking|Flamethrower|p2a: Magnezone","|-supereffective|p2a: Magnezone","|-damage|p2a: Magnezone|0 fnt","|faint|p2a: Magnezone","|","|","|switch|p2a: Condom|Eelektross, M|134/311","|turn|20","|","|switch|p1a: Lanturn|Lanturn, F|454/454","|move|p2a: Condom|Knock Off|p1a: Lanturn","|-damage|p1a: Lanturn|307/454","|-enditem|p1a: Lanturn|Leftovers|[from] move: Knock Off|[of] p2a: Condom","|","|turn|21","|","|move|p1a: Lanturn|Scald|p2a: Condom","|-damage|p2a: Condom|65/311","|-status|p2a: Condom|brn","|move|p2a: Condom|Giga Drain|p1a: Lanturn","|-supereffective|p1a: Lanturn","|-damage|p1a: Lanturn|115/454","|-heal|p2a: Condom|161/311 brn|[from] drain|[of] p1a: Lanturn","|","|-damage|p2a: Condom|123/311 brn|[from] brn","|turn|22","|","|switch|p1a: Ludicolo|Ludicolo, F|363/363","|move|p2a: Condom|Giga Drain|p1a: Ludicolo","|-damage|p1a: Ludicolo|309/363","|-heal|p2a: Condom|150/311 brn|[from] drain|[of] p1a: Ludicolo","|","|-damage|p2a: Condom|112/311 brn|[from] brn","|turn|23","|","|move|p1a: Ludicolo|Substitute|p1a: Ludicolo","|-start|p1a: Ludicolo|Substitute","|-damage|p1a: Ludicolo|219/363","|move|p2a: Condom|Knock Off|p1a: Ludicolo","|-activate|p1a: Ludicolo|Substitute|[damage]","|","|-damage|p2a: Condom|74/311 brn|[from] brn","|turn|24","|","|move|p1a: Ludicolo|Rain Dance|p1a: Ludicolo","|-weather|RainDance","|move|p2a: Condom|Knock Off|p1a: Ludicolo","|-end|p1a: Ludicolo|Substitute","|","|-weather|RainDance|[upkeep]","|-damage|p2a: Condom|36/311 brn|[from] brn","|turn|25","|","|move|p1a: Ludicolo|Scald|p2a: Condom","|-damage|p2a: Condom|0 fnt","|-damage|p1a: Ludicolo|183/363|[from] item: Life Orb","|faint|p2a: Condom","|","|-weather|RainDance|[upkeep]","|","|switch|p2a: Raikou|Raikou|321/321","|-ability|p2a: Raikou|Pressure","|turn|26","|","|switch|p1a: Lanturn|Lanturn, F|115/454","|move|p2a: Raikou|Substitute|p2a: Raikou","|-start|p2a: Raikou|Substitute","|-damage|p2a: Raikou|241/321","|","|-weather|RainDance|[upkeep]","|-heal|p2a: Raikou|261/321|[from] item: Leftovers","|turn|27","|","|move|p2a: Raikou|Calm Mind|p2a: Raikou","|-boost|p2a: Raikou|spa|1","|-boost|p2a: Raikou|spd|1","|move|p1a: Lanturn|Scald|p2a: Raikou","|-end|p2a: Raikou|Substitute","|","|-weather|RainDance|[upkeep]","|-heal|p2a: Raikou|281/321|[from] item: Leftovers","|turn|28","|","|move|p2a: Raikou|Calm Mind|p2a: Raikou","|-boost|p2a: Raikou|spa|1","|-boost|p2a: Raikou|spd|1","|move|p1a: Lanturn|Scald|p2a: Raikou","|-damage|p2a: Raikou|194/321","|","|-weather|none","|-heal|p2a: Raikou|214/321|[from] item: Leftovers","|turn|29","|","|switch|p1a: Azumarill|Azumarill, M|403/403","|move|p2a: Raikou|Substitute|p2a: Raikou","|-start|p2a: Raikou|Substitute","|-damage|p2a: Raikou|134/321","|","|-heal|p2a: Raikou|154/321|[from] item: Leftovers","|turn|30","|","|move|p2a: Raikou|Thunderbolt|p1a: Azumarill","|-crit|p1a: Azumarill","|-supereffective|p1a: Azumarill","|-damage|p1a: Azumarill|0 fnt","|faint|p1a: Azumarill","|","|-heal|p2a: Raikou|174/321|[from] item: Leftovers","|","|switch|p1a: Slowking|Slowking, M|318/393","|turn|31","|","|switch|p1a: Lanturn|Lanturn, F|115/454","|move|p2a: Raikou|Thunderbolt|p1a: Lanturn","|-heal|p1a: Lanturn|228/454|[from] ability: Volt Absorb|[of] p2a: Raikou","|","|-heal|p2a: Raikou|194/321|[from] item: Leftovers","|turn|32","|","|move|p2a: Raikou|Extrasensory|p1a: Lanturn","|-damage|p1a: Lanturn|10/454","|move|p1a: Lanturn|Scald|p2a: Raikou","|-activate|p2a: Raikou|Substitute|[damage]","|","|-heal|p2a: Raikou|214/321|[from] item: Leftovers","|turn|33","|","|move|p2a: Raikou|Extrasensory|p1a: Lanturn","|-damage|p1a: Lanturn|0 fnt","|faint|p1a: Lanturn","|","|-heal|p2a: Raikou|234/321|[from] item: Leftovers","|","|switch|p1a: Slowking|Slowking, M|393/393","|turn|34","|","|move|p2a: Raikou|Thunderbolt|p1a: Slowking","|-supereffective|p1a: Slowking","|-damage|p1a: Slowking|55/393","|move|p1a: Slowking|Shadow Ball|p2a: Raikou","|-end|p2a: Raikou|Substitute","|","|-heal|p2a: Raikou|254/321|[from] item: Leftovers","|turn|35","|","|move|p2a: Raikou|Substitute|p2a: Raikou","|-start|p2a: Raikou|Substitute","|-damage|p2a: Raikou|174/321","|move|p1a: Slowking|Shadow Ball|p2a: Raikou","|-activate|p2a: Raikou|Substitute|[damage]","|","|-heal|p2a: Raikou|194/321|[from] item: Leftovers","|turn|36","|","|win|Emg GL Twizzler"],"p1rating":{"entryid":"6815666","serverid":"eos","formatid":"monotype","userid":"ssknbrisson","username":"SS KNBrisson","w":"1","l":2,"t":"0","gxe":45.2,"r":1499.3275371252,"rd":120.39375310471,"sigma":"0","rptime":1438419600,"rpr":1461.9992525379,"rprd":114.26438326883,"rpsigma":"0","acre":1014.9951806154,"lacre":1014.9951806154,"oldacre":"1025.640021975"},"p2rating":{"entryid":"7175106","serverid":"eos","formatid":"monotype","userid":"emggltwizzler","username":"Emg GL Twizzler","w":6,"l":"4","t":"0","gxe":54.1,"r":"1486.1351829085","rd":"93.77038431909","sigma":"0","rptime":"1438419600","rpr":1531.6833710663,"rprd":88.449219982108,"rpsigma":"0","acre":1126.6652742656,"lacre":1126.6652742656,"oldacre":"1107.4452128301"},"endType":"forfeit"}