{"seed":[10522,172,162,11154],"turns":104,"p1":"Crystl Sabo","p2":"Emg Prof Gen3rox","p1team":[{"name":"Blissey","species":"Blissey","item":"assaultvest","ability":"Serene Grace","moves":["bodyslam","seismictoss","waterpulse","rocktomb"],"nature":"Gentle","evs":{"hp":252,"atk":0,"def":0,"spa":0,"spd":252,"spe":0},"shiny":true,"ivs":{"hp":31,"atk":31,"def":31,"spa":31,"spd":31,"spe":31}},{"name":"Chansey","species":"Chansey","item":"eviolite","ability":"Natural Cure","moves":["counter","wish","protect","healbell"],"nature":"Bold","evs":{"hp":248,"atk":0,"def":180,"spa":0,"spd":80,"spe":0},"ivs":{"hp":31,"atk":31,"def":31,"spa":31,"spd":31,"spe":31}},{"name":"Staravia","species":"Staravia","item":"eviolite","ability":"Intimidate","moves":["roost","featherdance","bravebird","defog"],"nature":"Impish","evs":{"hp":252,"atk":0,"def":252,"spa":0,"spd":0,"spe":0},"shiny":true,"ivs":{"hp":31,"atk":31,"def":31,"spa":31,"spd":31,"spe":31}},{"name":"Porygon2","species":"Porygon2","item":"eviolite","ability":"Download","moves":["thunderwave","recover","triattack","zenheadbutt"],"nature":"Relaxed","evs":{"hp":248,"atk":32,"def":228,"spa":0,"spd":0,"spe":0},"shiny":true,"ivs":{"hp":31,"atk":31,"def":31,"spa":31,"spd":31,"spe":31}},{"name":"Ditto","species":"Ditto","item":"choicescarf","ability":"Imposter","moves":["transform"],"nature":"Naive","evs":{"hp":252,"atk":0,"def":0,"spa":0,"spd":0,"spe":252},"shiny":true,"ivs":{"hp":31,"atk":31,"def":31,"spa":31,"spd":31,"spe":31}},{"name":"Staraptor","species":"Staraptor","item":"sitrusberry","ability":"Intimidate","moves":["featherdance","roost","bravebird","closecombat"],"nature":"Jolly","evs":{"hp":252,"atk":0,"def":0,"spa":0,"spd":0,"spe":252},"shiny":true,"ivs":{"hp":31,"atk":31,"def":31,"spa":31,"spd":31,"spe":31}}],"p2team":[{"name":"Loki","species":"sableye","item":"sablenite","ability":"Prankster","moves":["recover","willowisp","calmmind","darkpulse"],"nature":"Bold","evs":{"hp":252,"atk":0,"def":252,"spa":4,"spd":0,"spe":0},"ivs":{"hp":31,"atk":0,"def":31,"spa":31,"spd":31,"spe":31}},{"name":"Sharknado","species":"sharpedo","item":"focussash","ability":"Speed Boost","moves":["protect","taunt","destinybond","waterfall"],"nature":"Jolly","evs":{"hp":248,"atk":8,"def":0,"spa":0,"spd":0,"spe":252},"shiny":true,"ivs":{"hp":31,"atk":31,"def":31,"spa":31,"spd":31,"spe":31}},{"name":"I'm Slow","species":"hydreigon","item":"choicescarf","ability":"Levitate","moves":["dracometeor","darkpulse","flashcannon","flamethrower"],"nature":"Timid","evs":{"hp":0,"atk":0,"def":0,"spa":252,"spd":4,"spe":252},"shiny":true,"ivs":{"hp":31,"atk":31,"def":31,"spa":31,"spd":31,"spe":31}},{"name":"Exodia","species":"hoopaunbound","item":"focussash","ability":"Magician","moves":["hyperspacefury","hyperspacehole","firepunch","shadowball"],"nature":"Mild","evs":{"hp":248,"atk":8,"def":0,"spa":252,"spd":0,"spe":0},"ivs":{"hp":31,"atk":31,"def":31,"spa":31,"spd":31,"spe":31}},{"name":"Bishop","species":"bisharp","item":"lifeorb","ability":"Defiant","moves":["swordsdance","knockoff","ironhead","suckerpunch"],"nature":"Jolly","evs":{"hp":0,"atk":252,"def":0,"spa":0,"spd":4,"spe":252},"shiny":true,"ivs":{"hp":31,"atk":31,"def":31,"spa":31,"spd":31,"spe":31}},{"name":"Pebbles","species":"mandibuzz","item":"leftovers","ability":"Overcoat","moves":["defog","toxic","foulplay","roost"],"nature":"Bold","evs":{"hp":252,"atk":0,"def":252,"spa":0,"spd":4,"spe":0},"shiny":true,"ivs":{"hp":31,"atk":31,"def":31,"spa":31,"spd":31,"spe":31}}],"log":["|player|p1|Crystl Sabo|161","|player|p2|Emg Prof Gen3rox|290","|gametype|singles","|gen|6","|tier|Monotype","|rated","|rule|Baton Pass Clause: Limit one Baton Passer, can't pass Spe and other stats simultaneously","|rule|Swagger Clause: Swagger is banned","|rule|Same Type Clause: Pokémon in a team must share a type","|clearpoke","|poke|p1|Blissey, F, shiny","|poke|p1|Chansey, F","|poke|p1|Staravia, M, shiny","|poke|p1|Porygon2, shiny","|poke|p1|Ditto, shiny","|poke|p1|Staraptor, M, shiny","|poke|p2|Sableye, F","|poke|p2|Sharpedo, F, shiny","|poke|p2|Hydreigon, M, shiny","|poke|p2|Hoopa-Unbound","|poke|p2|Bisharp, F, shiny","|poke|p2|Mandibuzz, F, shiny","|rule|Sleep Clause Mod: Limit one foe put to sleep","|rule|Species Clause: Limit one of each Pokémon","|rule|OHKO Clause: OHKO moves are banned","|rule|Moody Clause: Moody is banned","|rule|Evasion Moves Clause: Evasion moves are banned","|rule|Endless Battle Clause: Forcing endless battles is banned","|rule|HP Percentage Mod: HP is shown in percentages","|teampreview","|","|start","|switch|p1a: Ditto|Ditto, shiny|300/300","|switch|p2a: Loki|Sableye, F|304/304","|-transform|p1a: Ditto|p2a: Loki","|turn|1","|","|switch|p1a: Chansey|Chansey, F|703/703","|detailschange|p2a: Loki|Sableye-Mega, F","|-mega|p2a: Loki|Sableye|Sablenite","|move|p2a: Loki|Will-O-Wisp|p1a: Chansey","|-status|p1a: Chansey|brn","|","|-damage|p1a: Chansey|616/703 brn|[from] brn","|turn|2","|","|move|p1a: Chansey|Wish|p1a: Chansey","|move|p2a: Loki|Calm Mind|p2a: Loki","|-boost|p2a: Loki|spa|1","|-boost|p2a: Loki|spd|1","|","|-damage|p1a: Chansey|529/703 brn|[from] brn","|turn|3","|","|move|p1a: Chansey|Heal Bell|p1a: Chansey","|-cureteam|p1a: Chansey|[from] move: HealBell","|move|p2a: Loki|Calm Mind|p2a: Loki","|-boost|p2a: Loki|spa|1","|-boost|p2a: Loki|spd|1","|","|-heal|p1a: Chansey|703/703|[from] move: Wish|[wisher] Chansey","|turn|4","|","|switch|p1a: Ditto|Ditto, shiny|300/300","|-transform|p1a: Ditto|p2a: Loki","|move|p2a: Loki|Calm Mind|p2a: Loki","|-boost|p2a: Loki|spa|1","|-boost|p2a: Loki|spd|1","|","|turn|5","|","|move|p1a: Ditto|Dark Pulse|p2a: Loki","|-damage|p2a: Loki|246/304","|move|p2a: Loki|Dark Pulse|p1a: Ditto","|-damage|p1a: Ditto|206/300","|","|turn|6","|","|move|p1a: Ditto|Dark Pulse|p2a: Loki","|-damage|p2a: Loki|191/304","|cant|p2a: Loki|flinch","|","|turn|7","|","|move|p1a: Ditto|Dark Pulse|p2a: Loki","|-damage|p2a: Loki|130/304","|move|p2a: Loki|Recover|p2a: Loki","|-heal|p2a: Loki|282/304","|","|turn|8","|","|move|p1a: Ditto|Dark Pulse|p2a: Loki","|-damage|p2a: Loki|222/304","|move|p2a: Loki|Dark Pulse|p1a: Ditto","|-damage|p1a: Ditto|110/300","|","|turn|9","|","|switch|p1a: Chansey|Chansey, F|703/703","|move|p2a: Loki|Recover|p2a: Loki","|-heal|p2a: Loki|304/304","|","|turn|10","|","|move|p1a: Chansey|Wish|p1a: Chansey","|move|p2a: Loki|Calm Mind|p2a: Loki","|-boost|p2a: Loki|spa|1","|-boost|p2a: Loki|spd|1","|","|turn|11","|","|switch|p1a: Blissey|Blissey, F, shiny|714/714","|move|p2a: Loki|Dark Pulse|p1a: Blissey","|-damage|p1a: Blissey|624/714","|","|-heal|p1a: Blissey|714/714|[from] move: Wish|[wisher] Chansey","|turn|12","|","|move|p1a: Blissey|Rock Tomb|p2a: Loki|[miss]","|-miss|p1a: Blissey|p2a: Loki","|move|p2a: Loki|Calm Mind|p2a: Loki","|-boost|p2a: Loki|spa|1","|-boost|p2a: Loki|spd|1","|","|turn|13","|","|move|p1a: Blissey|Rock Tomb|p2a: Loki","|-damage|p2a: Loki|296/304","|-unboost|p2a: Loki|spe|1","|move|p2a: Loki|Calm Mind|p2a: Loki","|-boost|p2a: Loki|spa|1","|-boost|p2a: Loki|spd|1","|","|turn|14","|","|move|p1a: Blissey|Water Pulse|p2a: Loki","|-damage|p2a: Loki|288/304","|move|p2a: Loki|Will-O-Wisp|p1a: Blissey","|-status|p1a: Blissey|brn","|","|-damage|p1a: Blissey|625/714 brn|[from] brn","|turn|15","|","|move|p1a: Blissey|Water Pulse|p2a: Loki","|-damage|p2a: Loki|280/304","|move|p2a: Loki|Dark Pulse|p1a: Blissey","|-crit|p1a: Blissey","|-damage|p1a: Blissey|426/714 brn","|","|-damage|p1a: Blissey|337/714 brn|[from] brn","|turn|16","|","|move|p1a: Blissey|Water Pulse|p2a: Loki","|-damage|p2a: Loki|271/304","|move|p2a: Loki|Dark Pulse|p1a: Blissey","|-damage|p1a: Blissey|205/714 brn","|","|-damage|p1a: Blissey|116/714 brn|[from] brn","|turn|17","|","|switch|p1a: Chansey|Chansey, F|703/703","|move|p2a: Loki|Dark Pulse|p1a: Chansey","|-damage|p1a: Chansey|499/703","|","|turn|18","|","|move|p1a: Chansey|Wish|p1a: Chansey","|move|p2a: Loki|Dark Pulse|p1a: Chansey","|-damage|p1a: Chansey|295/703","|","|turn|19","|","|move|p1a: Chansey|Protect|p1a: Chansey","|-singleturn|p1a: Chansey|Protect","|move|p2a: Loki|Will-O-Wisp|p1a: Chansey","|-activate|p1a: Chansey|Protect","|","|-heal|p1a: Chansey|646/703|[from] move: Wish|[wisher] Chansey","|turn|20","|","|switch|p1a: Ditto|Ditto, shiny|110/300","|-transform|p1a: Ditto|p2a: Loki","|move|p2a: Loki|Dark Pulse|p1a: Ditto","|-damage|p1a: Ditto|38/300","|","|turn|21","|","|move|p1a: Ditto|Recover|p1a: Ditto","|-heal|p1a: Ditto|188/300","|move|p2a: Loki|Dark Pulse|p1a: Ditto","|-damage|p1a: Ditto|115/300","|","|turn|22","|","|move|p1a: Ditto|Recover|p1a: Ditto","|-heal|p1a: Ditto|265/300","|move|p2a: Loki|Recover|p2a: Loki","|-heal|p2a: Loki|304/304","|","|turn|23","|","|switch|p1a: Blissey|Blissey, F, shiny|116/714 brn","|move|p2a: Loki|Dark Pulse|p1a: Blissey","|-damage|p1a: Blissey|0 fnt","|faint|p1a: Blissey","|","|","|switch|p1a: Ditto|Ditto, shiny|265/300","|-transform|p1a: Ditto|p2a: Loki","|turn|24","|","|move|p1a: Ditto|Dark Pulse|p2a: Loki","|-damage|p2a: Loki|235/304","|move|p2a: Loki|Dark Pulse|p1a: Ditto","|-damage|p1a: Ditto|186/300","|","|turn|25","|","|move|p1a: Ditto|Dark Pulse|p2a: Loki","|-damage|p2a: Loki|159/304","|cant|p2a: Loki|flinch","|","|turn|26","|","|move|p1a: Ditto|Dark Pulse|p2a: Loki","|-damage|p2a: Loki|81/304","|move|p2a: Loki|Recover|p2a: Loki","|-heal|p2a: Loki|233/304","|","|turn|27","|","|move|p1a: Ditto|Dark Pulse|p2a: Loki","|-damage|p2a: Loki|158/304","|move|p2a: Loki|Recover|p2a: Loki","|-heal|p2a: Loki|304/304","|","|turn|28","|","|move|p1a: Ditto|Dark Pulse|p2a: Loki","|-damage|p2a: Loki|231/304","|move|p2a: Loki|Dark Pulse|p1a: Ditto","|-damage|p1a: Ditto|108/300","|","|turn|29","|","|switch|p1a: Chansey|Chansey, F|646/703","|move|p2a: Loki|Will-O-Wisp|p1a: Chansey","|-status|p1a: Chansey|brn","|","|-damage|p1a: Chansey|559/703 brn|[from] brn","|turn|30","|","|move|p1a: Chansey|Wish|p1a: Chansey","|move|p2a: Loki|Dark Pulse|p1a: Chansey","|-damage|p1a: Chansey|366/703 brn","|","|-damage|p1a: Chansey|279/703 brn|[from] brn","|turn|31","|","|move|p1a: Chansey|Heal Bell|p1a: Chansey","|-cureteam|p1a: Chansey|[from] move: HealBell","|move|p2a: Loki|Dark Pulse|p1a: Chansey","|-damage|p1a: Chansey|75/703","|","|-heal|p1a: Chansey|426/703|[from] move: Wish|[wisher] Chansey","|turn|32","|","|move|p1a: Chansey|Wish|p1a: Chansey","|move|p2a: Loki|Dark Pulse|p1a: Chansey","|-damage|p1a: Chansey|237/703","|","|turn|33","|","|move|p1a: Chansey|Protect|p1a: Chansey","|-singleturn|p1a: Chansey|Protect","|move|p2a: Loki|Calm Mind|p2a: Loki","|-fail|p2a: Loki","|","|-heal|p1a: Chansey|588/703|[from] move: Wish|[wisher] Chansey","|turn|34","|","|switch|p1a: Ditto|Ditto, shiny|108/300","|-transform|p1a: Ditto|p2a: Loki","|move|p2a: Loki|Will-O-Wisp|p1a: Ditto","|move|p1a: Ditto|Will-O-Wisp|p2a: Loki|[from]Magic Bounce","|-status|p2a: Loki|brn","|","|-damage|p2a: Loki|193/304 brn|[from] brn","|turn|35","|","|move|p1a: Ditto|Recover|p1a: Ditto","|-heal|p1a: Ditto|258/300","|move|p2a: Loki|Dark Pulse|p1a: Ditto","|-damage|p1a: Ditto|183/300","|","|-damage|p2a: Loki|155/304 brn|[from] brn","|turn|36","|","|switch|p2a: Sharknado|Sharpedo, F, shiny|343/343","|move|p1a: Ditto|Recover|p1a: Ditto","|-heal|p1a: Ditto|300/300","|","|turn|37","|","|switch|p1a: Staravia|Staravia, M, shiny|314/314","|-ability|p1a: Staravia|Intimidate","|-unboost|p2a: Sharknado|atk|1","|move|p2a: Sharknado|Taunt|p1a: Staravia","|-start|p1a: Staravia|move: Taunt","|","|-boost|p2a: Sharknado|spe|1|[from] ability: Speed Boost","|turn|38","|","|switch|p1a: Staraptor|Staraptor, M, shiny|374/374","|-ability|p1a: Staraptor|Intimidate","|-unboost|p2a: Sharknado|atk|1","|move|p2a: Sharknado|Protect|p2a: Sharknado","|-fail|p2a: Sharknado","|","|-boost|p2a: Sharknado|spe|1|[from] ability: Speed Boost","|turn|39","|","|move|p2a: Sharknado|Protect|p2a: Sharknado","|-singleturn|p2a: Sharknado|Protect","|move|p1a: Staraptor|Brave Bird|p2a: Sharknado","|-activate|p2a: Sharknado|Protect","|","|-boost|p2a: Sharknado|spe|1|[from] ability: Speed Boost","|turn|40","|","|switch|p2a: Pebbles|Mandibuzz, F, shiny|424/424","|move|p1a: Staraptor|Close Combat|p2a: Pebbles","|-damage|p2a: Pebbles|349/424","|-unboost|p1a: Staraptor|def|1","|-unboost|p1a: Staraptor|spd|1","|","|-heal|p2a: Pebbles|375/424|[from] item: Leftovers","|turn|41","|","|move|p1a: Staraptor|Feather Dance|p2a: Pebbles","|-unboost|p2a: Pebbles|atk|2","|move|p2a: Pebbles|Toxic|p1a: Staraptor","|-status|p1a: Staraptor|tox","|","|-heal|p2a: Pebbles|401/424|[from] item: Leftovers","|-damage|p1a: Staraptor|351/374 tox|[from] psn","|turn|42","|","|switch|p1a: Chansey|Chansey, F|588/703","|move|p2a: Pebbles|Foul Play|p1a: Chansey","|-damage|p1a: Chansey|557/703","|","|-heal|p2a: Pebbles|424/424|[from] item: Leftovers","|turn|43","|","|switch|p2a: Loki|Sableye-Mega, F|155/304 brn","|move|p1a: Chansey|Heal Bell|p1a: Chansey","|-cureteam|p1a: Chansey|[from] move: HealBell","|","|-damage|p2a: Loki|117/304 brn|[from] brn","|turn|44","|","|move|p1a: Chansey|Wish|p1a: Chansey","|move|p2a: Loki|Recover|p2a: Loki","|-heal|p2a: Loki|269/304 brn","|","|-damage|p2a: Loki|231/304 brn|[from] brn","|turn|45","|","|switch|p1a: Staraptor|Staraptor, M, shiny|351/374","|-ability|p1a: Staraptor|Intimidate","|-unboost|p2a: Loki|atk|1","|move|p2a: Loki|Calm Mind|p2a: Loki","|-boost|p2a: Loki|spa|1","|-boost|p2a: Loki|spd|1","|","|-heal|p1a: Staraptor|374/374|[from] move: Wish|[wisher] Chansey","|-damage|p2a: Loki|193/304 brn|[from] brn","|turn|46","|","|move|p1a: Staraptor|Brave Bird|p2a: Loki","|-damage|p2a: Loki|97/304 brn","|-damage|p1a: Staraptor|342/374|[from] recoil|[of] p2a: Loki","|move|p2a: Loki|Will-O-Wisp|p1a: Staraptor|[miss]","|-miss|p2a: Loki|p1a: Staraptor","|","|-damage|p2a: Loki|59/304 brn|[from] brn","|turn|47","|","|move|p1a: Staraptor|Brave Bird|p2a: Loki","|-damage|p2a: Loki|0 fnt","|-damage|p1a: Staraptor|323/374|[from] recoil|[of] p2a: Loki","|faint|p2a: Loki","|","|","|switch|p2a: Bishop|Bisharp, F, shiny|271/271","|turn|48","|","|switch|p2a: Pebbles|Mandibuzz, F, shiny|424/424","|move|p1a: Staraptor|Feather Dance|p2a: Pebbles","|-unboost|p2a: Pebbles|atk|2","|","|turn|49","|","|move|p1a: Staraptor|Brave Bird|p2a: Pebbles","|-damage|p2a: Pebbles|307/424","|-damage|p1a: Staraptor|284/374|[from] recoil|[of] p2a: Pebbles","|move|p2a: Pebbles|Toxic|p1a: Staraptor|[miss]","|-miss|p2a: Pebbles|p1a: Staraptor","|","|-heal|p2a: Pebbles|333/424|[from] item: Leftovers","|turn|50","|","|switch|p1a: Chansey|Chansey, F|557/703","|move|p2a: Pebbles|Toxic|p1a: Chansey","|-status|p1a: Chansey|tox","|","|-heal|p2a: Pebbles|359/424|[from] item: Leftovers","|-damage|p1a: Chansey|514/703 tox|[from] psn","|turn|51","|","|switch|p2a: Sharknado|Sharpedo, F, shiny|343/343","|move|p1a: Chansey|Wish|p1a: Chansey","|","|-damage|p1a: Chansey|428/703 tox|[from] psn","|turn|52","|","|switch|p1a: Staraptor|Staraptor, M, shiny|284/374","|-ability|p1a: Staraptor|Intimidate","|-unboost|p2a: Sharknado|atk|1","|move|p2a: Sharknado|Taunt|p1a: Staraptor","|-start|p1a: Staraptor|move: Taunt","|","|-heal|p1a: Staraptor|374/374|[from] move: Wish|[wisher] Chansey","|-boost|p2a: Sharknado|spe|1|[from] ability: Speed Boost","|turn|53","|","|move|p2a: Sharknado|Protect|p2a: Sharknado","|-singleturn|p2a: Sharknado|Protect","|move|p1a: Staraptor|Close Combat|p2a: Sharknado","|-activate|p2a: Sharknado|Protect","|","|-boost|p2a: Sharknado|spe|1|[from] ability: Speed Boost","|turn|54","|","|switch|p2a: Pebbles|Mandibuzz, F, shiny|359/424","|move|p1a: Staraptor|Close Combat|p2a: Pebbles","|-damage|p2a: Pebbles|276/424","|-unboost|p1a: Staraptor|def|1","|-unboost|p1a: Staraptor|spd|1","|","|-heal|p2a: Pebbles|302/424|[from] item: Leftovers","|-end|p1a: Staraptor|move: Taunt","|turn|55","|","|switch|p1a: Porygon2|Porygon2, shiny|373/373","|-boost|p1a: Porygon2|spa|1|[from] ability: Download","|move|p2a: Pebbles|Roost|p2a: Pebbles","|-heal|p2a: Pebbles|424/424","|","|turn|56","|","|switch|p2a: Exodia|Hoopa-Unbound|363/363","|move|p1a: Porygon2|Thunder Wave|p2a: Exodia","|-status|p2a: Exodia|par","|","|turn|57","|","|move|p1a: Porygon2|Tri Attack|p2a: Exodia","|-damage|p2a: Exodia|249/363 par","|move|p2a: Exodia|Hyperspace Fury|p1a: Porygon2","|-damage|p1a: Porygon2|279/373","|-unboost|p2a: Exodia|def|1","|","|turn|58","|","|switch|p2a: Bishop|Bisharp, F, shiny|271/271","|move|p1a: Porygon2|Tri Attack|p2a: Bishop","|-resisted|p2a: Bishop","|-damage|p2a: Bishop|165/271","|","|turn|59","|","|move|p2a: Bishop|Knock Off|p1a: Porygon2","|-damage|p1a: Porygon2|169/373","|-enditem|p1a: Porygon2|Eviolite|[from] move: Knock Off|[of] p2a: Bishop","|-damage|p2a: Bishop|138/271|[from] item: Life Orb","|move|p1a: Porygon2|Thunder Wave|p2a: Bishop","|-status|p2a: Bishop|par","|","|turn|60","|","|move|p1a: Porygon2|Recover|p1a: Porygon2","|-heal|p1a: Porygon2|356/373","|move|p2a: Bishop|Swords Dance|p2a: Bishop","|-boost|p2a: Bishop|atk|2","|","|turn|61","|","|move|p1a: Porygon2|Tri Attack|p2a: Bishop","|-resisted|p2a: Bishop","|-damage|p2a: Bishop|47/271 par","|move|p2a: Bishop|Iron Head|p1a: Porygon2","|-damage|p1a: Porygon2|58/373","|-damage|p2a: Bishop|20/271 par|[from] item: Life Orb","|","|turn|62","|","|switch|p1a: Ditto|Ditto, shiny|300/300","|-transform|p1a: Ditto|p2a: Bishop","|move|p2a: Bishop|Sucker Punch|p1a: Ditto","|-fail|p2a: Bishop","|","|turn|63","|","|move|p1a: Ditto|Sucker Punch|p2a: Bishop","|-fail|p1a: Ditto","|move|p2a: Bishop|Swords Dance|p2a: Bishop","|-boost|p2a: Bishop|atk|2","|","|turn|64","|","|switch|p1a: Staravia|Staravia, M, shiny|314/314","|-ability|p1a: Staravia|Intimidate","|-unboost|p2a: Bishop|atk|1","|-boost|p2a: Bishop|atk|2|[from] ability: Defiant","|move|p2a: Bishop|Swords Dance|p2a: Bishop","|-boost|p2a: Bishop|atk|2","|","|turn|65","|","|move|p2a: Bishop|Sucker Punch|p1a: Staravia","|-damage|p1a: Staravia|0 fnt","|-damage|p2a: Bishop|0 fnt|[from] item: Life Orb","|faint|p1a: Staravia","|faint|p2a: Bishop","|","|","|switch|p1a: Ditto|Ditto, shiny|300/300","|switch|p2a: Exodia|Hoopa-Unbound|249/363 par","|-transform|p1a: Ditto|p2a: Exodia","|turn|66","|","|move|p1a: Ditto|Fire Punch|p2a: Exodia","|-crit|p2a: Exodia","|-damage|p2a: Exodia|13/363 par","|move|p2a: Exodia|Hyperspace Fury|p1a: Ditto","|-damage|p1a: Ditto|0 fnt","|-unboost|p2a: Exodia|def|1","|faint|p1a: Ditto","|","|","|switch|p1a: Porygon2|Porygon2, shiny|58/373","|-boost|p1a: Porygon2|atk|1|[from] ability: Download","|turn|67","|","|move|p1a: Porygon2|Tri Attack|p2a: Exodia","|-damage|p2a: Exodia|0 fnt","|faint|p2a: Exodia","|","|","|switch|p2a: Sharknado|Sharpedo, F, shiny|343/343","|turn|68","|","|move|p2a: Sharknado|Protect|p2a: Sharknado","|-singleturn|p2a: Sharknado|Protect","|move|p1a: Porygon2|Recover|p1a: Porygon2","|-heal|p1a: Porygon2|245/373","|","|-boost|p2a: Sharknado|spe|1|[from] ability: Speed Boost","|turn|69","|","|switch|p2a: Pebbles|Mandibuzz, F, shiny|424/424","|move|p1a: Porygon2|Thunder Wave|p2a: Pebbles","|-status|p2a: Pebbles|par","|","|turn|70","|","|switch|p1a: Chansey|Chansey, F|428/703","|move|p2a: Pebbles|Toxic|p1a: Chansey","|-status|p1a: Chansey|tox","|","|-damage|p1a: Chansey|385/703 tox|[from] psn","|turn|71","|","|switch|p2a: Sharknado|Sharpedo, F, shiny|343/343","|move|p1a: Chansey|Wish|p1a: Chansey","|","|-damage|p1a: Chansey|299/703 tox|[from] psn","|turn|72","|","|move|p1a: Chansey|Protect|p1a: Chansey","|-singleturn|p1a: Chansey|Protect","|move|p2a: Sharknado|Taunt|p1a: Chansey","|-activate|p1a: Chansey|Protect","|","|-heal|p1a: Chansey|650/703 tox|[from] move: Wish|[wisher] Chansey","|-damage|p1a: Chansey|521/703 tox|[from] psn","|-boost|p2a: Sharknado|spe|1|[from] ability: Speed Boost","|turn|73","|","|switch|p1a: Staraptor|Staraptor, M, shiny|374/374","|-ability|p1a: Staraptor|Intimidate","|-unboost|p2a: Sharknado|atk|1","|move|p2a: Sharknado|Taunt|p1a: Staraptor","|-start|p1a: Staraptor|move: Taunt","|","|-boost|p2a: Sharknado|spe|1|[from] ability: Speed Boost","|turn|74","|","|move|p2a: Sharknado|Protect|p2a: Sharknado","|-singleturn|p2a: Sharknado|Protect","|move|p1a: Staraptor|Brave Bird|p2a: Sharknado","|-activate|p2a: Sharknado|Protect","|","|-boost|p2a: Sharknado|spe|1|[from] ability: Speed Boost","|turn|75","|","|switch|p2a: Pebbles|Mandibuzz, F, shiny|424/424 par","|move|p1a: Staraptor|Close Combat|p2a: Pebbles","|-damage|p2a: Pebbles|348/424 par","|-unboost|p1a: Staraptor|def|1","|-unboost|p1a: Staraptor|spd|1","|","|-heal|p2a: Pebbles|374/424 par|[from] item: Leftovers","|-end|p1a: Staraptor|move: Taunt","|turn|76","|","|switch|p1a: Porygon2|Porygon2, shiny|245/373","|-boost|p1a: Porygon2|spa|1|[from] ability: Download","|cant|p2a: Pebbles|par","|","|-heal|p2a: Pebbles|400/424 par|[from] item: Leftovers","|turn|77","|","|move|p1a: Porygon2|Tri Attack|p2a: Pebbles","|-damage|p2a: Pebbles|244/424 par","|move|p2a: Pebbles|Toxic|p1a: Porygon2","|-status|p1a: Porygon2|tox","|","|-heal|p2a: Pebbles|270/424 par|[from] item: Leftovers","|-damage|p1a: Porygon2|222/373 tox|[from] psn","|turn|78","|","|move|p1a: Porygon2|Tri Attack|p2a: Pebbles","|-damage|p2a: Pebbles|113/424 par","|move|p2a: Pebbles|Foul Play|p1a: Porygon2","|-damage|p1a: Porygon2|143/373 tox","|","|-heal|p2a: Pebbles|139/424 par|[from] item: Leftovers","|-damage|p1a: Porygon2|97/373 tox|[from] psn","|turn|79","|","|move|p1a: Porygon2|Recover|p1a: Porygon2","|-heal|p1a: Porygon2|284/373 tox","|move|p2a: Pebbles|Foul Play|p1a: Porygon2","|-damage|p1a: Porygon2|212/373 tox","|","|-heal|p2a: Pebbles|165/424 par|[from] item: Leftovers","|-damage|p1a: Porygon2|143/373 tox|[from] psn","|turn|80","|","|move|p1a: Porygon2|Tri Attack|p2a: Pebbles","|-damage|p2a: Pebbles|3/424 par","|move|p2a: Pebbles|Foul Play|p1a: Porygon2","|-crit|p1a: Porygon2","|-damage|p1a: Porygon2|34/373 tox","|","|-heal|p2a: Pebbles|29/424 par|[from] item: Leftovers","|-damage|p1a: Porygon2|0 fnt|[from] psn","|faint|p1a: Porygon2","|","|switch|p1a: Staraptor|Staraptor, M, shiny|374/374","|-ability|p1a: Staraptor|Intimidate","|-unboost|p2a: Pebbles|atk|1","|turn|81","|","|move|p1a: Staraptor|Brave Bird|p2a: Pebbles","|-damage|p2a: Pebbles|0 fnt","|-damage|p1a: Staraptor|364/374|[from] recoil|[of] p2a: Pebbles","|faint|p2a: Pebbles","|","|","|switch|p2a: I'm Slow|Hydreigon, M, shiny|325/325","|turn|82","|","|switch|p1a: Chansey|Chansey, F|521/703","|move|p2a: I'm Slow|Draco Meteor|p1a: Chansey","|-damage|p1a: Chansey|385/703","|-unboost|p2a: I'm Slow|spa|2","|","|turn|83","|","|switch|p2a: Sharknado|Sharpedo, F, shiny|343/343","|move|p1a: Chansey|Wish|p1a: Chansey","|","|turn|84","|","|move|p1a: Chansey|Protect|p1a: Chansey","|-singleturn|p1a: Chansey|Protect","|move|p2a: Sharknado|Taunt|p1a: Chansey","|-activate|p1a: Chansey|Protect","|","|-heal|p1a: Chansey|703/703|[from] move: Wish|[wisher] Chansey","|-boost|p2a: Sharknado|spe|1|[from] ability: Speed Boost","|turn|85","|","|move|p2a: Sharknado|Waterfall|p1a: Chansey","|-damage|p1a: Chansey|519/703","|move|p1a: Chansey|Wish|p1a: Chansey","|","|-boost|p2a: Sharknado|spe|1|[from] ability: Speed Boost","|turn|86","|","|move|p2a: Sharknado|Taunt|p1a: Chansey","|-start|p1a: Chansey|move: Taunt","|move|p1a: Chansey|Counter|p2a: Sharknado","|-fail|p2a: Sharknado","|","|-heal|p1a: Chansey|703/703|[from] move: Wish|[wisher] Chansey","|-boost|p2a: Sharknado|spe|1|[from] ability: Speed Boost","|turn|87","|","|switch|p2a: I'm Slow|Hydreigon, M, shiny|325/325","|move|p1a: Chansey|Counter|p2a: I'm Slow","|-fail|p2a: I'm Slow","|","|turn|88","|","|move|p2a: I'm Slow|Dark Pulse|p1a: Chansey","|-damage|p1a: Chansey|618/703","|move|p1a: Chansey|Counter|p2a: I'm Slow","|-fail|p2a: I'm Slow","|","|-end|p1a: Chansey|move: Taunt","|turn|89","|","|move|p2a: I'm Slow|Dark Pulse|p1a: Chansey","|-damage|p1a: Chansey|533/703","|move|p1a: Chansey|Wish|p1a: Chansey","|","|turn|90","|","|switch|p1a: Staraptor|Staraptor, M, shiny|364/374","|-ability|p1a: Staraptor|Intimidate","|-unboost|p2a: I'm Slow|atk|1","|move|p2a: I'm Slow|Dark Pulse|p1a: Staraptor","|-damage|p1a: Staraptor|142/374","|-enditem|p1a: Staraptor|Sitrus Berry|[eat]","|-heal|p1a: Staraptor|235/374|[from] item: Sitrus Berry","|","|-heal|p1a: Staraptor|374/374|[from] move: Wish|[wisher] Chansey","|turn|91","|","|switch|p2a: Sharknado|Sharpedo, F, shiny|343/343","|move|p1a: Staraptor|Close Combat|p2a: Sharknado","|-supereffective|p2a: Sharknado","|-enditem|p2a: Sharknado|Focus Sash","|-damage|p2a: Sharknado|1/343","|-unboost|p1a: Staraptor|def|1","|-unboost|p1a: Staraptor|spd|1","|","|turn|92","|","|move|p2a: Sharknado|Protect|p2a: Sharknado","|-singleturn|p2a: Sharknado|Protect","|move|p1a: Staraptor|Brave Bird|p2a: Sharknado","|-activate|p2a: Sharknado|Protect","|","|-boost|p2a: Sharknado|spe|1|[from] ability: Speed Boost","|turn|93","|","|switch|p1a: Chansey|Chansey, F|533/703","|move|p2a: Sharknado|Destiny Bond|p2a: Sharknado","|-singlemove|p2a: Sharknado|Destiny Bond","|","|-boost|p2a: Sharknado|spe|1|[from] ability: Speed Boost","|turn|94","|","|move|p2a: Sharknado|Taunt|p1a: Chansey","|-start|p1a: Chansey|move: Taunt","|cant|p1a: Chansey|move: Taunt|Wish","|","|-boost|p2a: Sharknado|spe|1|[from] ability: Speed Boost","|turn|95","|","|move|p2a: Sharknado|Protect|p2a: Sharknado","|-singleturn|p2a: Sharknado|Protect","|move|p1a: Chansey|Counter|p2a: Sharknado","|-activate|p2a: Sharknado|Protect","|","|-boost|p2a: Sharknado|spe|1|[from] ability: Speed Boost","|turn|96","|","|move|p2a: Sharknado|Destiny Bond|p2a: Sharknado","|-singlemove|p2a: Sharknado|Destiny Bond","|move|p1a: Chansey|Counter|p2a: Sharknado","|-fail|p2a: Sharknado","|","|-end|p1a: Chansey|move: Taunt","|-boost|p2a: Sharknado|spe|1|[from] ability: Speed Boost","|turn|97","|","|move|p2a: Sharknado|Taunt|p1a: Chansey","|-start|p1a: Chansey|move: Taunt","|move|p1a: Chansey|Counter|p2a: Sharknado","|-fail|p2a: Sharknado","|","|-boost|p2a: Sharknado|spe|1|[from] ability: Speed Boost","|turn|98","|","|move|p2a: Sharknado|Taunt|p1a: Chansey","|-fail|p1a: Chansey","|move|p1a: Chansey|Counter|p2a: Sharknado","|-fail|p2a: Sharknado","|","|turn|99","|","|move|p2a: Sharknado|Taunt|p1a: Chansey","|-fail|p1a: Chansey","|move|p1a: Chansey|Counter|p2a: Sharknado","|-fail|p2a: Sharknado","|","|-end|p1a: Chansey|move: Taunt","|turn|100","|","|switch|p1a: Staraptor|Staraptor, M, shiny|374/374","|-ability|p1a: Staraptor|Intimidate","|-unboost|p2a: Sharknado|atk|1","|move|p2a: Sharknado|Taunt|p1a: Staraptor","|-start|p1a: Staraptor|move: Taunt","|","|turn|101","|","|move|p2a: Sharknado|Destiny Bond|p2a: Sharknado","|-singlemove|p2a: Sharknado|Destiny Bond","|move|p1a: Staraptor|Close Combat|p2a: Sharknado","|-supereffective|p2a: Sharknado","|-damage|p2a: Sharknado|0 fnt","|-unboost|p1a: Staraptor|def|1","|-unboost|p1a: Staraptor|spd|1","|faint|p2a: Sharknado","|-activate|p2a: Sharknado|Destiny Bond","|faint|p1a: Staraptor","|","|","|switch|p2a: I'm Slow|Hydreigon, M, shiny|325/325","|switch|p1a: Chansey|Chansey, F|533/703","|turn|102","|","|move|p2a: I'm Slow|Flamethrower|p1a: Chansey","|-damage|p1a: Chansey|470/703","|move|p1a: Chansey|Counter|p2a: I'm Slow","|-fail|p2a: I'm Slow","|","|turn|103","|","|move|p1a: Chansey|Protect|p1a: Chansey","|-singleturn|p1a: Chansey|Protect","|move|p2a: I'm Slow|Flamethrower|p1a: Chansey","|-activate|p1a: Chansey|Protect","|","|turn|104","|","|win|Emg Prof Gen3rox"],"p1rating":{"entryid":"5846197","serverid":"eos","formatid":"monotype","userid":"crystlsabo","username":"Crystl Sabo","w":"51","l":45,"t":"0","gxe":54,"r":"1535.6692364936","rd":"43.38905089569","sigma":"0","rptime":"1438419600","rpr":1530.2372775047,"rprd":42.50412503097,"rpsigma":"0","acre":1068.7051982683,"lacre":1068.7051982683,"oldacre":"1093.4605550956"},"p2rating":{"entryid":"7255205","serverid":"eos","formatid":"monotype","userid":"emgprofgen3rox","username":"Emg Prof Gen3rox","w":3,"l":"1","t":"0","gxe":60.9,"r":"1577.761329877","rd":"116.25714916092","sigma":"0","rptime":"1438419600","rpr":1586.9851673258,"rprd":106.15008892842,"rpsigma":"0","acre":1111.2313755561,"lacre":1111.2313755561,"oldacre":"1082.807034229"},"endType":"forfeit"}