{"seed":[59722,5400,59172,38533],"turns":23,"p1":"Traine✘ Redbraze","p2":"Alliance-C-Control","p1team":[{"name":"Breloom","species":"Breloom","item":"lifeorb","ability":"Technician","moves":["bulletseed","machpunch","spore","rocktomb"],"nature":"Jolly","evs":{"hp":0,"atk":252,"def":0,"spa":0,"spd":4,"spe":252},"ivs":{"hp":31,"atk":31,"def":31,"spa":31,"spd":31,"spe":31}},{"name":"Conkeldurr","species":"Conkeldurr","item":"assaultvest","ability":"Iron Fist","moves":["drainpunch","machpunch","knockoff","icepunch"],"nature":"Adamant","evs":{"hp":248,"atk":252,"def":0,"spa":0,"spd":8,"spe":0},"ivs":{"hp":31,"atk":31,"def":31,"spa":31,"spd":31,"spe":31}},{"name":"Keldeo-Resolute","species":"Keldeo-Resolute","item":"","ability":"Justified","moves":["hydropump","hiddenpowerice","secretsword","focusblast"],"nature":"Timid","evs":{"hp":0,"atk":0,"def":0,"spa":252,"spd":4,"spe":252},"ivs":{"hp":31,"atk":30,"def":30,"spa":31,"spd":31,"spe":31}},{"name":"Infernape","species":"Infernape","item":"focussash","ability":"Blaze","moves":["stealthrock","endeavor","overheat","focusblast"],"nature":"Timid","evs":{"hp":0,"atk":0,"def":0,"spa":252,"spd":4,"spe":252},"ivs":{"hp":31,"atk":31,"def":31,"spa":31,"spd":31,"spe":31}},{"name":"Medicham","species":"Medicham","item":"medichamite","ability":"Pure Power","moves":["fakeout","highjumpkick","icepunch","zenheadbutt"],"nature":"Jolly","evs":{"hp":0,"atk":252,"def":0,"spa":0,"spd":4,"spe":252},"ivs":{"hp":31,"atk":31,"def":31,"spa":31,"spd":31,"spe":31}},{"name":"Lucario","species":"Lucario","item":"choiceband","ability":"Justified","moves":["bulletpunch","closecombat","earthquake","extremespeed"],"nature":"Jolly","evs":{"hp":0,"atk":252,"def":0,"spa":0,"spd":4,"spe":252},"ivs":{"hp":31,"atk":31,"def":31,"spa":31,"spd":31,"spe":31}}],"p2team":[{"name":"Emolga","species":"Emolga","item":"sitrusberry","ability":"Motor Drive","moves":["acrobatics","tailwind","uturn","roost"],"nature":"Adamant","evs":{"hp":0,"atk":252,"def":0,"spa":0,"spd":4,"spe":252},"ivs":{"hp":31,"atk":31,"def":31,"spa":31,"spd":31,"spe":31}},{"name":"Magnezone","species":"Magnezone","item":"choicescarf","ability":"Sturdy","moves":["flashcannon","hiddenpowerice","triattack","voltswitch"],"nature":"Timid","evs":{"hp":4,"atk":0,"def":0,"spa":252,"spd":0,"spe":252},"ivs":{"hp":31,"atk":30,"def":30,"spa":31,"spd":31,"spe":31}},{"name":"Thundurus","species":"Thundurus","item":"leftovers","ability":"Prankster","moves":["psychic","thunderwave","superpower","thunderbolt"],"nature":"Hasty","evs":{"hp":0,"atk":4,"def":0,"spa":252,"spd":0,"spe":252},"ivs":{"hp":31,"atk":31,"def":31,"spa":31,"spd":31,"spe":31}},{"name":"Zapdos","species":"Zapdos","item":"rockyhelmet","ability":"Pressure","moves":["heatwave","defog","voltswitch","roost"],"nature":"Modest","evs":{"hp":248,"atk":0,"def":0,"spa":252,"spd":8,"spe":0},"ivs":{"hp":31,"atk":31,"def":31,"spa":31,"spd":31,"spe":31}},{"name":"Ampharos","species":"Ampharos","item":"ampharosite","ability":"Static","moves":["dragonpulse","powergem","thunderbolt","focusblast"],"nature":"Modest","evs":{"hp":248,"atk":0,"def":252,"spa":8,"spd":0,"spe":0},"ivs":{"hp":31,"atk":31,"def":31,"spa":31,"spd":31,"spe":31}},{"name":"Rotom-Wash","species":"Rotom-Wash","item":"leftovers","ability":"Levitate","moves":["hydropump","willowisp","snatch","voltswitch"],"nature":"Bold","evs":{"hp":252,"atk":0,"def":248,"spa":0,"spd":0,"spe":0},"ivs":{"hp":31,"atk":31,"def":31,"spa":31,"spd":31,"spe":31}}],"log":["|player|p1|Traine✘ Redbraze|148","|player|p2|Alliance-C-Control|190","|gametype|singles","|gen|6","|tier|Monotype","|rated","|rule|Baton Pass Clause: Limit one Baton Passer, can't pass Spe and other stats simultaneously","|rule|Swagger Clause: Swagger is banned","|rule|Same Type Clause: Pokémon in a team must share a type","|clearpoke","|poke|p1|Breloom, M","|poke|p1|Conkeldurr, M","|poke|p1|Keldeo-Resolute","|poke|p1|Infernape, M","|poke|p1|Medicham, M","|poke|p1|Lucario, M","|poke|p2|Emolga, M","|poke|p2|Magnezone","|poke|p2|Thundurus, M","|poke|p2|Zapdos","|poke|p2|Ampharos, F","|poke|p2|Rotom-Wash","|rule|Sleep Clause Mod: Limit one foe put to sleep","|rule|Species Clause: Limit one of each Pokémon","|rule|OHKO Clause: OHKO moves are banned","|rule|Moody Clause: Moody is banned","|rule|Evasion Moves Clause: Evasion moves are banned","|rule|Endless Battle Clause: Forcing endless battles is banned","|rule|HP Percentage Mod: HP is shown in percentages","|teampreview","|","|start","|switch|p1a: Infernape|Infernape, M|293/293","|switch|p2a: Rotom-Wash|Rotom-Wash|304/304","|turn|1","|","|move|p2a: Rotom-Wash|Snatch|p2a: Rotom-Wash","|-singleturn|p2a: Rotom-Wash|Snatch","|move|p1a: Infernape|Stealth Rock|p2a: Rotom-Wash","|-sidestart|p2: Alliance-C-Control|move: Stealth Rock","|","|turn|2","|","|switch|p1a: Breloom|Breloom, M|261/261","|move|p2a: Rotom-Wash|Hydro Pump|p1a: Breloom|[miss]","|-miss|p2a: Rotom-Wash|p1a: Breloom","|","|turn|3","|","|move|p1a: Breloom|Spore|p2a: Rotom-Wash","|-status|p2a: Rotom-Wash|slp","|cant|p2a: Rotom-Wash|slp","|","|turn|4","|","|switch|p2a: Thundurus|Thundurus, M|299/299","|-damage|p2a: Thundurus|225/299|[from] Stealth Rock","|move|p1a: Breloom|Bullet Seed|p2a: Thundurus","|-resisted|p2a: Thundurus","|-damage|p2a: Thundurus|156/299","|-resisted|p2a: Thundurus","|-damage|p2a: Thundurus|98/299","|-resisted|p2a: Thundurus","|-damage|p2a: Thundurus|32/299","|-hitcount|p2a: Thundurus|3","|-damage|p1a: Breloom|235/261|[from] item: Life Orb","|","|-heal|p2a: Thundurus|50/299|[from] item: Leftovers","|turn|5","|","|move|p2a: Thundurus|Thunder Wave|p1a: Breloom","|-status|p1a: Breloom|par","|move|p1a: Breloom|Mach Punch|p2a: Thundurus","|-resisted|p2a: Thundurus","|-damage|p2a: Thundurus|0 fnt","|-damage|p1a: Breloom|209/261 par|[from] item: Life Orb","|faint|p2a: Thundurus","|","|","|switch|p2a: Emolga|Emolga, M|251/251","|-damage|p2a: Emolga|189/251|[from] Stealth Rock","|turn|6","|","|move|p2a: Emolga|Tailwind|p2a: Emolga","|-sidestart|p2: Alliance-C-Control|move: Tailwind","|cant|p1a: Breloom|par","|","|turn|7","|","|move|p2a: Emolga|Acrobatics|p1a: Breloom","|-supereffective|p1a: Breloom","|-damage|p1a: Breloom|0 fnt","|faint|p1a: Breloom","|","|","|switch|p1a: Conkeldurr|Conkeldurr, M|413/413","|turn|8","|","|move|p2a: Emolga|U-turn|p1a: Conkeldurr","|-resisted|p1a: Conkeldurr","|-damage|p1a: Conkeldurr|382/413","|","|switch|p2a: Rotom-Wash|Rotom-Wash|304/304 slp","|-damage|p2a: Rotom-Wash|266/304 slp|[from] Stealth Rock","|move|p1a: Conkeldurr|Ice Punch|p2a: Rotom-Wash","|-resisted|p2a: Rotom-Wash","|-damage|p2a: Rotom-Wash|224/304 slp","|","|-heal|p2a: Rotom-Wash|243/304 slp|[from] item: Leftovers","|turn|9","|","|cant|p2a: Rotom-Wash|slp","|move|p1a: Conkeldurr|Knock Off|p2a: Rotom-Wash","|-crit|p2a: Rotom-Wash","|-damage|p2a: Rotom-Wash|101/304 slp","|-enditem|p2a: Rotom-Wash|Leftovers|[from] move: Knock Off|[of] p1a: Conkeldurr","|","|-sideend|p2: Alliance-C-Control|move: Tailwind","|turn|10","|","|move|p1a: Conkeldurr|Mach Punch|p2a: Rotom-Wash","|-damage|p2a: Rotom-Wash|29/304 slp","|-curestatus|p2a: Rotom-Wash|slp","|move|p2a: Rotom-Wash|Volt Switch|p1a: Conkeldurr","|-damage|p1a: Conkeldurr|294/413","|","|switch|p2a: Ampharos|Ampharos, F|383/383","|-damage|p2a: Ampharos|336/383|[from] Stealth Rock","|","|turn|11","|","|detailschange|p2a: Ampharos|Ampharos-Mega, F","|-mega|p2a: Ampharos|Ampharos|Ampharosite","|-ability|p2a: Ampharos|Mold Breaker","|move|p2a: Ampharos|Thunderbolt|p1a: Conkeldurr","|-damage|p1a: Conkeldurr|137/413","|move|p1a: Conkeldurr|Drain Punch|p2a: Ampharos","|-damage|p2a: Ampharos|201/383","|-heal|p1a: Conkeldurr|205/413|[from] drain|[of] p2a: Ampharos","|","|turn|12","|","|move|p1a: Conkeldurr|Drain Punch|p2a: Ampharos","|-damage|p2a: Ampharos|59/383","|-heal|p1a: Conkeldurr|276/413|[from] drain|[of] p2a: Ampharos","|move|p2a: Ampharos|Thunderbolt|p1a: Conkeldurr","|-damage|p1a: Conkeldurr|96/413","|","|turn|13","|","|move|p1a: Conkeldurr|Mach Punch|p2a: Ampharos","|-damage|p2a: Ampharos|0 fnt","|faint|p2a: Ampharos","|","|","|switch|p2a: Zapdos|Zapdos|383/383","|-damage|p2a: Zapdos|288/383|[from] Stealth Rock","|-ability|p2a: Zapdos|Pressure","|turn|14","|","|move|p2a: Zapdos|Volt Switch|p1a: Conkeldurr","|-damage|p1a: Conkeldurr|0 fnt","|faint|p1a: Conkeldurr","|","|switch|p2a: Magnezone|Magnezone|282/282","|-damage|p2a: Magnezone|265/282|[from] Stealth Rock","|","|","|switch|p1a: Medicham|Medicham, M|261/261","|turn|15","|","|detailschange|p1a: Medicham|Medicham-Mega, M","|-mega|p1a: Medicham|Medicham|Medichamite","|move|p1a: Medicham|Fake Out|p2a: Magnezone","|-resisted|p2a: Magnezone","|-damage|p2a: Magnezone|227/282","|cant|p2a: Magnezone|flinch","|","|turn|16","|","|move|p2a: Magnezone|Volt Switch|p1a: Medicham","|-damage|p1a: Medicham|122/261","|","|switch|p2a: Rotom-Wash|Rotom-Wash|29/304","|-damage|p2a: Rotom-Wash|0 fnt|[from] Stealth Rock","|faint|p2a: Rotom-Wash","|move|p1a: Medicham|High Jump Kick|p2: Rotom-Wash|[notarget]","|-notarget","|","|","|switch|p2a: Magnezone|Magnezone|227/282","|-damage|p2a: Magnezone|210/282|[from] Stealth Rock","|turn|17","|","|move|p2a: Magnezone|Volt Switch|p1a: Medicham","|-damage|p1a: Medicham|0 fnt","|faint|p1a: Medicham","|","|switch|p2a: Emolga|Emolga, M|189/251","|-damage|p2a: Emolga|127/251|[from] Stealth Rock","|","|","|switch|p1a: Infernape|Infernape, M|293/293","|turn|18","|","|move|p1a: Infernape|Overheat|p2a: Emolga|[miss]","|-miss|p1a: Infernape|p2a: Emolga","|move|p2a: Emolga|U-turn|p1a: Infernape","|-resisted|p1a: Infernape","|-damage|p1a: Infernape|272/293","|","|switch|p2a: Magnezone|Magnezone|210/282","|-damage|p2a: Magnezone|193/282|[from] Stealth Rock","|","|turn|19","|","|move|p2a: Magnezone|Tri Attack|p1a: Infernape","|-damage|p1a: Infernape|146/293","|move|p1a: Infernape|Overheat|p2a: Magnezone","|-crit|p2a: Magnezone","|-supereffective|p2a: Magnezone","|-damage|p2a: Magnezone|0 fnt","|-unboost|p1a: Infernape|spa|2","|faint|p2a: Magnezone","|","|","|switch|p2a: Emolga|Emolga, M|127/251","|-damage|p2a: Emolga|65/251|[from] Stealth Rock","|-enditem|p2a: Emolga|Sitrus Berry|[eat]","|-heal|p2a: Emolga|127/251|[from] item: Sitrus Berry","|turn|20","|","|move|p1a: Infernape|Overheat|p2a: Emolga","|-damage|p2a: Emolga|0 fnt","|-unboost|p1a: Infernape|spa|2","|faint|p2a: Emolga","|","|","|switch|p2a: Zapdos|Zapdos|288/383","|-damage|p2a: Zapdos|193/383|[from] Stealth Rock","|-ability|p2a: Zapdos|Pressure","|turn|21","|","|move|p1a: Infernape|Endeavor|p2a: Zapdos","|-damage|p2a: Zapdos|146/383","|-damage|p1a: Infernape|98/293|[from] item: Rocky Helmet|[of] p2a: Zapdos","|move|p2a: Zapdos|Roost|p2a: Zapdos","|-heal|p2a: Zapdos|338/383","|","|turn|22","|","|move|p1a: Infernape|Endeavor|p2a: Zapdos","|-damage|p2a: Zapdos|98/383","|-damage|p1a: Infernape|50/293|[from] item: Rocky Helmet|[of] p2a: Zapdos","|move|p2a: Zapdos|Volt Switch|p1a: Infernape","|-damage|p1a: Infernape|0 fnt","|faint|p1a: Infernape","|","|","|switch|p1a: Keldeo-Resolute|Keldeo-Resolute|323/323","|turn|23","|","|move|p1a: Keldeo-Resolute|Hidden Power|p2a: Zapdos","|-crit|p2a: Zapdos","|-supereffective|p2a: Zapdos","|-damage|p2a: Zapdos|0 fnt","|faint|p2a: Zapdos","|","|win|Traine✘ Redbraze"],"p1rating":{"entryid":"7247602","serverid":"eos","formatid":"monotype","userid":"traineredbraze","username":"Traine✘ Redbraze","w":10,"l":"8","t":"0","gxe":52.5,"r":"1507.568172365","rd":"73.294909278191","sigma":"0","rptime":"1438419600","rpr":1519.4257662799,"rprd":71.785644262735,"rpsigma":"0","acre":1176.1620035311,"lacre":1176.1620035311,"oldacre":"1149.9926405719"},"p2rating":{"entryid":"6440455","serverid":"eos","formatid":"monotype","userid":"allianceccontrol","username":"Alliance-C-Control","w":"219","l":291,"t":"0","gxe":41.9,"r":"1437.6253948805","rd":"25","sigma":"0","rptime":"1438419600","rpr":1438.1441952738,"rprd":25,"rpsigma":"0","acre":1140.0862770812,"lacre":1140.0862770812,"oldacre":"1166.2556400404"},"endType":"normal"}