{"seed":[41252,14511,12349,16875],"turns":39,"p1":"Adviser♕Boo","p2":"R06L29A01","p1team":[{"name":"Magnemite","species":"Magnemite","item":"berryjuice","ability":"Sturdy","moves":["toxic","recycle","protect","doubleedge"],"nature":"Impish","evs":{"hp":248,"atk":8,"def":252,"spa":0,"spd":0,"spe":0},"level":1,"ivs":{"hp":31,"atk":31,"def":31,"spa":31,"spd":31,"spe":31}},{"name":"Magneton","species":"Magneton","item":"eviolite","ability":"Sturdy","moves":["toxic","protect","substitute","endure"],"nature":"Bold","evs":{"hp":248,"atk":0,"def":252,"spa":0,"spd":8,"spe":0},"ivs":{"hp":31,"atk":31,"def":31,"spa":31,"spd":31,"spe":31}},{"name":"Magnezone","species":"Magnezone","item":"choicescarf","ability":"Sturdy","moves":["thunderbolt","voltswitch","hiddenpowerice","flashcannon"],"nature":"Timid","evs":{"hp":0,"atk":0,"def":0,"spa":252,"spd":4,"spe":252},"ivs":{"hp":31,"atk":30,"def":30,"spa":31,"spd":31,"spe":31}},{"name":"Pachirisu","species":"Pachirisu","item":"leftovers","ability":"Volt Absorb","moves":["nuzzle","lightscreen","substitute","superfang"],"nature":"Careful","evs":{"hp":248,"atk":8,"def":0,"spa":0,"spd":252,"spe":0},"ivs":{"hp":31,"atk":31,"def":31,"spa":31,"spd":31,"spe":31}},{"name":"Zapdos","species":"Zapdos","item":"leftovers","ability":"Pressure","moves":["roost","toxic","thunderbolt","defog"],"nature":"Timid","evs":{"hp":252,"atk":0,"def":8,"spa":0,"spd":0,"spe":248},"ivs":{"hp":31,"atk":31,"def":31,"spa":31,"spd":31,"spe":31}},{"name":"Minun","species":"Minun","item":"focussash","ability":"Volt Absorb","moves":["nuzzle","toxic","protect","switcheroo"],"nature":"Jolly","evs":{"hp":248,"atk":8,"def":0,"spa":0,"spd":0,"spe":252},"ivs":{"hp":31,"atk":31,"def":31,"spa":31,"spd":31,"spe":31}}],"p2team":[{"name":"Druddigon","species":"Druddigon","item":"focussash","ability":"Rough Skin","moves":["glare","dragontail","earthquake","stealthrock"],"nature":"Adamant","evs":{"hp":248,"atk":252,"def":0,"spa":0,"spd":8,"spe":0},"shiny":true,"ivs":{"hp":31,"atk":31,"def":31,"spa":31,"spd":31,"spe":31}},{"name":"Dragonite","species":"Dragonite","item":"weaknesspolicy","ability":"Multiscale","moves":["extremespeed","dragondance","dragonclaw","earthquake"],"nature":"Adamant","evs":{"hp":0,"atk":252,"def":0,"spa":0,"spd":4,"spe":252},"ivs":{"hp":31,"atk":31,"def":31,"spa":31,"spd":31,"spe":31}},{"name":"Goodra","species":"Goodra","item":"assaultvest","ability":"Gooey","moves":["dragonpulse","icebeam","flamethrower","sludgebomb"],"nature":"Modest","evs":{"hp":248,"atk":0,"def":0,"spa":252,"spd":8,"spe":0},"shiny":true,"ivs":{"hp":31,"atk":31,"def":31,"spa":31,"spd":31,"spe":31}},{"name":"Latias","species":"Latias","item":"latiasite","ability":"Levitate","moves":["thunderbolt","recover","dragonpulse","surf"],"nature":"Modest","evs":{"hp":248,"atk":0,"def":0,"spa":252,"spd":8,"spe":0},"shiny":true,"ivs":{"hp":31,"atk":31,"def":31,"spa":31,"spd":31,"spe":31}},{"name":"Garchomp","species":"Garchomp","item":"focussash","ability":"Rough Skin","moves":["dragonclaw","swordsdance","earthquake","firefang"],"nature":"Jolly","evs":{"hp":0,"atk":252,"def":0,"spa":0,"spd":4,"spe":252},"shiny":true,"ivs":{"hp":31,"atk":31,"def":31,"spa":31,"spd":31,"spe":31}},{"name":"Salamence","species":"Salamence","item":"choicescarf","ability":"Moxie","moves":["dragontail","irontail","firefang","outrage"],"nature":"Jolly","evs":{"hp":0,"atk":252,"def":0,"spa":0,"spd":4,"spe":252},"shiny":true,"ivs":{"hp":31,"atk":31,"def":31,"spa":31,"spd":31,"spe":31}}],"log":["|player|p1|Adviser♕Boo|adviserboo.gif","|player|p2|R06L29A01|209","|gametype|singles","|gen|6","|tier|Monotype","|rated","|rule|Baton Pass Clause: Limit one Baton Passer, can't pass Spe and other stats simultaneously","|rule|Swagger Clause: Swagger is banned","|rule|Same Type Clause: Pokémon in a team must share a type","|clearpoke","|poke|p1|Magnemite, L1","|poke|p1|Magneton","|poke|p1|Magnezone","|poke|p1|Pachirisu, M","|poke|p1|Zapdos","|poke|p1|Minun, F","|poke|p2|Druddigon, F, shiny","|poke|p2|Dragonite, M","|poke|p2|Goodra, F, shiny","|poke|p2|Latias, F, shiny","|poke|p2|Garchomp, M, shiny","|poke|p2|Salamence, M, shiny","|rule|Sleep Clause Mod: Limit one foe put to sleep","|rule|Species Clause: Limit one of each Pokémon","|rule|OHKO Clause: OHKO moves are banned","|rule|Moody Clause: Moody is banned","|rule|Evasion Moves Clause: Evasion moves are banned","|rule|Endless Battle Clause: Forcing endless battles is banned","|rule|HP Percentage Mod: HP is shown in percentages","|teampreview","|","|start","|switch|p1a: Magnemite|Magnemite, L1|12/12","|switch|p2a: Druddigon|Druddigon, F, shiny|357/357","|turn|1","|","|move|p2a: Druddigon|Stealth Rock|p1a: Magnemite","|-sidestart|p1: Adviser♕Boo|move: Stealth Rock","|move|p1a: Magnemite|Toxic|p2a: Druddigon","|-status|p2a: Druddigon|tox","|","|-damage|p2a: Druddigon|335/357 tox|[from] psn","|turn|2","|","|move|p1a: Magnemite|Protect|p1a: Magnemite","|-singleturn|p1a: Magnemite|Protect","|move|p2a: Druddigon|Earthquake|p1a: Magnemite","|-activate|p1a: Magnemite|Protect","|","|-damage|p2a: Druddigon|291/357 tox|[from] psn","|turn|3","|","|move|p2a: Druddigon|Earthquake|p1a: Magnemite","|-supereffective|p1a: Magnemite","|-activate|p1a: Magnemite|Sturdy","|-damage|p1a: Magnemite|1/12","|-enditem|p1a: Magnemite|Berry Juice","|-heal|p1a: Magnemite|12/12|[from] item: Berry Juice","|move|p1a: Magnemite|Recycle|p1a: Magnemite","|-item|p1a: Magnemite|Berry Juice|[from] move: Recycle","|","|-damage|p2a: Druddigon|225/357 tox|[from] psn","|turn|4","|","|move|p1a: Magnemite|Recycle|p1a: Magnemite","|-fail|p1a: Magnemite","|move|p2a: Druddigon|Dragon Tail|p1a: Magnemite","|-resisted|p1a: Magnemite","|-activate|p1a: Magnemite|Sturdy","|-damage|p1a: Magnemite|1/12","|drag|p1a: Zapdos|Zapdos|384/384","|-damage|p1a: Zapdos|288/384|[from] Stealth Rock","|-ability|p1a: Zapdos|Pressure","|","|-heal|p1a: Zapdos|312/384|[from] item: Leftovers","|-damage|p2a: Druddigon|137/357 tox|[from] psn","|turn|5","|","|move|p1a: Zapdos|Defog|p2a: Druddigon","|-unboost|p2a: Druddigon|evasion|1","|-sideend|p1: Adviser♕Boo|Stealth Rock|[from] move: Defog|[of] p1a: Zapdos","|move|p2a: Druddigon|Dragon Tail|p1a: Zapdos|[miss]","|-miss|p2a: Druddigon|p1a: Zapdos","|","|-heal|p1a: Zapdos|336/384|[from] item: Leftovers","|-damage|p2a: Druddigon|27/357 tox|[from] psn","|turn|6","|","|move|p1a: Zapdos|Thunderbolt|p2a: Druddigon","|-resisted|p2a: Druddigon","|-damage|p2a: Druddigon|0 fnt","|faint|p2a: Druddigon","|","|-heal|p1a: Zapdos|360/384|[from] item: Leftovers","|","|switch|p2a: Goodra|Goodra, F, shiny|383/383","|turn|7","|","|move|p1a: Zapdos|Toxic|p2a: Goodra","|-status|p2a: Goodra|tox","|move|p2a: Goodra|Ice Beam|p1a: Zapdos","|-supereffective|p1a: Zapdos","|-damage|p1a: Zapdos|150/384","|-status|p1a: Zapdos|frz","|","|-heal|p1a: Zapdos|174/384 frz|[from] item: Leftovers","|-damage|p2a: Goodra|360/383 tox|[from] psn","|turn|8","|","|cant|p1a: Zapdos|frz","|move|p2a: Goodra|Ice Beam|p1a: Zapdos","|-crit|p1a: Zapdos","|-supereffective|p1a: Zapdos","|-damage|p1a: Zapdos|0 fnt","|faint|p1a: Zapdos","|","|-damage|p2a: Goodra|314/383 tox|[from] psn","|","|switch|p1a: Magneton|Magneton|303/303","|turn|9","|","|move|p1a: Magneton|Protect|p1a: Magneton","|-singleturn|p1a: Magneton|Protect","|move|p2a: Goodra|Flamethrower|p1a: Magneton","|-activate|p1a: Magneton|Protect","|","|-damage|p2a: Goodra|245/383 tox|[from] psn","|turn|10","|","|move|p2a: Goodra|Flamethrower|p1a: Magneton","|-supereffective|p1a: Magneton","|-damage|p1a: Magneton|107/303","|move|p1a: Magneton|Substitute|p1a: Magneton","|-start|p1a: Magneton|Substitute","|-damage|p1a: Magneton|32/303","|","|-damage|p2a: Goodra|153/383 tox|[from] psn","|turn|11","|","|move|p1a: Magneton|Protect|p1a: Magneton","|-singleturn|p1a: Magneton|Protect","|move|p2a: Goodra|Flamethrower|p1a: Magneton","|-activate|p1a: Magneton|Protect","|","|-damage|p2a: Goodra|38/383 tox|[from] psn","|turn|12","|","|move|p1a: Magneton|Protect|p1a: Magneton","|-fail|p1a: Magneton","|move|p2a: Goodra|Flamethrower|p1a: Magneton","|-supereffective|p1a: Magneton","|-end|p1a: Magneton|Substitute","|","|-damage|p2a: Goodra|0 fnt|[from] psn","|faint|p2a: Goodra","|","|switch|p2a: Dragonite|Dragonite, M|323/323","|turn|13","|","|move|p2a: Dragonite|Extreme Speed|p1a: Magneton","|-resisted|p1a: Magneton","|-damage|p1a: Magneton|7/303","|move|p1a: Magneton|Toxic|p2a: Dragonite","|-status|p2a: Dragonite|tox","|","|-damage|p2a: Dragonite|303/323 tox|[from] psn","|turn|14","|","|move|p1a: Magneton|Protect|p1a: Magneton","|-singleturn|p1a: Magneton|Protect","|move|p2a: Dragonite|Extreme Speed|p1a: Magneton","|-activate|p1a: Magneton|Protect","|","|-damage|p2a: Dragonite|263/323 tox|[from] psn","|turn|15","|","|move|p1a: Magneton|Endure|p1a: Magneton","|-singleturn|p1a: Magneton|move: Endure","|move|p2a: Dragonite|Extreme Speed|p1a: Magneton","|-resisted|p1a: Magneton","|-activate|p1a: Magneton|move: Endure","|-damage|p1a: Magneton|1/303","|","|-damage|p2a: Dragonite|203/323 tox|[from] psn","|turn|16","|","|move|p1a: Magneton|Protect|p1a: Magneton","|-fail|p1a: Magneton","|move|p2a: Dragonite|Extreme Speed|p1a: Magneton","|-resisted|p1a: Magneton","|-damage|p1a: Magneton|0 fnt","|faint|p1a: Magneton","|","|-damage|p2a: Dragonite|123/323 tox|[from] psn","|","|switch|p1a: Magnemite|Magnemite, L1|1/12","|-enditem|p1a: Magnemite|Berry Juice","|-heal|p1a: Magnemite|12/12|[from] item: Berry Juice","|turn|17","|","|move|p2a: Dragonite|Earthquake|p1a: Magnemite","|-supereffective|p1a: Magnemite","|-activate|p1a: Magnemite|Sturdy","|-damage|p1a: Magnemite|1/12","|move|p1a: Magnemite|Recycle|p1a: Magnemite","|-item|p1a: Magnemite|Berry Juice|[from] move: Recycle","|-enditem|p1a: Magnemite|Berry Juice","|-heal|p1a: Magnemite|12/12|[from] item: Berry Juice","|","|-damage|p2a: Dragonite|23/323 tox|[from] psn","|turn|18","|","|move|p2a: Dragonite|Earthquake|p1a: Magnemite","|-supereffective|p1a: Magnemite","|-activate|p1a: Magnemite|Sturdy","|-damage|p1a: Magnemite|1/12","|move|p1a: Magnemite|Recycle|p1a: Magnemite","|-item|p1a: Magnemite|Berry Juice|[from] move: Recycle","|-enditem|p1a: Magnemite|Berry Juice","|-heal|p1a: Magnemite|12/12|[from] item: Berry Juice","|","|-damage|p2a: Dragonite|0 fnt|[from] psn","|faint|p2a: Dragonite","|","|switch|p2a: Salamence|Salamence, M, shiny|331/331","|turn|19","|","|move|p2a: Salamence|Fire Fang|p1a: Magnemite","|-crit|p1a: Magnemite","|-supereffective|p1a: Magnemite","|-activate|p1a: Magnemite|Sturdy","|-damage|p1a: Magnemite|1/12","|move|p1a: Magnemite|Recycle|p1a: Magnemite","|-item|p1a: Magnemite|Berry Juice|[from] move: Recycle","|-enditem|p1a: Magnemite|Berry Juice","|-heal|p1a: Magnemite|12/12|[from] item: Berry Juice","|","|turn|20","|","|switch|p1a: Pachirisu|Pachirisu, M|323/323","|move|p2a: Salamence|Fire Fang|p1a: Pachirisu","|-damage|p1a: Pachirisu|224/323","|","|-heal|p1a: Pachirisu|244/323|[from] item: Leftovers","|turn|21","|","|switch|p2a: Garchomp|Garchomp, M, shiny|357/357","|move|p1a: Pachirisu|Nuzzle|p2a: Garchomp","|-immune|p2a: Garchomp|[msg]","|","|-heal|p1a: Pachirisu|264/323|[from] item: Leftovers","|turn|22","|","|move|p2a: Garchomp|Swords Dance|p2a: Garchomp","|-boost|p2a: Garchomp|atk|2","|move|p1a: Pachirisu|Super Fang|p2a: Garchomp","|-damage|p2a: Garchomp|179/357","|-damage|p1a: Pachirisu|224/323|[from] ability: Rough Skin|[of] p2a: Garchomp","|","|-heal|p1a: Pachirisu|244/323|[from] item: Leftovers","|turn|23","|","|move|p2a: Garchomp|Earthquake|p1a: Pachirisu","|-supereffective|p1a: Pachirisu","|-damage|p1a: Pachirisu|0 fnt","|faint|p1a: Pachirisu","|","|","|switch|p1a: Magnezone|Magnezone|281/281","|turn|24","|","|move|p1a: Magnezone|Hidden Power|p2a: Garchomp","|-supereffective|p2a: Garchomp","|-damage|p2a: Garchomp|0 fnt","|faint|p2a: Garchomp","|","|","|switch|p2a: Salamence|Salamence, M, shiny|331/331","|turn|25","|","|switch|p1a: Minun|Minun, F|323/323","|move|p2a: Salamence|Fire Fang|p1a: Minun","|-damage|p1a: Minun|187/323","|","|turn|26","|","|switch|p2a: Latias|Latias, F, shiny|363/363","|move|p1a: Minun|Toxic|p2a: Latias","|-status|p2a: Latias|tox","|","|-damage|p2a: Latias|341/363 tox|[from] psn","|turn|27","|","|detailschange|p2a: Latias|Latias-Mega, F, shiny","|-mega|p2a: Latias|Latias|Latiasite","|move|p1a: Minun|Switcheroo|p2a: Latias","|-fail|p2a: Latias","|move|p2a: Latias|Dragon Pulse|p1a: Minun","|-damage|p1a: Minun|1/323","|","|-damage|p2a: Latias|297/363 tox|[from] psn","|turn|28","|","|move|p1a: Minun|Protect|p1a: Minun","|-singleturn|p1a: Minun|Protect","|move|p2a: Latias|Dragon Pulse|p1a: Minun","|-activate|p1a: Minun|Protect","|","|-damage|p2a: Latias|231/363 tox|[from] psn","|turn|29","|","|move|p1a: Minun|Protect|p1a: Minun","|-fail|p1a: Minun","|move|p2a: Latias|Dragon Pulse|p1a: Minun","|-damage|p1a: Minun|0 fnt","|faint|p1a: Minun","|","|-damage|p2a: Latias|143/363 tox|[from] psn","|","|switch|p1a: Magnemite|Magnemite, L1|12/12","|turn|30","|","|move|p2a: Latias|Recover|p2a: Latias","|-heal|p2a: Latias|325/363 tox","|move|p1a: Magnemite|Recycle|p1a: Magnemite","|-item|p1a: Magnemite|Berry Juice|[from] move: Recycle","|","|-damage|p2a: Latias|215/363 tox|[from] psn","|turn|31","|","|move|p1a: Magnemite|Protect|p1a: Magnemite","|-singleturn|p1a: Magnemite|Protect","|move|p2a: Latias|Recover|p2a: Latias","|-heal|p2a: Latias|363/363 tox","|","|-damage|p2a: Latias|231/363 tox|[from] psn","|turn|32","|","|move|p1a: Magnemite|Protect|p1a: Magnemite","|-fail|p1a: Magnemite","|move|p2a: Latias|Thunderbolt|p1a: Magnemite","|-resisted|p1a: Magnemite","|-activate|p1a: Magnemite|Sturdy","|-damage|p1a: Magnemite|1/12","|-enditem|p1a: Magnemite|Berry Juice","|-heal|p1a: Magnemite|12/12|[from] item: Berry Juice","|","|-damage|p2a: Latias|77/363 tox|[from] psn","|turn|33","|","|move|p2a: Latias|Recover|p2a: Latias","|-heal|p2a: Latias|259/363 tox","|move|p1a: Magnemite|Recycle|p1a: Magnemite","|-item|p1a: Magnemite|Berry Juice|[from] move: Recycle","|","|-damage|p2a: Latias|83/363 tox|[from] psn","|turn|34","|","|move|p1a: Magnemite|Protect|p1a: Magnemite","|-singleturn|p1a: Magnemite|Protect","|move|p2a: Latias|Recover|p2a: Latias","|-heal|p2a: Latias|265/363 tox","|","|-damage|p2a: Latias|67/363 tox|[from] psn","|turn|35","|","|move|p2a: Latias|Thunderbolt|p1a: Magnemite","|-resisted|p1a: Magnemite","|-activate|p1a: Magnemite|Sturdy","|-damage|p1a: Magnemite|1/12","|-enditem|p1a: Magnemite|Berry Juice","|-heal|p1a: Magnemite|12/12|[from] item: Berry Juice","|move|p1a: Magnemite|Recycle|p1a: Magnemite","|-item|p1a: Magnemite|Berry Juice|[from] move: Recycle","|","|-damage|p2a: Latias|0 fnt|[from] psn","|faint|p2a: Latias","|","|switch|p2a: Salamence|Salamence, M, shiny|331/331","|turn|36","|","|move|p2a: Salamence|Fire Fang|p1a: Magnemite","|-supereffective|p1a: Magnemite","|-activate|p1a: Magnemite|Sturdy","|-damage|p1a: Magnemite|1/12","|-status|p1a: Magnemite|brn","|-enditem|p1a: Magnemite|Berry Juice","|-heal|p1a: Magnemite|12/12 brn|[from] item: Berry Juice","|move|p1a: Magnemite|Toxic|p2a: Salamence","|-status|p2a: Salamence|tox","|","|-damage|p2a: Salamence|311/331 tox|[from] psn","|-damage|p1a: Magnemite|11/12 brn|[from] brn","|turn|37","|","|move|p1a: Magnemite|Protect|p1a: Magnemite","|-singleturn|p1a: Magnemite|Protect","|move|p2a: Salamence|Fire Fang|p1a: Magnemite","|-activate|p1a: Magnemite|Protect","|","|-damage|p2a: Salamence|271/331 tox|[from] psn","|-damage|p1a: Magnemite|10/12 brn|[from] brn","|turn|38","|","|move|p2a: Salamence|Fire Fang|p1a: Magnemite","|-supereffective|p1a: Magnemite","|-damage|p1a: Magnemite|0 fnt","|faint|p1a: Magnemite","|-boost|p2a: Salamence|atk|1|[from] ability: Moxie","|","|-damage|p2a: Salamence|211/331 tox|[from] psn","|","|switch|p1a: Magnezone|Magnezone|281/281","|turn|39","|","|move|p2a: Salamence|Fire Fang|p1a: Magnezone","|-supereffective|p1a: Magnezone","|-damage|p1a: Magnezone|75/281","|move|p1a: Magnezone|Hidden Power|p2a: Salamence","|-supereffective|p2a: Salamence","|-damage|p2a: Salamence|0 fnt","|faint|p2a: Salamence","|","|win|Adviser♕Boo"],"p1rating":{"entryid":"7083956","serverid":"eos","formatid":"monotype","userid":"adviserboo","username":"Adviser♕Boo","w":73,"l":"45","t":"0","gxe":60.6,"r":"1582.857842343","rd":"34.900058093391","sigma":"0","rptime":"1438419600","rpr":1581.499058296,"rprd":34.599168732775,"rpsigma":"0","acre":1129.0016253069,"lacre":1129.0016253069,"oldacre":"1103.3485420464"},"p2rating":{"entryid":"6931648","serverid":"eos","formatid":"monotype","userid":"r06l29a01","username":"R06L29A01","w":"49","l":55,"t":"0","gxe":48.5,"r":"1488.1935314594","rd":"38.022959824519","sigma":"0","rptime":"1438419600","rpr":1488.4972006045,"rprd":35.364493502435,"rpsigma":"0","acre":1086.7736988447,"lacre":1086.7736988447,"oldacre":"1112.4267821052"},"endType":"normal"}