{"seed":[54752,26359,49209,49486],"turns":27,"p1":"Guard Wanderer","p2":"Metalyte","p1team":[{"name":"Weezing","species":"Weezing","item":"sitrusberry","ability":"Levitate","moves":["toxicspikes","willowisp","memento","thief"],"nature":"Careful","evs":{"hp":248,"atk":8,"def":0,"spa":0,"spd":252,"spe":0},"ivs":{"hp":31,"atk":31,"def":31,"spa":31,"spd":31,"spe":31}},{"name":"Tentacruel","species":"Tentacruel","item":"assaultvest","ability":"Liquid Ooze","moves":["scald","acidspray","gigadrain","hex"],"nature":"Timid","evs":{"hp":0,"atk":0,"def":4,"spa":252,"spd":0,"spe":252},"ivs":{"hp":31,"atk":31,"def":31,"spa":31,"spd":31,"spe":31}},{"name":"Skuntank","species":"Skuntank","item":"","ability":"Stench","moves":["snatch","thief","suckerpunch","poisonjab"],"nature":"Adamant","evs":{"hp":248,"atk":252,"def":0,"spa":0,"spd":8,"spe":0},"ivs":{"hp":31,"atk":31,"def":31,"spa":31,"spd":31,"spe":31}},{"name":"Crobat","species":"Crobat","item":"whiteherb","ability":"Infiltrator","moves":["curse","acrobatics","roost","superfang"],"nature":"Jolly","evs":{"hp":248,"atk":8,"def":0,"spa":0,"spd":0,"spe":252},"ivs":{"hp":31,"atk":31,"def":31,"spa":31,"spd":31,"spe":31}},{"name":"Gengar","species":"Gengar","item":"choicescarf","ability":"Levitate","moves":["trick","destinybond","venoshock","hex"],"nature":"Timid","evs":{"hp":0,"atk":0,"def":0,"spa":252,"spd":4,"spe":252},"ivs":{"hp":31,"atk":31,"def":31,"spa":31,"spd":31,"spe":31}},{"name":"Amoonguss","species":"Amoonguss","item":"blacksludge","ability":"Regenerator","moves":["spore","gigadrain","gastroacid","stunspore"],"nature":"Calm","evs":{"hp":248,"atk":0,"def":0,"spa":8,"spd":252,"spe":0},"shiny":true,"ivs":{"hp":31,"atk":31,"def":31,"spa":31,"spd":31,"spe":31}}],"p2team":[{"name":"Scizor","species":"Scizor","item":"scizorite","ability":"Technician","moves":["roost","swordsdance","bulletpunch","bugbite"],"nature":"Adamant","evs":{"hp":248,"atk":252,"def":0,"spa":0,"spd":8,"spe":0},"ivs":{"hp":31,"atk":31,"def":31,"spa":31,"spd":31,"spe":31}},{"name":"Heatran","species":"Heatran","item":"choicescarf","ability":"Flash Fire","moves":["fireblast","flashcannon","earthpower","ancientpower"],"nature":"Timid","evs":{"hp":0,"atk":0,"def":0,"spa":252,"spd":4,"spe":252},"ivs":{"hp":31,"atk":31,"def":31,"spa":31,"spd":31,"spe":31}},{"name":"Skarmory","species":"Skarmory","item":"leftovers","ability":"Sturdy","moves":["roost","defog","whirlwind","bravebird"],"nature":"Bold","evs":{"hp":252,"atk":0,"def":252,"spa":0,"spd":0,"spe":4},"ivs":{"hp":31,"atk":31,"def":31,"spa":31,"spd":31,"spe":31}},{"name":"Jirachi","species":"Jirachi","item":"leftovers","ability":"Serene Grace","moves":["wish","protect","zenheadbutt","ironhead"],"nature":"Careful","evs":{"hp":252,"atk":0,"def":0,"spa":0,"spd":252,"spe":4},"ivs":{"hp":31,"atk":31,"def":31,"spa":31,"spd":31,"spe":31}},{"name":"Magnezone","species":"Magnezone","item":"airballoon","ability":"Sturdy","moves":["thunderbolt","flashcannon","voltswitch","hiddenpowerice"],"nature":"Modest","evs":{"hp":248,"atk":0,"def":0,"spa":252,"spd":8,"spe":0},"ivs":{"hp":31,"atk":30,"def":30,"spa":31,"spd":31,"spe":31}},{"name":"Bisharp","species":"Bisharp","item":"lifeorb","ability":"Defiant","moves":["suckerpunch","swordsdance","ironhead","knockoff"],"nature":"Jolly","evs":{"hp":0,"atk":252,"def":0,"spa":0,"spd":4,"spe":252},"ivs":{"hp":31,"atk":31,"def":31,"spa":31,"spd":31,"spe":31}}],"log":["|player|p1|Guard Wanderer|235","|player|p2|Metalyte|165","|gametype|singles","|gen|6","|tier|Monotype","|rated","|rule|Baton Pass Clause: Limit one Baton Passer, can't pass Spe and other stats simultaneously","|rule|Swagger Clause: Swagger is banned","|rule|Same Type Clause: Pokémon in a team must share a type","|clearpoke","|poke|p1|Weezing, M","|poke|p1|Tentacruel, M","|poke|p1|Skuntank, F","|poke|p1|Crobat, M","|poke|p1|Gengar, F","|poke|p1|Amoonguss, F, shiny","|poke|p2|Scizor, F","|poke|p2|Heatran, M","|poke|p2|Skarmory, F","|poke|p2|Jirachi","|poke|p2|Magnezone","|poke|p2|Bisharp, M","|rule|Sleep Clause Mod: Limit one foe put to sleep","|rule|Species Clause: Limit one of each Pokémon","|rule|OHKO Clause: OHKO moves are banned","|rule|Moody Clause: Moody is banned","|rule|Evasion Moves Clause: Evasion moves are banned","|rule|Endless Battle Clause: Forcing endless battles is banned","|rule|HP Percentage Mod: HP is shown in percentages","|teampreview","|","|start","|switch|p1a: Tentacruel|Tentacruel, M|301/301","|switch|p2a: Magnezone|Magnezone|343/343","|-item|p2a: Magnezone|Air Balloon","|turn|1","|","|switch|p1a: Amoonguss|Amoonguss, F, shiny|431/431","|move|p2a: Magnezone|Volt Switch|p1a: Amoonguss","|-resisted|p1a: Amoonguss","|-damage|p1a: Amoonguss|375/431","|","|switch|p2a: Heatran|Heatran, M|323/323","|","|-heal|p1a: Amoonguss|401/431|[from] item: Black Sludge","|turn|2","|","|move|p2a: Heatran|Earth Power|p1a: Amoonguss","|-damage|p1a: Amoonguss|316/431","|move|p1a: Amoonguss|Spore|p2a: Heatran","|-status|p2a: Heatran|slp","|","|-heal|p1a: Amoonguss|342/431|[from] item: Black Sludge","|turn|3","|","|switch|p2a: Magnezone|Magnezone|343/343","|-item|p2a: Magnezone|Air Balloon","|switch|p1a: Tentacruel|Tentacruel, M|301/301","|","|turn|4","|","|switch|p1a: Amoonguss|Amoonguss, F, shiny|431/431","|move|p2a: Magnezone|Flash Cannon|p1a: Amoonguss","|-damage|p1a: Amoonguss|292/431","|","|-heal|p1a: Amoonguss|318/431|[from] item: Black Sludge","|turn|5","|","|move|p2a: Magnezone|Hidden Power|p1a: Amoonguss","|-supereffective|p1a: Amoonguss","|-damage|p1a: Amoonguss|176/431","|move|p1a: Amoonguss|Giga Drain|p2a: Magnezone","|-resisted|p2a: Magnezone","|-damage|p2a: Magnezone|301/343","|-heal|p1a: Amoonguss|197/431|[from] drain|[of] p2a: Magnezone","|-enditem|p2a: Magnezone|Air Balloon","|","|-heal|p1a: Amoonguss|223/431|[from] item: Black Sludge","|turn|6","|","|switch|p1a: Weezing|Weezing, M|333/333","|move|p2a: Magnezone|Hidden Power|p1a: Weezing","|-damage|p1a: Weezing|258/333","|","|turn|7","|","|move|p1a: Weezing|Will-O-Wisp|p2a: Magnezone","|-status|p2a: Magnezone|brn","|move|p2a: Magnezone|Thunderbolt|p1a: Weezing","|-crit|p1a: Weezing","|-damage|p1a: Weezing|21/333","|-enditem|p1a: Weezing|Sitrus Berry|[eat]","|-heal|p1a: Weezing|104/333|[from] item: Sitrus Berry","|","|-damage|p2a: Magnezone|259/343 brn|[from] brn","|turn|8","|","|switch|p1a: Amoonguss|Amoonguss, F, shiny|366/431","|move|p2a: Magnezone|Volt Switch|p1a: Amoonguss","|-resisted|p1a: Amoonguss","|-damage|p1a: Amoonguss|309/431","|","|switch|p2a: Scizor|Scizor, F|343/343","|","|-heal|p1a: Amoonguss|335/431|[from] item: Black Sludge","|turn|9","|","|detailschange|p2a: Scizor|Scizor-Mega, F","|-mega|p2a: Scizor|Scizor|Scizorite","|move|p2a: Scizor|Swords Dance|p2a: Scizor","|-boost|p2a: Scizor|atk|2","|move|p1a: Amoonguss|Stun Spore|p2a: Scizor","|-status|p2a: Scizor|par","|","|-heal|p1a: Amoonguss|361/431|[from] item: Black Sludge","|turn|10","|","|move|p1a: Amoonguss|Gastro Acid|p2a: Scizor","|-endability|p2a: Scizor","|cant|p2a: Scizor|par","|","|-heal|p1a: Amoonguss|387/431|[from] item: Black Sludge","|turn|11","|","|switch|p1a: Skuntank|Skuntank, F|409/409","|move|p2a: Scizor|Swords Dance|p2a: Scizor","|-boost|p2a: Scizor|atk|2","|","|turn|12","|","|move|p1a: Skuntank|Snatch|p1a: Skuntank","|-singleturn|p1a: Skuntank|Snatch","|move|p2a: Scizor|Bullet Punch|p1a: Skuntank","|-damage|p1a: Skuntank|46/409","|","|turn|13","|","|move|p1a: Skuntank|Sucker Punch|p2a: Scizor","|-damage|p2a: Scizor|255/343 par","|cant|p2a: Scizor|flinch","|","|turn|14","|","|move|p1a: Skuntank|Sucker Punch|p2a: Scizor","|-damage|p2a: Scizor|162/343 par","|move|p2a: Scizor|Bullet Punch|p1a: Skuntank","|-damage|p1a: Skuntank|0 fnt","|faint|p1a: Skuntank","|","|","|switch|p1a: Tentacruel|Tentacruel, M|301/301","|turn|15","|","|move|p1a: Tentacruel|Scald|p2a: Scizor","|-damage|p2a: Scizor|56/343 par","|move|p2a: Scizor|Roost|p2a: Scizor","|-heal|p2a: Scizor|228/343 par","|","|turn|16","|","|move|p2a: Scizor|Bullet Punch|p1a: Tentacruel","|-resisted|p1a: Tentacruel","|-damage|p1a: Tentacruel|120/301","|move|p1a: Tentacruel|Scald|p2a: Scizor","|-damage|p2a: Scizor|129/343 par","|","|turn|17","|","|move|p1a: Tentacruel|Scald|p2a: Scizor","|-damage|p2a: Scizor|21/343 par","|cant|p2a: Scizor|par","|","|turn|18","|","|cant|p2a: Scizor|par","|move|p1a: Tentacruel|Scald|p2a: Scizor","|-damage|p2a: Scizor|0 fnt","|faint|p2a: Scizor","|","|","|switch|p2a: Magnezone|Magnezone|259/343 brn","|turn|19","|","|move|p1a: Tentacruel|Scald|p2a: Magnezone","|-damage|p2a: Magnezone|139/343 brn","|move|p2a: Magnezone|Volt Switch|p1a: Tentacruel","|-supereffective|p1a: Tentacruel","|-damage|p1a: Tentacruel|0 fnt","|faint|p1a: Tentacruel","|","|switch|p2a: Bisharp|Bisharp, M|271/271","|","|","|switch|p1a: Crobat|Crobat, M|373/373","|turn|20","|","|move|p1a: Crobat|Curse|p1a: Crobat","|-boost|p1a: Crobat|atk|1","|-boost|p1a: Crobat|def|1","|-unboost|p1a: Crobat|spe|1","|-enditem|p1a: Crobat|White Herb","|-restoreboost|p1a: Crobat|[silent]","|move|p2a: Bisharp|Swords Dance|p2a: Bisharp","|-boost|p2a: Bisharp|atk|2","|","|turn|21","|","|move|p2a: Bisharp|Sucker Punch|p1a: Crobat","|-fail|p2a: Bisharp","|move|p1a: Crobat|Curse|p1a: Crobat","|-boost|p1a: Crobat|atk|1","|-boost|p1a: Crobat|def|1","|-unboost|p1a: Crobat|spe|1","|","|turn|22","|","|move|p2a: Bisharp|Knock Off|p1a: Crobat","|-damage|p1a: Crobat|188/373","|-damage|p2a: Bisharp|244/271|[from] item: Life Orb","|move|p1a: Crobat|Super Fang|p2a: Bisharp|[miss]","|-miss|p1a: Crobat|p2a: Bisharp","|","|turn|23","|","|move|p2a: Bisharp|Iron Head|p1a: Crobat","|-damage|p1a: Crobat|0 fnt","|-damage|p2a: Bisharp|217/271|[from] item: Life Orb","|faint|p1a: Crobat","|","|","|switch|p1a: Weezing|Weezing, M|104/333","|turn|24","|","|move|p2a: Bisharp|Iron Head|p1a: Weezing","|-damage|p1a: Weezing|0 fnt","|-damage|p2a: Bisharp|190/271|[from] item: Life Orb","|faint|p1a: Weezing","|","|","|switch|p1a: Amoonguss|Amoonguss, F, shiny|431/431","|turn|25","|","|move|p2a: Bisharp|Knock Off|p1a: Amoonguss","|-damage|p1a: Amoonguss|0 fnt","|-enditem|p1a: Amoonguss|Black Sludge|[from] move: Knock Off|[of] p2a: Bisharp","|-damage|p2a: Bisharp|163/271|[from] item: Life Orb","|faint|p1a: Amoonguss","|","|","|switch|p1a: Gengar|Gengar, F|261/261","|turn|26","|","|move|p2a: Bisharp|Sucker Punch|p1a: Gengar","|-fail|p2a: Bisharp","|move|p1a: Gengar|Destiny Bond|p1a: Gengar","|-singlemove|p1a: Gengar|Destiny Bond","|","|turn|27","|","|move|p1a: Gengar|Destiny Bond|p1a: Gengar","|-singlemove|p1a: Gengar|Destiny Bond","|move|p2a: Bisharp|Knock Off|p1a: Gengar","|-supereffective|p1a: Gengar","|-damage|p1a: Gengar|0 fnt","|-enditem|p1a: Gengar|Choice Scarf|[from] move: Knock Off|[of] p2a: Bisharp","|-damage|p2a: Bisharp|136/271|[from] item: Life Orb","|faint|p1a: Gengar","|-activate|p1a: Gengar|Destiny Bond","|faint|p2a: Bisharp","|","|win|Metalyte"],"p1rating":{"entryid":"6731189","serverid":"eos","formatid":"monotype","userid":"guardwanderer","username":"Guard Wanderer","w":"68","l":96,"t":"0","gxe":39.4,"r":"1419.3229163761","rd":"31.120178144835","sigma":"0","rptime":"1438419600","rpr":1418.430263183,"rprd":30.808106397702,"rpsigma":"0","acre":1093.6865416172,"lacre":1093.6865416172,"oldacre":"1118.4306405528"},"p2rating":{"entryid":"6571486","serverid":"eos","formatid":"monotype","userid":"metalyte","username":"Metalyte","w":38,"l":"31","t":"0","gxe":53.7,"r":"1518.3427614004","rd":"45.96556389527","sigma":"0","rptime":"1438419600","rpr":1527.8751001582,"rprd":44.61877638172,"rpsigma":"0","acre":1146.7312291499,"lacre":1146.7312291499,"oldacre":"1121.9871302143"},"endType":"normal"}