{"seed":[23440,53421,9748,13251],"turns":24,"p1":"MrNyanNyanz","p2":"Marx-Bot","p1team":[{"name":"Jirachi","species":"Jirachi","item":"choicescarf","ability":"Serene Grace","moves":["playrough","ironhead","uturn","heartstamp"],"nature":"Jolly","evs":{"hp":0,"atk":252,"def":0,"spa":0,"spd":4,"spe":252},"ivs":{"hp":31,"atk":31,"def":31,"spa":31,"spd":31,"spe":31}},{"name":"Gardevoir","species":"Gardevoir","item":"gardevoirite","ability":"Trace","moves":["substitute","hypervoice","shadowball","psyshock"],"nature":"Timid","evs":{"hp":4,"atk":0,"def":0,"spa":252,"spd":0,"spe":252},"ivs":{"hp":31,"atk":30,"def":31,"spa":30,"spd":31,"spe":30}},{"name":"Slowbro","species":"Slowbro","item":"rockyhelmet","ability":"Regenerator","moves":["slackoff","scald","flamethrower","thunderwave"],"nature":"Bold","evs":{"hp":248,"atk":0,"def":252,"spa":8,"spd":0,"spe":0},"ivs":{"hp":31,"atk":31,"def":31,"spa":31,"spd":31,"spe":31}},{"name":"Victini","species":"Victini","item":"choicescarf","ability":"Victory Star","moves":["vcreate","boltstrike","uturn","zenheadbutt"],"nature":"Jolly","evs":{"hp":0,"atk":252,"def":0,"spa":0,"spd":4,"spe":252},"ivs":{"hp":31,"atk":31,"def":31,"spa":31,"spd":31,"spe":31}},{"name":"Hoopa-Unbound","species":"Hoopa-Unbound","item":"choicescarf","ability":"Magician","moves":["hyperspacefury","zenheadbutt","drainpunch","trick"],"nature":"Jolly","evs":{"hp":0,"atk":252,"def":0,"spa":0,"spd":4,"spe":252},"ivs":{"hp":31,"atk":31,"def":31,"spa":31,"spd":31,"spe":31}},{"name":"Mew","species":"Mew","item":"leftovers","ability":"Synchronize","moves":["willowisp","roost","stealthrock","uturn"],"nature":"Careful","evs":{"hp":252,"atk":0,"def":4,"spa":0,"spd":252,"spe":0},"ivs":{"hp":31,"atk":31,"def":31,"spa":31,"spd":31,"spe":31}}],"p2team":[{"name":"Charizard","species":"Charizard","item":"charizarditey","ability":"Blaze","moves":["airslash","fireblast","solarbeam","focusblast"],"nature":"Timid","evs":{"hp":0,"atk":0,"def":0,"spa":252,"spd":4,"spe":252},"ivs":{"hp":31,"atk":31,"def":31,"spa":31,"spd":31,"spe":31}},{"name":"Landorus","species":"Landorus","item":"lifeorb","ability":"Sheer Force","moves":["earthpower","psychic","focusblast","sludgewave"],"nature":"Timid","evs":{"hp":0,"atk":0,"def":0,"spa":252,"spd":4,"spe":252},"ivs":{"hp":31,"atk":31,"def":31,"spa":31,"spd":31,"spe":31}},{"name":"Defog","species":"skarmory","item":"rockyhelmet","ability":"Sturdy","moves":["bravebird","stealthrock","ironhead","defog"],"nature":"Adamant","evs":{"hp":232,"atk":252,"def":0,"spa":0,"spd":0,"spe":24},"ivs":{"hp":31,"atk":31,"def":31,"spa":31,"spd":31,"spe":31}},{"name":"Dragonite","species":"Dragonite","item":"yacheberry","ability":"Multiscale","moves":["earthquake","extremespeed","firepunch","outrage"],"nature":"Adamant","evs":{"hp":248,"atk":252,"def":0,"spa":0,"spd":8,"spe":0},"ivs":{"hp":31,"atk":31,"def":31,"spa":31,"spd":31,"spe":31}},{"name":"Chatot","species":"Chatot","item":"choicescarf","ability":"Big Pecks","moves":["boomburst","chatter","hiddenpowerice","uturn"],"nature":"Timid","evs":{"hp":0,"atk":0,"def":0,"spa":252,"spd":4,"spe":252},"ivs":{"hp":31,"atk":30,"def":30,"spa":31,"spd":31,"spe":31}},{"name":"Honchkrow","species":"Honchkrow","item":"scopelens","ability":"Super Luck","moves":["bravebird","nightslash","suckerpunch","thunderwave"],"nature":"Adamant","evs":{"hp":248,"atk":252,"def":0,"spa":0,"spd":8,"spe":0},"ivs":{"hp":31,"atk":31,"def":31,"spa":31,"spd":31,"spe":31}}],"log":["|player|p1|MrNyanNyanz|mrnyannyanz.png","|player|p2|Marx-Bot|238","|gametype|singles","|gen|6","|tier|Monotype","|rated","|rule|Baton Pass Clause: Limit one Baton Passer, can't pass Spe and other stats simultaneously","|rule|Swagger Clause: Swagger is banned","|rule|Same Type Clause: Pokémon in a team must share a type","|clearpoke","|poke|p1|Jirachi","|poke|p1|Gardevoir, F","|poke|p1|Slowbro, M","|poke|p1|Victini","|poke|p1|Hoopa-Unbound","|poke|p1|Mew","|poke|p2|Charizard, M","|poke|p2|Landorus, M","|poke|p2|Skarmory, M","|poke|p2|Dragonite, M","|poke|p2|Chatot, F","|poke|p2|Honchkrow, M","|rule|Sleep Clause Mod: Limit one foe put to sleep","|rule|Species Clause: Limit one of each Pokémon","|rule|OHKO Clause: OHKO moves are banned","|rule|Moody Clause: Moody is banned","|rule|Evasion Moves Clause: Evasion moves are banned","|rule|Endless Battle Clause: Forcing endless battles is banned","|rule|HP Percentage Mod: HP is shown in percentages","|teampreview","|","|start","|switch|p1a: Gardevoir|Gardevoir, F|278/278","|switch|p2a: Landorus|Landorus, M|319/319","|-ability|p1a: Gardevoir|Sheer Force|[from] ability: Trace|[of] p2a: Landorus","|turn|1","|","|switch|p1a: Mew|Mew|404/404","|move|p2a: Landorus|Sludge Wave|p1a: Mew","|-damage|p1a: Mew|284/404","|","|-heal|p1a: Mew|309/404|[from] item: Leftovers","|turn|2","|","|move|p2a: Landorus|Earth Power|p1a: Mew","|-damage|p1a: Mew|128/404","|move|p1a: Mew|Stealth Rock|p2a: Landorus","|-sidestart|p2: Marx-Bot|move: Stealth Rock","|","|-heal|p1a: Mew|153/404|[from] item: Leftovers","|turn|3","|","|move|p2a: Landorus|Earth Power|p1a: Mew","|-damage|p1a: Mew|0 fnt","|faint|p1a: Mew","|","|","|switch|p1a: Slowbro|Slowbro, M|393/393","|turn|4","|","|switch|p2a: Dragonite|Dragonite, M|385/385","|-damage|p2a: Dragonite|289/385|[from] Stealth Rock","|move|p1a: Slowbro|Scald|p2a: Dragonite","|-crit|p2a: Dragonite","|-resisted|p2a: Dragonite","|-damage|p2a: Dragonite|223/385","|","|turn|5","|","|move|p2a: Dragonite|Outrage|p1a: Slowbro","|-damage|p1a: Slowbro|242/393","|-damage|p2a: Dragonite|159/385|[from] item: Rocky Helmet|[of] p1a: Slowbro","|move|p1a: Slowbro|Thunder Wave|p2a: Dragonite","|-status|p2a: Dragonite|par","|","|turn|6","|","|move|p1a: Slowbro|Slack Off|p1a: Slowbro","|-heal|p1a: Slowbro|393/393","|cant|p2a: Dragonite|par","|","|turn|7","|","|move|p1a: Slowbro|Scald|p2a: Dragonite","|-resisted|p2a: Dragonite","|-damage|p2a: Dragonite|111/385 par","|cant|p2a: Dragonite|par","|","|turn|8","|","|move|p1a: Slowbro|Scald|p2a: Dragonite","|-resisted|p2a: Dragonite","|-damage|p2a: Dragonite|68/385 par","|cant|p2a: Dragonite|par","|","|turn|9","|","|move|p1a: Slowbro|Scald|p2a: Dragonite","|-resisted|p2a: Dragonite","|-damage|p2a: Dragonite|18/385 par","|move|p2a: Dragonite|Outrage|p1a: Slowbro","|-damage|p1a: Slowbro|228/393","|-damage|p2a: Dragonite|0 fnt|[from] item: Rocky Helmet|[of] p1a: Slowbro","|faint|p2a: Dragonite","|","|","|switch|p2a: Defog|Skarmory, M|329/329","|-damage|p2a: Defog|288/329|[from] Stealth Rock","|turn|10","|","|move|p2a: Defog|Defog|p1a: Slowbro","|-unboost|p1a: Slowbro|evasion|1","|-sideend|p2: Marx-Bot|Stealth Rock|[from] move: Defog|[of] p2a: Defog","|move|p1a: Slowbro|Flamethrower|p2a: Defog","|-supereffective|p2a: Defog","|-damage|p2a: Defog|84/329","|-status|p2a: Defog|brn","|","|-damage|p2a: Defog|43/329 brn|[from] brn","|turn|11","|","|move|p2a: Defog|Stealth Rock|p1a: Slowbro","|-sidestart|p1: MrNyanNyanz|move: Stealth Rock","|move|p1a: Slowbro|Slack Off|p1a: Slowbro","|-heal|p1a: Slowbro|393/393","|","|-damage|p2a: Defog|2/329 brn|[from] brn","|turn|12","|","|move|p2a: Defog|Brave Bird|p1a: Slowbro","|-damage|p1a: Slowbro|334/393","|-damage|p2a: Defog|0 fnt|[from] item: Rocky Helmet|[of] p1a: Slowbro","|faint|p2a: Defog","|move|p1a: Slowbro|Scald|p2: Defog|[notarget]","|-notarget","|","|","|switch|p2a: Honchkrow|Honchkrow, M|403/403","|turn|13","|","|move|p2a: Honchkrow|Night Slash|p1a: Slowbro","|-crit|p1a: Slowbro","|-supereffective|p1a: Slowbro","|-damage|p1a: Slowbro|80/393","|-damage|p2a: Honchkrow|336/403|[from] item: Rocky Helmet|[of] p1a: Slowbro","|move|p1a: Slowbro|Scald|p2a: Honchkrow","|-damage|p2a: Honchkrow|192/403","|-status|p2a: Honchkrow|brn","|","|-damage|p2a: Honchkrow|142/403 brn|[from] brn","|turn|14","|","|move|p2a: Honchkrow|Night Slash|p1a: Slowbro","|-crit|p1a: Slowbro","|-supereffective|p1a: Slowbro","|-damage|p1a: Slowbro|0 fnt","|-damage|p2a: Honchkrow|75/403 brn|[from] item: Rocky Helmet|[of] p1a: Slowbro","|faint|p1a: Slowbro","|","|-damage|p2a: Honchkrow|25/403 brn|[from] brn","|","|switch|p1a: Gardevoir|Gardevoir, F|278/278","|-damage|p1a: Gardevoir|244/278|[from] Stealth Rock","|-ability|p1a: Gardevoir|Super Luck|[from] ability: Trace|[of] p2a: Honchkrow","|turn|15","|","|detailschange|p1a: Gardevoir|Gardevoir-Mega, F","|-mega|p1a: Gardevoir|Gardevoir|Gardevoirite","|move|p2a: Honchkrow|Sucker Punch|p1a: Gardevoir","|-fail|p2a: Honchkrow","|move|p1a: Gardevoir|Substitute|p1a: Gardevoir","|-start|p1a: Gardevoir|Substitute","|-damage|p1a: Gardevoir|175/278","|","|-damage|p2a: Honchkrow|0 fnt|[from] brn","|faint|p2a: Honchkrow","|","|switch|p2a: Charizard|Charizard, M|297/297","|turn|16","|","|detailschange|p2a: Charizard|Charizard-Mega-Y, M","|-mega|p2a: Charizard|Charizard|Charizardite Y","|-weather|SunnyDay","|move|p2a: Charizard|Air Slash|p1a: Gardevoir","|-end|p1a: Gardevoir|Substitute","|move|p1a: Gardevoir|Psyshock|p2a: Charizard","|-damage|p2a: Charizard|99/297","|","|-weather|SunnyDay|[upkeep]","|turn|17","|","|switch|p1a: Victini|Victini|341/341","|-damage|p1a: Victini|256/341|[from] Stealth Rock","|move|p2a: Charizard|Fire Blast|p1a: Victini","|-resisted|p1a: Victini","|-damage|p1a: Victini|80/341","|","|-weather|SunnyDay|[upkeep]","|turn|18","|","|move|p1a: Victini|Zen Headbutt|p2a: Charizard","|-damage|p2a: Charizard|0 fnt","|faint|p2a: Charizard","|","|-weather|SunnyDay|[upkeep]","|","|switch|p2a: Landorus|Landorus, M|319/319","|turn|19","|","|move|p1a: Victini|Zen Headbutt|p2a: Landorus","|-crit|p2a: Landorus","|-damage|p2a: Landorus|124/319","|cant|p2a: Landorus|flinch","|","|-weather|SunnyDay|[upkeep]","|turn|20","|","|move|p1a: Victini|Zen Headbutt|p2a: Landorus","|-damage|p2a: Landorus|1/319","|move|p2a: Landorus|Earth Power|p1a: Victini","|-supereffective|p1a: Victini","|-damage|p1a: Victini|0 fnt","|faint|p1a: Victini","|","|-weather|none","|","|switch|p1a: Jirachi|Jirachi|341/341","|-damage|p1a: Jirachi|320/341|[from] Stealth Rock","|turn|21","|","|move|p1a: Jirachi|Heart Stamp|p2a: Landorus","|-damage|p2a: Landorus|0 fnt","|faint|p2a: Landorus","|","|","|switch|p2a: Chatot|Chatot, F|293/293","|turn|22","|","|move|p1a: Jirachi|Heart Stamp|p2a: Chatot","|-damage|p2a: Chatot|133/293","|move|p2a: Chatot|Chatter|p1a: Jirachi","|-resisted|p1a: Jirachi","|-damage|p1a: Jirachi|274/341","|-start|p1a: Jirachi|confusion","|","|turn|23","|","|-activate|p1a: Jirachi|confusion","|-damage|p1a: Jirachi|234/341|[from] confusion","|move|p2a: Chatot|Chatter|p1a: Jirachi","|-resisted|p1a: Jirachi","|-damage|p1a: Jirachi|189/341","|","|turn|24","|","|-end|p1a: Jirachi|confusion","|move|p1a: Jirachi|Heart Stamp|p2a: Chatot","|-damage|p2a: Chatot|0 fnt","|faint|p2a: Chatot","|","|win|MrNyanNyanz"],"p1rating":{"entryid":"6703862","serverid":"eos","formatid":"monotype","userid":"mrnyannyanz","username":"MrNyanNyanz","w":23,"l":"19","t":"0","gxe":52.6,"r":"1506.9606390427","rd":"57.504566753378","sigma":"0","rptime":"1438419600","rpr":1519.8905350958,"rprd":54.353388602055,"rpsigma":"0","acre":1156.4022007075,"lacre":1156.4022007075,"oldacre":"1135.3307317839"},"p2rating":{"entryid":"5765428","serverid":"eos","formatid":"monotype","userid":"marxbot","username":"Marx Bot","w":"196","l":291,"t":"0","gxe":41.2,"r":"1434.8210524771","rd":"25","sigma":"0","rptime":"1438419600","rpr":1432.622648407,"rprd":25,"rpsigma":"0","acre":1061.7000508829,"lacre":1061.7000508829,"oldacre":"1080.2781038792"},"endType":"normal"}