{"seed":[61990,31051,1519,43617],"turns":31,"p1":"Guard havarti2","p2":"Sovereign♕Mafetan","p1team":[{"name":"DRESS","species":"gardevoir","item":"lumberry","ability":"Synchronize","moves":["healbell","recycle","moonblast","painsplit"],"nature":"Calm","evs":{"hp":248,"atk":0,"def":0,"spa":8,"spd":252,"spe":0},"ivs":{"hp":31,"atk":31,"def":31,"spa":31,"spd":31,"spe":31}},{"name":"SPOONZ","species":"alakazam","item":"alakazite","ability":"Synchronize","moves":["focusblast","dazzlinggleam","psychic","recover"],"nature":"Timid","evs":{"hp":0,"atk":0,"def":0,"spa":252,"spd":4,"spe":252},"ivs":{"hp":31,"atk":31,"def":31,"spa":31,"spd":31,"spe":31}},{"name":"CANCERACHI","species":"jirachi","item":"leftovers","ability":"Serene Grace","moves":["bodyslam","ironhead","chargebeam","wish"],"nature":"Timid","evs":{"hp":252,"atk":0,"def":0,"spa":0,"spd":4,"spe":252},"ivs":{"hp":31,"atk":31,"def":31,"spa":31,"spd":31,"spe":31}},{"name":"CUTENESS","species":"mew","item":"lumberry","ability":"Synchronize","moves":["softboiled","calmmind","irondefense","psychic"],"nature":"Timid","evs":{"hp":248,"atk":0,"def":0,"spa":8,"spd":0,"spe":252},"ivs":{"hp":31,"atk":31,"def":31,"spa":31,"spd":31,"spe":31}},{"name":"SLOBRUH","species":"slowbro","item":"focussash","ability":"Regenerator","moves":["flamethrower","scald","slackoff","toxic"],"nature":"Bold","evs":{"hp":248,"atk":0,"def":252,"spa":8,"spd":0,"spe":0},"ivs":{"hp":31,"atk":31,"def":31,"spa":31,"spd":31,"spe":31}},{"name":"PSY KLEFKI","species":"meowstic","item":"lightclay","ability":"Prankster","moves":["reflect","lightscreen","thunderwave","psychic"],"nature":"Calm","evs":{"hp":248,"atk":0,"def":0,"spa":8,"spd":252,"spe":0},"ivs":{"hp":31,"atk":31,"def":31,"spa":31,"spd":31,"spe":31}}],"p2team":[{"name":"Gengar","species":"Gengar","item":"leftovers","ability":"Levitate","moves":["thunderbolt","willowisp","painsplit","shadowball"],"nature":"Timid","evs":{"hp":0,"atk":0,"def":0,"spa":252,"spd":4,"spe":252},"gender":"M","ivs":{"hp":31,"atk":31,"def":31,"spa":31,"spd":31,"spe":31}},{"name":"Venusaur","species":"Venusaur","item":"venusaurite","ability":"Overgrow","moves":["leechseed","gigadrain","sludgebomb","sleeppowder"],"nature":"Modest","evs":{"hp":248,"atk":0,"def":0,"spa":60,"spd":200,"spe":0},"gender":"M","shiny":true,"ivs":{"hp":31,"atk":31,"def":31,"spa":31,"spd":31,"spe":31}},{"name":"Tentacruel","species":"Tentacruel","item":"leftovers","ability":"Liquid Ooze","moves":["scald","dazzlinggleam","icebeam","acidspray"],"nature":"Timid","evs":{"hp":0,"atk":0,"def":0,"spa":252,"spd":4,"spe":252},"gender":"F","ivs":{"hp":31,"atk":31,"def":31,"spa":31,"spd":31,"spe":31}},{"name":"Drapion","species":"Drapion","item":"leftovers","ability":"Battle Armor","moves":["earthquake","knockoff","swordsdance","rockslide"],"nature":"Adamant","evs":{"hp":248,"atk":252,"def":0,"spa":0,"spd":0,"spe":8},"gender":"M","shiny":true,"ivs":{"hp":31,"atk":31,"def":31,"spa":31,"spd":31,"spe":31}},{"name":"Crobat","species":"Crobat","item":"leftovers","ability":"Infiltrator","moves":["bravebird","defog","roost","zenheadbutt"],"nature":"Adamant","evs":{"hp":248,"atk":252,"def":0,"spa":0,"spd":8,"spe":0},"gender":"F","shiny":true,"ivs":{"hp":31,"atk":31,"def":31,"spa":31,"spd":31,"spe":31}},{"name":"Venomoth","species":"Venomoth","item":"","ability":"Shield Dust","moves":["bugbuzz","quiverdance","roost","toxicspikes"],"nature":"Timid","evs":{"hp":248,"atk":0,"def":0,"spa":0,"spd":8,"spe":252},"gender":"F","ivs":{"hp":31,"atk":31,"def":31,"spa":31,"spd":31,"spe":31}}],"log":["|player|p1|Guard havarti2|guardhavarti2.png","|player|p2|Sovereign♕Mafetan|161","|gametype|singles","|gen|6","|tier|Monotype","|rated","|rule|Baton Pass Clause: Limit one Baton Passer, can't pass Spe and other stats simultaneously","|rule|Swagger Clause: Swagger is banned","|rule|Same Type Clause: Pokémon in a team must share a type","|clearpoke","|poke|p1|Gardevoir, M","|poke|p1|Alakazam, M","|poke|p1|Jirachi","|poke|p1|Mew","|poke|p1|Slowbro, M","|poke|p1|Meowstic, M","|poke|p2|Gengar, M","|poke|p2|Venusaur, M, shiny","|poke|p2|Tentacruel, F","|poke|p2|Drapion, M, shiny","|poke|p2|Crobat, F, shiny","|poke|p2|Venomoth, F","|rule|Sleep Clause Mod: Limit one foe put to sleep","|rule|Species Clause: Limit one of each Pokémon","|rule|OHKO Clause: OHKO moves are banned","|rule|Moody Clause: Moody is banned","|rule|Evasion Moves Clause: Evasion moves are banned","|rule|Endless Battle Clause: Forcing endless battles is banned","|rule|HP Percentage Mod: HP is shown in percentages","|teampreview","|","|start","|switch|p1a: SPOONZ|Alakazam, M|251/251","|switch|p2a: Venomoth|Venomoth, F|343/343","|turn|1","|","|detailschange|p1a: SPOONZ|Alakazam-Mega, M","|-mega|p1a: SPOONZ|Alakazam|Alakazite","|-ability|p1a: SPOONZ|Shield Dust|[from] ability: Trace|[of] p2a: Venomoth","|move|p1a: SPOONZ|Psychic|p2a: Venomoth","|-supereffective|p2a: Venomoth","|-damage|p2a: Venomoth|0 fnt","|faint|p2a: Venomoth","|","|","|switch|p2a: Drapion|Drapion, M, shiny|343/343","|turn|2","|","|move|p1a: SPOONZ|Dazzling Gleam|p2a: Drapion","|-damage|p2a: Drapion|198/343","|move|p2a: Drapion|Swords Dance|p2a: Drapion","|-boost|p2a: Drapion|atk|2","|","|-heal|p2a: Drapion|219/343|[from] item: Leftovers","|turn|3","|","|move|p1a: SPOONZ|Focus Blast|p2a: Drapion|[miss]","|-miss|p1a: SPOONZ|p2a: Drapion","|move|p2a: Drapion|Knock Off|p1a: SPOONZ","|-supereffective|p1a: SPOONZ","|-damage|p1a: SPOONZ|0 fnt","|faint|p1a: SPOONZ","|","|-heal|p2a: Drapion|240/343|[from] item: Leftovers","|","|switch|p1a: SLOBRUH|Slowbro, M|393/393","|turn|4","|","|move|p2a: Drapion|Knock Off|p1a: SLOBRUH","|-supereffective|p1a: SLOBRUH","|-enditem|p1a: SLOBRUH|Focus Sash","|-damage|p1a: SLOBRUH|1/393","|move|p1a: SLOBRUH|Flamethrower|p2a: Drapion","|-damage|p2a: Drapion|156/343","|","|-heal|p2a: Drapion|177/343|[from] item: Leftovers","|turn|5","|","|move|p2a: Drapion|Knock Off|p1a: SLOBRUH","|-supereffective|p1a: SLOBRUH","|-damage|p1a: SLOBRUH|0 fnt","|faint|p1a: SLOBRUH","|","|-heal|p2a: Drapion|198/343|[from] item: Leftovers","|","|switch|p1a: CANCERACHI|Jirachi|404/404","|turn|6","|","|move|p1a: CANCERACHI|Body Slam|p2a: Drapion","|-damage|p2a: Drapion|143/343","|-status|p2a: Drapion|par","|move|p2a: Drapion|Knock Off|p1a: CANCERACHI","|-supereffective|p1a: CANCERACHI","|-damage|p1a: CANCERACHI|0 fnt","|-enditem|p1a: CANCERACHI|Leftovers|[from] move: Knock Off|[of] p2a: Drapion","|faint|p1a: CANCERACHI","|","|-heal|p2a: Drapion|164/343 par|[from] item: Leftovers","|","|switch|p1a: DRESS|Gardevoir, M|339/339","|turn|7","|","|move|p1a: DRESS|Moonblast|p2a: Drapion","|-damage|p2a: Drapion|0 fnt","|faint|p2a: Drapion","|","|","|switch|p2a: Venusaur|Venusaur, M, shiny|363/363","|turn|8","|","|switch|p1a: CUTENESS|Mew|403/403","|detailschange|p2a: Venusaur|Venusaur-Mega, M, shiny","|-mega|p2a: Venusaur|Venusaur|Venusaurite","|move|p2a: Venusaur|Sleep Powder|p1a: CUTENESS","|-status|p1a: CUTENESS|slp","|-enditem|p1a: CUTENESS|Lum Berry|[eat]","|-curestatus|p1a: CUTENESS|slp","|","|turn|9","|","|move|p1a: CUTENESS|Calm Mind|p1a: CUTENESS","|-boost|p1a: CUTENESS|spa|1","|-boost|p1a: CUTENESS|spd|1","|move|p2a: Venusaur|Leech Seed|p1a: CUTENESS","|-start|p1a: CUTENESS|move: Leech Seed","|","|-damage|p1a: CUTENESS|353/403|[from] Leech Seed|[of] p2a: Venusaur","|turn|10","|","|move|p1a: CUTENESS|Psychic|p2a: Venusaur","|-supereffective|p2a: Venusaur","|-damage|p2a: Venusaur|121/363","|move|p2a: Venusaur|Sleep Powder|p1a: CUTENESS","|-status|p1a: CUTENESS|slp","|","|-damage|p1a: CUTENESS|303/403 slp|[from] Leech Seed|[of] p2a: Venusaur","|-heal|p2a: Venusaur|171/363|[silent]","|turn|11","|","|cant|p1a: CUTENESS|slp","|move|p2a: Venusaur|Giga Drain|p1a: CUTENESS","|-damage|p1a: CUTENESS|216/403 slp","|-heal|p2a: Venusaur|215/363|[from] drain|[of] p1a: CUTENESS","|","|-damage|p1a: CUTENESS|166/403 slp|[from] Leech Seed|[of] p2a: Venusaur","|-heal|p2a: Venusaur|265/363|[silent]","|turn|12","|","|cant|p1a: CUTENESS|slp","|move|p2a: Venusaur|Giga Drain|p1a: CUTENESS","|-damage|p1a: CUTENESS|90/403 slp","|-heal|p2a: Venusaur|303/363|[from] drain|[of] p1a: CUTENESS","|","|-damage|p1a: CUTENESS|40/403 slp|[from] Leech Seed|[of] p2a: Venusaur","|-heal|p2a: Venusaur|353/363|[silent]","|turn|13","|","|switch|p1a: DRESS|Gardevoir, M|339/339","|move|p2a: Venusaur|Giga Drain|p1a: DRESS","|-damage|p1a: DRESS|257/339","|-heal|p2a: Venusaur|363/363|[from] drain|[of] p1a: DRESS","|","|turn|14","|","|move|p2a: Venusaur|Sleep Powder|p1a: DRESS","|-message|Sleep Clause Mod activated.","|-immune|p1a: DRESS|[msg]","|move|p1a: DRESS|Heal Bell|p1a: DRESS","|-cureteam|p1a: DRESS|[from] move: HealBell","|","|turn|15","|","|switch|p1a: CUTENESS|Mew|40/403","|move|p2a: Venusaur|Sleep Powder|p1a: CUTENESS","|-status|p1a: CUTENESS|slp","|","|turn|16","|","|switch|p1a: DRESS|Gardevoir, M|257/339","|move|p2a: Venusaur|Leech Seed|p1a: DRESS","|-start|p1a: DRESS|move: Leech Seed","|","|-damage|p1a: DRESS|215/339|[from] Leech Seed|[of] p2a: Venusaur","|turn|17","|","|move|p1a: DRESS|Heal Bell|p1a: DRESS","|-cureteam|p1a: DRESS|[from] move: HealBell","|move|p2a: Venusaur|Giga Drain|p1a: DRESS","|-damage|p1a: DRESS|136/339","|","|-damage|p1a: DRESS|94/339|[from] Leech Seed|[of] p2a: Venusaur","|turn|18","|","|move|p2a: Venusaur|Giga Drain|p1a: DRESS","|-damage|p1a: DRESS|18/339","|move|p1a: DRESS|Pain Split|p2a: Venusaur","|-sethp|p2a: Venusaur|190/363|p1a: DRESS|190/339|[from] move: Pain Split","|","|-damage|p1a: DRESS|148/339|[from] Leech Seed|[of] p2a: Venusaur","|-heal|p2a: Venusaur|232/363|[silent]","|turn|19","|","|switch|p1a: PSY KLEFKI|Meowstic, M|351/351","|move|p2a: Venusaur|Sleep Powder|p1a: PSY KLEFKI","|-status|p1a: PSY KLEFKI|slp","|","|turn|20","|","|switch|p1a: CUTENESS|Mew|40/403","|move|p2a: Venusaur|Giga Drain|p1a: CUTENESS","|-damage|p1a: CUTENESS|0 fnt","|-heal|p2a: Venusaur|252/363|[from] drain|[of] p1a: CUTENESS","|faint|p1a: CUTENESS","|","|","|switch|p1a: DRESS|Gardevoir, M|148/339","|turn|21","|","|move|p1a: DRESS|Pain Split|p2a: Venusaur","|-sethp|p2a: Venusaur|200/363|p1a: DRESS|200/339|[from] move: Pain Split","|move|p2a: Venusaur|Sleep Powder|p1a: DRESS","|-message|Sleep Clause Mod activated.","|-immune|p1a: DRESS|[msg]","|","|turn|22","|","|move|p2a: Venusaur|Leech Seed|p1a: DRESS|[miss]","|-miss|p2a: Venusaur|p1a: DRESS","|move|p1a: DRESS|Moonblast|p2a: Venusaur","|-resisted|p2a: Venusaur","|-damage|p2a: Venusaur|147/363","|","|turn|23","|","|move|p1a: DRESS|Moonblast|p2a: Venusaur","|-resisted|p2a: Venusaur","|-damage|p2a: Venusaur|98/363","|move|p2a: Venusaur|Leech Seed|p1a: DRESS","|-start|p1a: DRESS|move: Leech Seed","|","|-damage|p1a: DRESS|158/339|[from] Leech Seed|[of] p2a: Venusaur","|-heal|p2a: Venusaur|140/363|[silent]","|turn|24","|","|switch|p1a: PSY KLEFKI|Meowstic, M|351/351 slp","|move|p2a: Venusaur|Giga Drain|p1a: PSY KLEFKI","|-damage|p1a: PSY KLEFKI|252/351 slp","|-heal|p2a: Venusaur|190/363|[from] drain|[of] p1a: PSY KLEFKI","|","|turn|25","|","|cant|p1a: PSY KLEFKI|slp","|move|p2a: Venusaur|Leech Seed|p1a: PSY KLEFKI","|-start|p1a: PSY KLEFKI|move: Leech Seed","|","|-damage|p1a: PSY KLEFKI|209/351 slp|[from] Leech Seed|[of] p2a: Venusaur","|-heal|p2a: Venusaur|233/363|[silent]","|turn|26","|","|cant|p1a: PSY KLEFKI|slp","|move|p2a: Venusaur|Giga Drain|p1a: PSY KLEFKI","|-damage|p1a: PSY KLEFKI|116/351 slp","|-heal|p2a: Venusaur|280/363|[from] drain|[of] p1a: PSY KLEFKI","|","|-damage|p1a: PSY KLEFKI|73/351 slp|[from] Leech Seed|[of] p2a: Venusaur","|-heal|p2a: Venusaur|323/363|[silent]","|turn|27","|","|cant|p1a: PSY KLEFKI|slp","|move|p2a: Venusaur|Giga Drain|p1a: PSY KLEFKI","|-damage|p1a: PSY KLEFKI|0 fnt","|-heal|p2a: Venusaur|360/363|[from] drain|[of] p1a: PSY KLEFKI","|faint|p1a: PSY KLEFKI","|","|","|switch|p1a: DRESS|Gardevoir, M|158/339","|turn|28","|","|move|p1a: DRESS|Pain Split|p2a: Venusaur","|-sethp|p2a: Venusaur|259/363|p1a: DRESS|259/339|[from] move: Pain Split","|move|p2a: Venusaur|Sleep Powder|p1a: DRESS","|-status|p1a: DRESS|slp","|-enditem|p1a: DRESS|Lum Berry|[eat]","|-curestatus|p1a: DRESS|slp","|","|turn|29","|","|move|p2a: Venusaur|Sleep Powder|p1a: DRESS","|-status|p1a: DRESS|slp","|cant|p1a: DRESS|slp","|","|turn|30","|","|cant|p1a: DRESS|slp","|move|p2a: Venusaur|Sludge Bomb|p1a: DRESS","|-supereffective|p1a: DRESS","|-damage|p1a: DRESS|61/339 slp","|","|turn|31","|","|-curestatus|p1a: DRESS|slp","|move|p1a: DRESS|Moonblast|p2a: Venusaur","|-resisted|p2a: Venusaur","|-damage|p2a: Venusaur|210/363","|-unboost|p2a: Venusaur|spa|1","|move|p2a: Venusaur|Sludge Bomb|p1a: DRESS","|-supereffective|p1a: DRESS","|-damage|p1a: DRESS|0 fnt","|faint|p1a: DRESS","|","|win|Sovereign♕Mafetan"],"p1rating":{"entryid":"6148561","serverid":"eos","formatid":"monotype","userid":"guardhavarti2","username":"Guard havarti2","w":"9","l":29,"t":"0","gxe":28,"r":"1309.2766952711","rd":"64.546274683903","sigma":"0","rptime":"1438333200","rpr":1319.1943635584,"rprd":63.10894005013,"rpsigma":"0","acre":1034.189607294,"lacre":1034.189607294,"oldacre":"1053.740036331"},"p2rating":{"entryid":"7289901","serverid":"eos","formatid":"monotype","userid":"sovereignmafetan","username":"Sovereign♕Mafetan","w":3,"l":"5","t":"0","gxe":43,"r":"1500","rd":"130","sigma":"0","rptime":"1438333200","rpr":1445.2645987703,"rprd":93.579972529807,"rpsigma":"0","acre":1064.2587561999,"lacre":1064.2587561999,"oldacre":"1025.0231059551"},"endType":"normal"}