{"seed":[59283,41915,10092,4499],"turns":29,"p1":"DMick","p2":"GTX♅Bzumzum","p1team":[{"name":"Venusaur","species":"Venusaur","item":"leftovers","ability":"Chlorophyll","moves":["sleeppowder","gigadrain","leechseed","sludgebomb"],"nature":"Timid","evs":{"hp":0,"atk":0,"def":0,"spa":252,"spd":4,"spe":252},"ivs":{"hp":31,"atk":31,"def":31,"spa":31,"spd":31,"spe":31}},{"name":"Nidoking","species":"Nidoking","item":"lifeorb","ability":"Sheer Force","moves":["sludgewave","earthpower","fireblast","thunderbolt"],"nature":"Timid","evs":{"hp":4,"atk":0,"def":0,"spa":252,"spd":0,"spe":252},"ivs":{"hp":31,"atk":31,"def":31,"spa":31,"spd":31,"spe":31}},{"name":"Gengar","species":"Gengar","item":"focussash","ability":"Levitate","moves":["destinybond","sludgewave","confuseray","shadowball"],"nature":"Timid","evs":{"hp":0,"atk":0,"def":0,"spa":252,"spd":4,"spe":252},"ivs":{"hp":31,"atk":31,"def":31,"spa":31,"spd":31,"spe":31}},{"name":"Scolipede","species":"Scolipede","item":"focussash","ability":"Speed Boost","moves":["swordsdance","earthquake","megahorn","poisonjab"],"nature":"Adamant","evs":{"hp":0,"atk":252,"def":0,"spa":0,"spd":4,"spe":252},"ivs":{"hp":31,"atk":31,"def":31,"spa":31,"spd":31,"spe":31}},{"name":"Tentacruel","species":"Tentacruel","item":"focussash","ability":"Liquid Ooze","moves":["rapidspin","scald","toxicspikes","icebeam"],"nature":"Timid","evs":{"hp":0,"atk":0,"def":0,"spa":252,"spd":4,"spe":252},"ivs":{"hp":31,"atk":31,"def":31,"spa":31,"spd":31,"spe":31}},{"name":"Beedrill","species":"Beedrill","item":"beedrillite","ability":"Swarm","moves":["uturn","protect","poisonjab","knockoff"],"nature":"Jolly","evs":{"hp":0,"atk":252,"def":0,"spa":0,"spd":4,"spe":252},"ivs":{"hp":31,"atk":31,"def":31,"spa":31,"spd":31,"spe":31}}],"p2team":[{"name":"Creeps","species":"sableye","item":"sablenite","ability":"Prankster","moves":["recover","willowisp","brickbreak","knockoff"],"nature":"Careful","evs":{"hp":236,"atk":16,"def":0,"spa":0,"spd":252,"spe":4},"gender":"M","ivs":{"hp":31,"atk":31,"def":31,"spa":31,"spd":31,"spe":31}},{"name":"Tallurk","species":"golurk","item":"choicescarf","ability":"No Guard","moves":["earthquake","dynamicpunch","rockslide","stealthrock"],"nature":"Jolly","evs":{"hp":0,"atk":224,"def":16,"spa":0,"spd":16,"spe":252},"shiny":true,"ivs":{"hp":31,"atk":31,"def":31,"spa":31,"spd":31,"spe":31}},{"name":"Cough Cough","species":"cofagrigus","item":"leftovers","ability":"Mummy","moves":["disable","hex","powersplit","infestation"],"nature":"Calm","evs":{"hp":252,"atk":0,"def":252,"spa":0,"spd":4,"spe":0},"gender":"M","ivs":{"hp":31,"atk":31,"def":31,"spa":31,"spd":31,"spe":31}},{"name":"Burn Baby!!!","species":"chandelure","item":"choicescarf","ability":"Flash Fire","moves":["clearsmog","overheat","psychic","shockwave"],"nature":"Timid","evs":{"hp":0,"atk":0,"def":0,"spa":252,"spd":4,"spe":252},"gender":"M","shiny":true,"ivs":{"hp":31,"atk":31,"def":31,"spa":31,"spd":31,"spe":31}},{"name":"Gassy","species":"gengar","item":"choicescarf","ability":"Levitate","moves":["dazzlinggleam","gigadrain","sludgewave","shadowball"],"nature":"Timid","evs":{"hp":0,"atk":0,"def":0,"spa":252,"spd":4,"spe":252},"gender":"M","shiny":true,"ivs":{"hp":31,"atk":31,"def":31,"spa":31,"spd":31,"spe":31}},{"name":"Aegislash","species":"Aegislash","item":"weaknesspolicy","ability":"Stance Change","moves":["kingsshield","shadowsneak","sacredsword","swordsdance"],"nature":"Adamant","evs":{"hp":248,"atk":252,"def":0,"spa":0,"spd":8,"spe":0},"gender":"M","shiny":true,"ivs":{"hp":31,"atk":31,"def":31,"spa":31,"spd":31,"spe":31}}],"log":["|player|p1|DMick|127","|player|p2|GTX♅Bzumzum|225","|gametype|singles","|gen|6","|tier|Monotype","|rated","|rule|Baton Pass Clause: Limit one Baton Passer, can't pass Spe and other stats simultaneously","|rule|Swagger Clause: Swagger is banned","|rule|Same Type Clause: Pokémon in a team must share a type","|clearpoke","|poke|p1|Venusaur, M","|poke|p1|Nidoking, M","|poke|p1|Gengar, F","|poke|p1|Scolipede, M","|poke|p1|Tentacruel, F","|poke|p1|Beedrill, F","|poke|p2|Sableye, M","|poke|p2|Golurk, shiny","|poke|p2|Cofagrigus, M","|poke|p2|Chandelure, M, shiny","|poke|p2|Gengar, M, shiny","|poke|p2|Aegislash, M, shiny","|rule|Sleep Clause Mod: Limit one foe put to sleep","|rule|Species Clause: Limit one of each Pokémon","|rule|OHKO Clause: OHKO moves are banned","|rule|Moody Clause: Moody is banned","|rule|Evasion Moves Clause: Evasion moves are banned","|rule|Endless Battle Clause: Forcing endless battles is banned","|rule|HP Percentage Mod: HP is shown in percentages","|teampreview","|","|start","|switch|p1a: Beedrill|Beedrill, F|271/271","|switch|p2a: Tallurk|Golurk, shiny|319/319","|turn|1","|","|detailschange|p1a: Beedrill|Beedrill-Mega, F","|-mega|p1a: Beedrill|Beedrill|Beedrillite","|move|p1a: Beedrill|Protect|p1a: Beedrill","|-singleturn|p1a: Beedrill|Protect","|move|p2a: Tallurk|Rock Slide|p1a: Beedrill","|-activate|p1a: Beedrill|Protect","|","|turn|2","|","|move|p1a: Beedrill|U-turn|p2a: Tallurk","|-resisted|p2a: Tallurk","|-damage|p2a: Tallurk|200/319","|","|switch|p1a: Gengar|Gengar, F|261/261","|move|p2a: Tallurk|Rock Slide|p1a: Gengar","|-damage|p1a: Gengar|125/261","|","|turn|3","|","|switch|p2a: Creeps|Sableye, M|300/300","|move|p1a: Gengar|Shadow Ball|p2a: Creeps","|-damage|p2a: Creeps|173/300","|","|turn|4","|","|move|p2a: Creeps|Will-O-Wisp|p1a: Gengar","|-status|p1a: Gengar|brn","|move|p1a: Gengar|Sludge Wave|p2a: Creeps","|-resisted|p2a: Creeps","|-damage|p2a: Creeps|95/300","|","|-damage|p1a: Gengar|93/261 brn|[from] brn","|turn|5","|","|detailschange|p2a: Creeps|Sableye-Mega, M","|-mega|p2a: Creeps|Sableye|Sablenite","|move|p2a: Creeps|Recover|p2a: Creeps","|-heal|p2a: Creeps|245/300","|move|p1a: Gengar|Shadow Ball|p2a: Creeps","|-damage|p2a: Creeps|157/300","|","|-damage|p1a: Gengar|61/261 brn|[from] brn","|turn|6","|","|move|p1a: Gengar|Confuse Ray|p2a: Creeps","|move|p2a: Creeps|Confuse Ray|p1a: Gengar|[from]Magic Bounce","|-start|p1a: Gengar|confusion","|move|p2a: Creeps|Recover|p2a: Creeps","|-heal|p2a: Creeps|300/300","|","|-damage|p1a: Gengar|29/261 brn|[from] brn","|turn|7","|","|switch|p2a: Tallurk|Golurk, shiny|200/319","|-activate|p1a: Gengar|confusion","|-damage|p1a: Gengar|14/261 brn|[from] confusion","|","|-damage|p1a: Gengar|0 fnt|[from] brn","|faint|p1a: Gengar","|","|switch|p1a: Venusaur|Venusaur, M|301/301","|turn|8","|","|move|p2a: Tallurk|Stealth Rock|p1a: Venusaur","|-sidestart|p1: DMick|move: Stealth Rock","|move|p1a: Venusaur|Giga Drain|p2a: Tallurk","|-crit|p2a: Tallurk","|-supereffective|p2a: Tallurk","|-damage|p2a: Tallurk|0 fnt","|faint|p2a: Tallurk","|","|","|switch|p2a: Burn Baby!!!|Chandelure, M, shiny|261/261","|turn|9","|","|move|p2a: Burn Baby!!!|Psychic|p1a: Venusaur","|-supereffective|p1a: Venusaur","|-damage|p1a: Venusaur|53/301","|move|p1a: Venusaur|Sleep Powder|p2a: Burn Baby!!!","|-status|p2a: Burn Baby!!!|slp","|","|-heal|p1a: Venusaur|71/301|[from] item: Leftovers","|turn|10","|","|switch|p2a: Creeps|Sableye-Mega, M|300/300","|move|p1a: Venusaur|Leech Seed|p2a: Creeps","|move|p2a: Creeps|Leech Seed|p1a: Venusaur|[from]Magic Bounce","|-immune|p1a: Venusaur|[msg]","|","|-heal|p1a: Venusaur|89/301|[from] item: Leftovers","|turn|11","|","|move|p1a: Venusaur|Giga Drain|p2a: Creeps","|-damage|p2a: Creeps|228/300","|-heal|p1a: Venusaur|125/301|[from] drain|[of] p2a: Creeps","|move|p2a: Creeps|Will-O-Wisp|p1a: Venusaur","|-status|p1a: Venusaur|brn","|","|-heal|p1a: Venusaur|143/301 brn|[from] item: Leftovers","|-damage|p1a: Venusaur|106/301 brn|[from] brn","|turn|12","|","|move|p1a: Venusaur|Giga Drain|p2a: Creeps","|-damage|p2a: Creeps|155/300","|-heal|p1a: Venusaur|143/301 brn|[from] drain|[of] p2a: Creeps","|move|p2a: Creeps|Knock Off|p1a: Venusaur","|-damage|p1a: Venusaur|32/301 brn","|-enditem|p1a: Venusaur|Leftovers|[from] move: Knock Off|[of] p2a: Creeps","|","|-damage|p1a: Venusaur|0 fnt|[from] brn","|faint|p1a: Venusaur","|","|switch|p1a: Scolipede|Scolipede, M|261/261","|-damage|p1a: Scolipede|196/261|[from] Stealth Rock","|turn|13","|","|move|p1a: Scolipede|Megahorn|p2a: Creeps","|-damage|p2a: Creeps|0 fnt","|faint|p2a: Creeps","|","|-boost|p1a: Scolipede|spe|1|[from] ability: Speed Boost","|","|switch|p2a: Cough Cough|Cofagrigus, M|320/320","|turn|14","|","|move|p1a: Scolipede|Swords Dance|p1a: Scolipede","|-boost|p1a: Scolipede|atk|2","|move|p2a: Cough Cough|Power Split|p1a: Scolipede","|-activate|p2a: Cough Cough|Power Split|[of] p1a: Scolipede","|","|-boost|p1a: Scolipede|spe|1|[from] ability: Speed Boost","|turn|15","|","|move|p1a: Scolipede|Earthquake|p2a: Cough Cough","|-crit|p2a: Cough Cough","|-damage|p2a: Cough Cough|189/320","|move|p2a: Cough Cough|Disable|p1a: Scolipede","|-start|p1a: Scolipede|Disable|Earthquake","|","|-heal|p2a: Cough Cough|209/320|[from] item: Leftovers","|-boost|p1a: Scolipede|spe|1|[from] ability: Speed Boost","|turn|16","|","|move|p1a: Scolipede|Swords Dance|p1a: Scolipede","|-boost|p1a: Scolipede|atk|2","|move|p2a: Cough Cough|Hex|p1a: Scolipede","|-damage|p1a: Scolipede|114/261","|","|-heal|p2a: Cough Cough|229/320|[from] item: Leftovers","|-boost|p1a: Scolipede|spe|1|[from] ability: Speed Boost","|turn|17","|","|move|p1a: Scolipede|Megahorn|p2a: Cough Cough","|-resisted|p2a: Cough Cough","|-damage|p2a: Cough Cough|104/320","|-endability|p1a: Scolipede|speedboost|[from] Mummy","|-ability|p1a: Scolipede|Mummy|[from] Mummy","|move|p2a: Cough Cough|Infestation|p1a: Scolipede","|-resisted|p1a: Scolipede","|-damage|p1a: Scolipede|105/261","|-activate|p1a: Scolipede|move: Infestation|[of] p2a: Cough Cough","|","|-heal|p2a: Cough Cough|124/320|[from] item: Leftovers","|-damage|p1a: Scolipede|73/261|[from] move: Infestation|[partiallytrapped]","|turn|18","|","|move|p1a: Scolipede|Megahorn|p2a: Cough Cough","|-resisted|p2a: Cough Cough","|-damage|p2a: Cough Cough|0 fnt","|faint|p2a: Cough Cough","|","|","|switch|p2a: Burn Baby!!!|Chandelure, M, shiny|261/261 slp","|turn|19","|","|move|p1a: Scolipede|Poison Jab|p2a: Burn Baby!!!","|-resisted|p2a: Burn Baby!!!","|-damage|p2a: Burn Baby!!!|108/261 slp","|cant|p2a: Burn Baby!!!|slp","|","|-end|p1a: Scolipede|Disable","|turn|20","|","|move|p1a: Scolipede|Poison Jab|p2a: Burn Baby!!!","|-resisted|p2a: Burn Baby!!!","|-damage|p2a: Burn Baby!!!|0 fnt","|faint|p2a: Burn Baby!!!","|","|","|switch|p2a: Aegislash|Aegislash, M, shiny|323/323","|turn|21","|","|-formechange|p2a: Aegislash|Aegislash-Blade","|move|p2a: Aegislash|Shadow Sneak|p1a: Scolipede","|-crit|p1a: Scolipede","|-damage|p1a: Scolipede|0 fnt","|faint|p1a: Scolipede","|","|","|switch|p1a: Beedrill|Beedrill-Mega, F|271/271","|-damage|p1a: Beedrill|204/271|[from] Stealth Rock","|turn|22","|","|move|p1a: Beedrill|Protect|p1a: Beedrill","|-singleturn|p1a: Beedrill|Protect","|-formechange|p2a: Aegislash|Aegislash","|move|p2a: Aegislash|King's Shield|p2a: Aegislash","|-fail|p2a: Aegislash","|","|turn|23","|","|move|p1a: Beedrill|Protect|p1a: Beedrill","|-fail|p1a: Beedrill","|move|p2a: Aegislash|King's Shield|p2a: Aegislash","|-fail|p2a: Aegislash","|","|turn|24","|","|move|p1a: Beedrill|Knock Off|p2a: Aegislash","|-supereffective|p2a: Aegislash","|-damage|p2a: Aegislash|153/323","|-enditem|p2a: Aegislash|Weakness Policy","|-boost|p2a: Aegislash|atk|2|[from] item: Weakness Policy","|-boost|p2a: Aegislash|spa|2|[from] item: Weakness Policy","|move|p2a: Aegislash|Swords Dance|p2a: Aegislash","|-boost|p2a: Aegislash|atk|2","|","|turn|25","|","|-formechange|p2a: Aegislash|Aegislash-Blade","|move|p2a: Aegislash|Shadow Sneak|p1a: Beedrill","|-damage|p1a: Beedrill|0 fnt","|faint|p1a: Beedrill","|","|","|switch|p1a: Nidoking|Nidoking, M|304/304","|-damage|p1a: Nidoking|285/304|[from] Stealth Rock","|turn|26","|","|move|p1a: Nidoking|Earth Power|p2a: Aegislash","|-supereffective|p2a: Aegislash","|-damage|p2a: Aegislash|0 fnt","|faint|p2a: Aegislash","|","|","|switch|p2a: Gassy|Gengar, M, shiny|261/261","|turn|27","|","|move|p2a: Gassy|Shadow Ball|p1a: Nidoking","|-damage|p1a: Nidoking|107/304","|-unboost|p1a: Nidoking|spd|1","|move|p1a: Nidoking|Thunderbolt|p2a: Gassy","|-damage|p2a: Gassy|87/261","|","|turn|28","|","|move|p2a: Gassy|Shadow Ball|p1a: Nidoking","|-damage|p1a: Nidoking|0 fnt","|faint|p1a: Nidoking","|","|","|switch|p1a: Tentacruel|Tentacruel, F|301/301","|-damage|p1a: Tentacruel|264/301|[from] Stealth Rock","|turn|29","|","|move|p2a: Gassy|Shadow Ball|p1a: Tentacruel","|-damage|p1a: Tentacruel|132/301","|move|p1a: Tentacruel|Scald|p2a: Gassy","|-damage|p2a: Gassy|0 fnt","|faint|p2a: Gassy","|","|win|DMick"],"p1rating":{"entryid":7314308,"formatid":"monotype","userid":"dmick","username":"DMick","r":1500,"rd":130,"sigma":0,"rpr":1518.0236635666,"rprd":124.56572535182,"rpsigma":0,"rptime":1438419600,"w":1,"l":0,"t":0,"gxe":52.3,"acre":1047.1872054291,"lacre":1047.1872054291,"oldacre":1000},"p2rating":{"entryid":"6857825","serverid":"eos","formatid":"monotype","userid":"gtxbzumzum","username":"GTX♅Bzumzum","w":"18","l":68,"t":"0","gxe":22.7,"r":1269.777413575,"rd":42.18793743722,"sigma":"0","rptime":1438419600,"rpr":1267.6459470101,"rprd":42.002597338001,"rpsigma":"0","acre":1040.1477445576,"lacre":1040.1477445576,"oldacre":"1063.1124153145"},"endType":"normal"}