{"seed":[51140,20296,14843,43830],"turns":97,"p1":"SWL Soul Eclipse","p2":"Sovereign♕Mothra","p1team":[{"name":"Clefable","species":"Clefable","item":"leftovers","ability":"Magic Guard","moves":["cosmicpower","storedpower","wish","protect"],"nature":"Calm","evs":{"hp":252,"atk":0,"def":0,"spa":4,"spd":252,"spe":0},"ivs":{"hp":31,"atk":31,"def":31,"spa":31,"spd":31,"spe":31}},{"name":"Diancie","species":"Diancie","item":"diancite","ability":"Clear Body","moves":["moonblast","diamondstorm","earthpower","toxic"],"nature":"Gentle","evs":{"hp":248,"atk":8,"def":0,"spa":0,"spd":252,"spe":0},"ivs":{"hp":31,"atk":31,"def":31,"spa":31,"spd":31,"spe":31}},{"name":"Klefki","species":"Klefki","item":"lightclay","ability":"Prankster","moves":["lightscreen","reflect","thunderwave","dazzlinggleam"],"nature":"Bold","evs":{"hp":248,"atk":0,"def":252,"spa":8,"spd":0,"spe":0},"ivs":{"hp":31,"atk":31,"def":31,"spa":31,"spd":31,"spe":31}},{"name":"Togekiss","species":"Togekiss","item":"leftovers","ability":"Serene Grace","moves":["airslash","dazzlinggleam","healbell","wish"],"nature":"Calm","evs":{"hp":252,"atk":0,"def":0,"spa":4,"spd":252,"spe":0},"ivs":{"hp":31,"atk":31,"def":31,"spa":31,"spd":31,"spe":31}},{"name":"Gardevoir","species":"Gardevoir","item":"leftovers","ability":"Trace","moves":["destinybond","focusblast","psyshock","moonblast"],"nature":"Modest","evs":{"hp":252,"atk":0,"def":0,"spa":252,"spd":4,"spe":0},"ivs":{"hp":31,"atk":31,"def":31,"spa":31,"spd":31,"spe":31}},{"name":"Whimsicott","species":"Whimsicott","item":"leftovers","ability":"Prankster","moves":["cottonguard","substitute","hurricane","leechseed"],"nature":"Modest","evs":{"hp":252,"atk":0,"def":0,"spa":252,"spd":4,"spe":0},"ivs":{"hp":31,"atk":31,"def":31,"spa":31,"spd":31,"spe":31}}],"p2team":[{"name":"Genesect","species":"Genesect","item":"choicescarf","ability":"Download","moves":["energyball","icebeam","uturn","ironhead"],"nature":"Hasty","evs":{"hp":0,"atk":4,"def":0,"spa":252,"spd":0,"spe":252},"ivs":{"hp":31,"atk":31,"def":31,"spa":31,"spd":31,"spe":31}},{"name":"Pinsir","species":"Pinsir","item":"pinsirite","ability":"Moxie","moves":["feint","earthquake","frustration","swordsdance"],"nature":"Jolly","evs":{"hp":0,"atk":252,"def":0,"spa":0,"spd":4,"spe":252},"happiness":0,"ivs":{"hp":31,"atk":31,"def":31,"spa":31,"spd":31,"spe":31}},{"name":"Shuckle","species":"Shuckle","item":"mentalherb","ability":"Sturdy","moves":["stealthrock","stickyweb","toxic","encore"],"nature":"Calm","evs":{"hp":248,"atk":0,"def":8,"spa":0,"spd":252,"spe":0},"ivs":{"hp":31,"atk":31,"def":31,"spa":31,"spd":31,"spe":31}},{"name":"Volcarona","species":"Volcarona","item":"lumberry","ability":"Flame Body","moves":["quiverdance","roost","hiddenpowerground","fierydance"],"nature":"Bold","evs":{"hp":248,"atk":0,"def":208,"spa":0,"spd":0,"spe":52},"ivs":{"hp":31,"atk":0,"def":31,"spa":30,"spd":30,"spe":31}},{"name":"Scizor","species":"Scizor","item":"leftovers","ability":"Technician","moves":["bulletpunch","uturn","roost","defog"],"nature":"Impish","evs":{"hp":248,"atk":8,"def":252,"spa":0,"spd":0,"spe":0},"ivs":{"hp":31,"atk":31,"def":31,"spa":31,"spd":31,"spe":31}},{"name":"Heracross","species":"Heracross","item":"choicescarf","ability":"Moxie","moves":["closecombat","earthquake","megahorn","stoneedge"],"nature":"Jolly","evs":{"hp":0,"atk":252,"def":4,"spa":0,"spd":0,"spe":252},"ivs":{"hp":31,"atk":31,"def":31,"spa":31,"spd":31,"spe":31}}],"log":["|player|p1|SWL Soul Eclipse|swlsouleclipse.png","|player|p2|Sovereign♕Mothra|150","|gametype|singles","|gen|6","|tier|Monotype","|rated","|rule|Baton Pass Clause: Limit one Baton Passer, can't pass Spe and other stats simultaneously","|rule|Swagger Clause: Swagger is banned","|rule|Same Type Clause: Pokémon in a team must share a type","|clearpoke","|poke|p1|Clefable, F","|poke|p1|Diancie","|poke|p1|Klefki, M","|poke|p1|Togekiss, F","|poke|p1|Gardevoir, F","|poke|p1|Whimsicott, F","|poke|p2|Genesect-*","|poke|p2|Pinsir, M","|poke|p2|Shuckle, F","|poke|p2|Volcarona, F","|poke|p2|Scizor, F","|poke|p2|Heracross, F","|rule|Sleep Clause Mod: Limit one foe put to sleep","|rule|Species Clause: Limit one of each Pokémon","|rule|OHKO Clause: OHKO moves are banned","|rule|Moody Clause: Moody is banned","|rule|Evasion Moves Clause: Evasion moves are banned","|rule|Endless Battle Clause: Forcing endless battles is banned","|rule|HP Percentage Mod: HP is shown in percentages","|teampreview","|","|start","|switch|p1a: Klefki|Klefki, M|317/317","|switch|p2a: Shuckle|Shuckle, F|243/243","|turn|1","|","|move|p1a: Klefki|Thunder Wave|p2a: Shuckle","|-status|p2a: Shuckle|par","|cant|p2a: Shuckle|par","|","|turn|2","|","|move|p1a: Klefki|Reflect|p1a: Klefki","|-sidestart|p1: SWL Soul Eclipse|Reflect","|cant|p2a: Shuckle|par","|","|turn|3","|","|move|p1a: Klefki|Light Screen|p1a: Klefki","|-sidestart|p1: SWL Soul Eclipse|move: Light Screen","|cant|p2a: Shuckle|par","|","|turn|4","|","|switch|p1a: Whimsicott|Whimsicott, F|324/324","|move|p2a: Shuckle|Toxic|p1a: Whimsicott","|-status|p1a: Whimsicott|tox","|","|-damage|p1a: Whimsicott|304/324 tox|[from] psn","|turn|5","|","|move|p1a: Whimsicott|Hurricane|p2a: Shuckle","|-damage|p2a: Shuckle|201/243 par","|-start|p2a: Shuckle|confusion","|-activate|p2a: Shuckle|confusion","|cant|p2a: Shuckle|par","|","|-heal|p1a: Whimsicott|324/324 tox|[from] item: Leftovers","|-damage|p1a: Whimsicott|284/324 tox|[from] psn","|turn|6","|","|switch|p1a: Clefable|Clefable, F|394/394","|-end|p2a: Shuckle|confusion","|move|p2a: Shuckle|Stealth Rock|p1a: Clefable","|-sidestart|p1: SWL Soul Eclipse|move: Stealth Rock","|","|turn|7","|","|move|p1a: Clefable|Cosmic Power|p1a: Clefable","|-boost|p1a: Clefable|def|1","|-boost|p1a: Clefable|spd|1","|move|p2a: Shuckle|Sticky Web|p1a: Clefable","|-sidestart|p1: SWL Soul Eclipse|move: Sticky Web","|","|turn|8","|","|move|p1a: Clefable|Cosmic Power|p1a: Clefable","|-boost|p1a: Clefable|def|1","|-boost|p1a: Clefable|spd|1","|move|p2a: Shuckle|Encore|p1a: Clefable","|-start|p1a: Clefable|Encore","|","|turn|9","|","|switch|p2a: Genesect|Genesect|283/283","|-boost|p2a: Genesect|atk|1|[from] ability: Download","|move|p1a: Clefable|Cosmic Power|p1a: Clefable","|-boost|p1a: Clefable|def|1","|-boost|p1a: Clefable|spd|1","|","|-sideend|p1: SWL Soul Eclipse|Reflect","|turn|10","|","|move|p2a: Genesect|Iron Head|p1a: Clefable","|-supereffective|p1a: Clefable","|-damage|p1a: Clefable|232/394","|move|p1a: Clefable|Cosmic Power|p1a: Clefable","|-boost|p1a: Clefable|def|1","|-boost|p1a: Clefable|spd|1","|","|-heal|p1a: Clefable|256/394|[from] item: Leftovers","|-sideend|p1: SWL Soul Eclipse|move: Light Screen","|turn|11","|","|move|p2a: Genesect|Iron Head|p1a: Clefable","|-supereffective|p1a: Clefable","|-damage|p1a: Clefable|104/394","|move|p1a: Clefable|Cosmic Power|p1a: Clefable","|-boost|p1a: Clefable|def|1","|-boost|p1a: Clefable|spd|1","|","|-heal|p1a: Clefable|128/394|[from] item: Leftovers","|-end|p1a: Clefable|Encore","|turn|12","|","|move|p1a: Clefable|Protect|p1a: Clefable","|-singleturn|p1a: Clefable|Protect","|move|p2a: Genesect|Iron Head|p1a: Clefable","|-activate|p1a: Clefable|Protect","|","|-heal|p1a: Clefable|152/394|[from] item: Leftovers","|turn|13","|","|switch|p2a: Scizor|Scizor, F|343/343","|move|p1a: Clefable|Wish|p1a: Clefable","|","|-heal|p1a: Clefable|176/394|[from] item: Leftovers","|turn|14","|","|move|p1a: Clefable|Protect|p1a: Clefable","|-singleturn|p1a: Clefable|Protect","|move|p2a: Scizor|Bullet Punch|p1a: Clefable","|-activate|p1a: Clefable|Protect","|","|-heal|p1a: Clefable|373/394|[from] move: Wish|[wisher] Clefable","|-heal|p1a: Clefable|394/394|[from] item: Leftovers","|turn|15","|","|move|p2a: Scizor|Bullet Punch|p1a: Clefable","|-supereffective|p1a: Clefable","|-damage|p1a: Clefable|322/394","|move|p1a: Clefable|Stored Power|p2a: Scizor","|-resisted|p2a: Scizor","|-damage|p2a: Scizor|252/343","|","|-heal|p2a: Scizor|273/343|[from] item: Leftovers","|-heal|p1a: Clefable|346/394|[from] item: Leftovers","|turn|16","|","|move|p2a: Scizor|Bullet Punch|p1a: Clefable","|-supereffective|p1a: Clefable","|-damage|p1a: Clefable|284/394","|move|p1a: Clefable|Cosmic Power|p1a: Clefable","|-boost|p1a: Clefable|def|1","|-boost|p1a: Clefable|spd|1","|","|-heal|p2a: Scizor|294/343|[from] item: Leftovers","|-heal|p1a: Clefable|308/394|[from] item: Leftovers","|turn|17","|","|move|p2a: Scizor|Bullet Punch|p1a: Clefable","|-supereffective|p1a: Clefable","|-damage|p1a: Clefable|242/394","|move|p1a: Clefable|Wish|p1a: Clefable","|","|-heal|p2a: Scizor|315/343|[from] item: Leftovers","|-heal|p1a: Clefable|266/394|[from] item: Leftovers","|turn|18","|","|switch|p2a: Shuckle|Shuckle, F|201/243 par","|move|p1a: Clefable|Stored Power|p2a: Shuckle","|-damage|p2a: Shuckle|129/243 par","|","|-heal|p1a: Clefable|394/394|[from] move: Wish|[wisher] Clefable","|turn|19","|","|move|p1a: Clefable|Stored Power|p2a: Shuckle","|-damage|p2a: Shuckle|50/243 par","|move|p2a: Shuckle|Encore|p1a: Clefable","|-start|p1a: Clefable|Encore","|","|turn|20","|","|move|p1a: Clefable|Stored Power|p2a: Shuckle","|-damage|p2a: Shuckle|0 fnt","|faint|p2a: Shuckle","|","|","|switch|p2a: Genesect|Genesect|283/283","|-boost|p2a: Genesect|atk|1|[from] ability: Download","|turn|21","|","|move|p2a: Genesect|Iron Head|p1a: Clefable","|-supereffective|p1a: Clefable","|-damage|p1a: Clefable|286/394","|move|p1a: Clefable|Stored Power|p2a: Genesect","|-resisted|p2a: Genesect","|-damage|p2a: Genesect|182/283","|","|-heal|p1a: Clefable|310/394|[from] item: Leftovers","|turn|22","|","|move|p2a: Genesect|Iron Head|p1a: Clefable","|-supereffective|p1a: Clefable","|-damage|p1a: Clefable|196/394","|move|p1a: Clefable|Stored Power|p2a: Genesect","|-resisted|p2a: Genesect","|-damage|p2a: Genesect|78/283","|","|-heal|p1a: Clefable|220/394|[from] item: Leftovers","|-end|p1a: Clefable|Encore","|turn|23","|","|switch|p2a: Volcarona|Volcarona, F|373/373","|move|p1a: Clefable|Stored Power|p2a: Volcarona","|-damage|p2a: Volcarona|174/373","|","|-heal|p1a: Clefable|244/394|[from] item: Leftovers","|turn|24","|","|move|p2a: Volcarona|Quiver Dance|p2a: Volcarona","|-boost|p2a: Volcarona|spa|1","|-boost|p2a: Volcarona|spd|1","|-boost|p2a: Volcarona|spe|1","|move|p1a: Clefable|Stored Power|p2a: Volcarona","|-damage|p2a: Volcarona|40/373","|","|-heal|p1a: Clefable|268/394|[from] item: Leftovers","|turn|25","|","|move|p2a: Volcarona|Roost|p2a: Volcarona","|-heal|p2a: Volcarona|227/373","|move|p1a: Clefable|Stored Power|p2a: Volcarona","|-damage|p2a: Volcarona|103/373","|","|-heal|p1a: Clefable|292/394|[from] item: Leftovers","|turn|26","|","|move|p2a: Volcarona|Roost|p2a: Volcarona","|-heal|p2a: Volcarona|290/373","|move|p1a: Clefable|Stored Power|p2a: Volcarona","|-damage|p2a: Volcarona|160/373","|","|-heal|p1a: Clefable|316/394|[from] item: Leftovers","|turn|27","|","|move|p2a: Volcarona|Roost|p2a: Volcarona","|-heal|p2a: Volcarona|347/373","|move|p1a: Clefable|Wish|p1a: Clefable","|","|-heal|p1a: Clefable|340/394|[from] item: Leftovers","|turn|28","|","|move|p2a: Volcarona|Quiver Dance|p2a: Volcarona","|-boost|p2a: Volcarona|spa|1","|-boost|p2a: Volcarona|spd|1","|-boost|p2a: Volcarona|spe|1","|move|p1a: Clefable|Stored Power|p2a: Volcarona","|-damage|p2a: Volcarona|256/373","|","|-heal|p1a: Clefable|394/394|[from] move: Wish|[wisher] Clefable","|turn|29","|","|move|p2a: Volcarona|Quiver Dance|p2a: Volcarona","|-boost|p2a: Volcarona|spa|1","|-boost|p2a: Volcarona|spd|1","|-boost|p2a: Volcarona|spe|1","|move|p1a: Clefable|Stored Power|p2a: Volcarona","|-damage|p2a: Volcarona|181/373","|","|turn|30","|","|move|p2a: Volcarona|Roost|p2a: Volcarona","|-heal|p2a: Volcarona|368/373","|move|p1a: Clefable|Stored Power|p2a: Volcarona","|-damage|p2a: Volcarona|292/373","|","|turn|31","|","|move|p2a: Volcarona|Quiver Dance|p2a: Volcarona","|-boost|p2a: Volcarona|spa|1","|-boost|p2a: Volcarona|spd|1","|-boost|p2a: Volcarona|spe|1","|move|p1a: Clefable|Stored Power|p2a: Volcarona","|-damage|p2a: Volcarona|227/373","|","|turn|32","|","|move|p2a: Volcarona|Roost|p2a: Volcarona","|-heal|p2a: Volcarona|373/373","|move|p1a: Clefable|Cosmic Power|p1a: Clefable","|-fail|p1a: Clefable","|","|turn|33","|","|move|p2a: Volcarona|Quiver Dance|p2a: Volcarona","|-boost|p2a: Volcarona|spa|1","|-boost|p2a: Volcarona|spd|1","|-boost|p2a: Volcarona|spe|1","|move|p1a: Clefable|Cosmic Power|p1a: Clefable","|-fail|p1a: Clefable","|","|turn|34","|","|move|p2a: Volcarona|Quiver Dance|p2a: Volcarona","|-boost|p2a: Volcarona|spa|1","|-boost|p2a: Volcarona|spd|1","|-boost|p2a: Volcarona|spe|1","|move|p1a: Clefable|Cosmic Power|p1a: Clefable","|-fail|p1a: Clefable","|","|turn|35","|","|move|p2a: Volcarona|Quiver Dance|p2a: Volcarona","|-fail|p2a: Volcarona","|move|p1a: Clefable|Cosmic Power|p1a: Clefable","|-fail|p1a: Clefable","|","|turn|36","|","|move|p2a: Volcarona|Quiver Dance|p2a: Volcarona","|-fail|p2a: Volcarona","|move|p1a: Clefable|Cosmic Power|p1a: Clefable","|-fail|p1a: Clefable","|","|turn|37","|","|move|p2a: Volcarona|Quiver Dance|p2a: Volcarona","|-fail|p2a: Volcarona","|move|p1a: Clefable|Cosmic Power|p1a: Clefable","|-fail|p1a: Clefable","|","|turn|38","|","|move|p2a: Volcarona|Quiver Dance|p2a: Volcarona","|-fail|p2a: Volcarona","|move|p1a: Clefable|Cosmic Power|p1a: Clefable","|-fail|p1a: Clefable","|","|turn|39","|","|move|p2a: Volcarona|Quiver Dance|p2a: Volcarona","|-fail|p2a: Volcarona","|move|p1a: Clefable|Cosmic Power|p1a: Clefable","|-fail|p1a: Clefable","|","|turn|40","|","|move|p2a: Volcarona|Quiver Dance|p2a: Volcarona","|-fail|p2a: Volcarona","|move|p1a: Clefable|Cosmic Power|p1a: Clefable","|-fail|p1a: Clefable","|","|turn|41","|","|move|p2a: Volcarona|Quiver Dance|p2a: Volcarona","|-fail|p2a: Volcarona","|move|p1a: Clefable|Cosmic Power|p1a: Clefable","|-fail|p1a: Clefable","|","|turn|42","|","|move|p2a: Volcarona|Quiver Dance|p2a: Volcarona","|-fail|p2a: Volcarona","|move|p1a: Clefable|Cosmic Power|p1a: Clefable","|-fail|p1a: Clefable","|","|turn|43","|","|move|p2a: Volcarona|Hidden Power|p1a: Clefable","|-damage|p1a: Clefable|350/394","|move|p1a: Clefable|Cosmic Power|p1a: Clefable","|-fail|p1a: Clefable","|","|-heal|p1a: Clefable|374/394|[from] item: Leftovers","|turn|44","|","|move|p2a: Volcarona|Quiver Dance|p2a: Volcarona","|-fail|p2a: Volcarona","|move|p1a: Clefable|Cosmic Power|p1a: Clefable","|-fail|p1a: Clefable","|","|-heal|p1a: Clefable|394/394|[from] item: Leftovers","|turn|45","|","|move|p2a: Volcarona|Hidden Power|p1a: Clefable","|-damage|p1a: Clefable|345/394","|move|p1a: Clefable|Cosmic Power|p1a: Clefable","|-fail|p1a: Clefable","|","|-heal|p1a: Clefable|369/394|[from] item: Leftovers","|turn|46","|","|move|p2a: Volcarona|Hidden Power|p1a: Clefable","|-damage|p1a: Clefable|319/394","|move|p1a: Clefable|Cosmic Power|p1a: Clefable","|-fail|p1a: Clefable","|","|-heal|p1a: Clefable|343/394|[from] item: Leftovers","|turn|47","|","|move|p2a: Volcarona|Hidden Power|p1a: Clefable","|-damage|p1a: Clefable|295/394","|move|p1a: Clefable|Cosmic Power|p1a: Clefable","|-fail|p1a: Clefable","|","|-heal|p1a: Clefable|319/394|[from] item: Leftovers","|turn|48","|","|move|p2a: Volcarona|Quiver Dance|p2a: Volcarona","|-fail|p2a: Volcarona","|move|p1a: Clefable|Cosmic Power|p1a: Clefable","|-fail|p1a: Clefable","|","|-heal|p1a: Clefable|343/394|[from] item: Leftovers","|turn|49","|","|move|p2a: Volcarona|Quiver Dance|p2a: Volcarona","|-fail|p2a: Volcarona","|move|p1a: Clefable|Cosmic Power|p1a: Clefable","|-fail|p1a: Clefable","|","|-heal|p1a: Clefable|367/394|[from] item: Leftovers","|turn|50","|","|move|p2a: Volcarona|Quiver Dance|p2a: Volcarona","|-fail|p2a: Volcarona","|move|p1a: Clefable|Cosmic Power|p1a: Clefable","|-fail|p1a: Clefable","|","|-heal|p1a: Clefable|391/394|[from] item: Leftovers","|turn|51","|","|move|p2a: Volcarona|Quiver Dance|p2a: Volcarona","|-fail|p2a: Volcarona","|move|p1a: Clefable|Cosmic Power|p1a: Clefable","|-fail|p1a: Clefable","|","|-heal|p1a: Clefable|394/394|[from] item: Leftovers","|turn|52","|","|move|p2a: Volcarona|Hidden Power|p1a: Clefable","|-damage|p1a: Clefable|347/394","|move|p1a: Clefable|Cosmic Power|p1a: Clefable","|-fail|p1a: Clefable","|","|-heal|p1a: Clefable|371/394|[from] item: Leftovers","|turn|53","|","|move|p2a: Volcarona|Hidden Power|p1a: Clefable","|-damage|p1a: Clefable|323/394","|move|p1a: Clefable|Cosmic Power|p1a: Clefable","|-fail|p1a: Clefable","|","|-heal|p1a: Clefable|347/394|[from] item: Leftovers","|turn|54","|","|move|p2a: Volcarona|Quiver Dance|p2a: Volcarona","|-fail|p2a: Volcarona","|move|p1a: Clefable|Cosmic Power|p1a: Clefable","|-fail|p1a: Clefable","|","|-heal|p1a: Clefable|371/394|[from] item: Leftovers","|turn|55","|","|move|p2a: Volcarona|Quiver Dance|p2a: Volcarona","|-fail|p2a: Volcarona","|move|p1a: Clefable|Cosmic Power|p1a: Clefable","|-fail|p1a: Clefable","|","|-heal|p1a: Clefable|394/394|[from] item: Leftovers","|turn|56","|","|move|p2a: Volcarona|Quiver Dance|p2a: Volcarona","|-fail|p2a: Volcarona","|move|p1a: Clefable|Cosmic Power|p1a: Clefable","|-fail|p1a: Clefable","|","|turn|57","|","|move|p2a: Volcarona|Quiver Dance|p2a: Volcarona","|-fail|p2a: Volcarona","|move|p1a: Clefable|Cosmic Power|p1a: Clefable","|-fail|p1a: Clefable","|","|turn|58","|","|move|p2a: Volcarona|Hidden Power|p1a: Clefable","|-damage|p1a: Clefable|346/394","|move|p1a: Clefable|Stored Power|p2a: Volcarona","|-damage|p2a: Volcarona|327/373","|","|-heal|p1a: Clefable|370/394|[from] item: Leftovers","|turn|59","|","|move|p2a: Volcarona|Quiver Dance|p2a: Volcarona","|-fail|p2a: Volcarona","|move|p1a: Clefable|Stored Power|p2a: Volcarona","|-crit|p2a: Volcarona","|-damage|p2a: Volcarona|58/373","|","|-heal|p1a: Clefable|394/394|[from] item: Leftovers","|turn|60","|","|move|p1a: Clefable|Protect|p1a: Clefable","|-singleturn|p1a: Clefable|Protect","|move|p2a: Volcarona|Roost|p2a: Volcarona","|-heal|p2a: Volcarona|245/373","|","|turn|61","|","|move|p2a: Volcarona|Roost|p2a: Volcarona","|-heal|p2a: Volcarona|373/373","|move|p1a: Clefable|Wish|p1a: Clefable","|","|turn|62","|","|move|p1a: Clefable|Protect|p1a: Clefable","|-singleturn|p1a: Clefable|Protect","|move|p2a: Volcarona|Quiver Dance|p2a: Volcarona","|-fail|p2a: Volcarona","|","|turn|63","|","|move|p2a: Volcarona|Quiver Dance|p2a: Volcarona","|-fail|p2a: Volcarona","|move|p1a: Clefable|Wish|p1a: Clefable","|","|turn|64","|","|move|p1a: Clefable|Protect|p1a: Clefable","|-singleturn|p1a: Clefable|Protect","|move|p2a: Volcarona|Quiver Dance|p2a: Volcarona","|-fail|p2a: Volcarona","|","|turn|65","|","|move|p2a: Volcarona|Quiver Dance|p2a: Volcarona","|-fail|p2a: Volcarona","|move|p1a: Clefable|Wish|p1a: Clefable","|","|turn|66","|","|move|p1a: Clefable|Protect|p1a: Clefable","|-singleturn|p1a: Clefable|Protect","|move|p2a: Volcarona|Quiver Dance|p2a: Volcarona","|-fail|p2a: Volcarona","|","|turn|67","|","|move|p2a: Volcarona|Quiver Dance|p2a: Volcarona","|-fail|p2a: Volcarona","|move|p1a: Clefable|Wish|p1a: Clefable","|","|turn|68","|","|move|p1a: Clefable|Protect|p1a: Clefable","|-singleturn|p1a: Clefable|Protect","|move|p2a: Volcarona|Quiver Dance|p2a: Volcarona","|-fail|p2a: Volcarona","|","|turn|69","|","|move|p2a: Volcarona|Quiver Dance|p2a: Volcarona","|-fail|p2a: Volcarona","|move|p1a: Clefable|Wish|p1a: Clefable","|","|turn|70","|","|move|p1a: Clefable|Protect|p1a: Clefable","|-singleturn|p1a: Clefable|Protect","|move|p2a: Volcarona|Hidden Power|p1a: Clefable","|-activate|p1a: Clefable|Protect","|","|turn|71","|","|move|p2a: Volcarona|Roost|p2a: Volcarona","|-fail|p2a: Volcarona","|move|p1a: Clefable|Wish|p1a: Clefable","|","|turn|72","|","|move|p1a: Clefable|Protect|p1a: Clefable","|-singleturn|p1a: Clefable|Protect","|move|p2a: Volcarona|Roost|p2a: Volcarona","|-fail|p2a: Volcarona","|","|turn|73","|","|move|p2a: Volcarona|Roost|p2a: Volcarona","|-fail|p2a: Volcarona","|move|p1a: Clefable|Wish|p1a: Clefable","|","|turn|74","|","|move|p1a: Clefable|Protect|p1a: Clefable","|-singleturn|p1a: Clefable|Protect","|move|p2a: Volcarona|Roost|p2a: Volcarona","|-fail|p2a: Volcarona","|","|turn|75","|","|move|p2a: Volcarona|Roost|p2a: Volcarona","|-fail|p2a: Volcarona","|move|p1a: Clefable|Wish|p1a: Clefable","|","|turn|76","|","|move|p1a: Clefable|Protect|p1a: Clefable","|-singleturn|p1a: Clefable|Protect","|move|p2a: Volcarona|Roost|p2a: Volcarona","|-fail|p2a: Volcarona","|","|turn|77","|","|move|p2a: Volcarona|Roost|p2a: Volcarona","|-fail|p2a: Volcarona","|move|p1a: Clefable|Wish|p1a: Clefable","|","|turn|78","|","|move|p1a: Clefable|Protect|p1a: Clefable","|-singleturn|p1a: Clefable|Protect","|move|p2a: Volcarona|Roost|p2a: Volcarona","|-fail|p2a: Volcarona","|","|turn|79","|","|move|p2a: Volcarona|Roost|p2a: Volcarona","|-fail|p2a: Volcarona","|move|p1a: Clefable|Wish|p1a: Clefable","|","|turn|80","|","|move|p1a: Clefable|Protect|p1a: Clefable","|-singleturn|p1a: Clefable|Protect","|move|p2a: Volcarona|Hidden Power|p1a: Clefable","|-activate|p1a: Clefable|Protect","|","|turn|81","|","|move|p2a: Volcarona|Hidden Power|p1a: Clefable","|-damage|p1a: Clefable|349/394","|move|p1a: Clefable|Wish|p1a: Clefable","|","|-heal|p1a: Clefable|373/394|[from] item: Leftovers","|turn|82","|","|move|p1a: Clefable|Protect|p1a: Clefable","|-singleturn|p1a: Clefable|Protect","|move|p2a: Volcarona|Hidden Power|p1a: Clefable","|-activate|p1a: Clefable|Protect","|","|-heal|p1a: Clefable|394/394|[from] move: Wish|[wisher] Clefable","|turn|83","|","|move|p2a: Volcarona|Hidden Power|p1a: Clefable","|-damage|p1a: Clefable|347/394","|move|p1a: Clefable|Wish|p1a: Clefable","|","|-heal|p1a: Clefable|371/394|[from] item: Leftovers","|turn|84","|","|move|p1a: Clefable|Protect|p1a: Clefable","|-singleturn|p1a: Clefable|Protect","|move|p2a: Volcarona|Fiery Dance|p1a: Clefable","|-activate|p1a: Clefable|Protect","|","|-heal|p1a: Clefable|394/394|[from] move: Wish|[wisher] Clefable","|turn|85","|","|move|p1a: Clefable|Protect|p1a: Clefable","|-fail|p1a: Clefable","|move|p2a: Volcarona|Fiery Dance|p1a: Clefable","|-damage|p1a: Clefable|297/394","|","|-heal|p1a: Clefable|321/394|[from] item: Leftovers","|turn|86","|","|move|p2a: Volcarona|Hidden Power|p1a: Clefable","|-damage|p1a: Clefable|275/394","|move|p1a: Clefable|Wish|p1a: Clefable","|","|-heal|p1a: Clefable|299/394|[from] item: Leftovers","|turn|87","|","|move|p2a: Volcarona|Fiery Dance|p1a: Clefable","|-damage|p1a: Clefable|214/394","|-activate|p1a: Clefable|move: Struggle","|move|p1a: Clefable|Struggle|p2a: Volcarona","|-damage|p2a: Volcarona|347/373","|-status|p1a: Clefable|brn","|-damage|p1a: Clefable|116/394 brn|[from] recoil","|","|-heal|p1a: Clefable|313/394 brn|[from] move: Wish|[wisher] Clefable","|-heal|p1a: Clefable|337/394 brn|[from] item: Leftovers","|turn|88","|","|switch|p2a: Scizor|Scizor, F|315/343","|switch|p1a: Klefki|Klefki, M|317/317","|-activate|p1a: Klefki|move: Sticky Web","|-unboost|p1a: Klefki|spe|1","|-damage|p1a: Klefki|298/317|[from] Stealth Rock","|","|-heal|p2a: Scizor|336/343|[from] item: Leftovers","|turn|89","|","|move|p2a: Scizor|Bullet Punch|p1a: Klefki","|-damage|p1a: Klefki|228/317","|move|p1a: Klefki|Thunder Wave|p2a: Scizor","|-status|p2a: Scizor|par","|","|-heal|p2a: Scizor|343/343 par|[from] item: Leftovers","|turn|90","|","|move|p1a: Klefki|Reflect|p1a: Klefki","|-sidestart|p1: SWL Soul Eclipse|Reflect","|move|p2a: Scizor|Bullet Punch|p1a: Klefki","|-damage|p1a: Klefki|192/317","|","|turn|91","|","|switch|p2a: Volcarona|Volcarona, F|347/373","|move|p1a: Klefki|Dazzling Gleam|p2a: Volcarona","|-resisted|p2a: Volcarona","|-damage|p2a: Volcarona|308/373","|","|turn|92","|","|move|p1a: Klefki|Light Screen|p1a: Klefki","|-sidestart|p1: SWL Soul Eclipse|move: Light Screen","|move|p2a: Volcarona|Fiery Dance|p1a: Klefki","|-supereffective|p1a: Klefki","|-damage|p1a: Klefki|56/317","|","|turn|93","|","|move|p1a: Klefki|Thunder Wave|p2a: Volcarona","|-status|p2a: Volcarona|par","|-enditem|p2a: Volcarona|Lum Berry|[eat]","|-curestatus|p2a: Volcarona|par","|move|p2a: Volcarona|Fiery Dance|p1a: Klefki","|-supereffective|p1a: Klefki","|-damage|p1a: Klefki|0 fnt","|-boost|p2a: Volcarona|spa|1","|faint|p1a: Klefki","|","|","|switch|p1a: Whimsicott|Whimsicott, F|284/324 tox","|-damage|p1a: Whimsicott|244/324 tox|[from] Stealth Rock","|-activate|p1a: Whimsicott|move: Sticky Web","|-unboost|p1a: Whimsicott|spe|1","|turn|94","|","|switch|p2a: Scizor|Scizor, F|343/343 par","|move|p1a: Whimsicott|Leech Seed|p2a: Scizor","|-start|p2a: Scizor|move: Leech Seed","|","|-heal|p1a: Whimsicott|264/324 tox|[from] item: Leftovers","|-damage|p2a: Scizor|301/343 par|[from] Leech Seed|[of] p1a: Whimsicott","|-heal|p1a: Whimsicott|306/324 tox|[silent]","|-damage|p1a: Whimsicott|286/324 tox|[from] psn","|turn|95","|","|move|p1a: Whimsicott|Substitute|p1a: Whimsicott","|-start|p1a: Whimsicott|Substitute","|-damage|p1a: Whimsicott|205/324 tox","|move|p2a: Scizor|Bullet Punch|p1a: Whimsicott","|-supereffective|p1a: Whimsicott","|-end|p1a: Whimsicott|Substitute","|","|-heal|p1a: Whimsicott|225/324 tox|[from] item: Leftovers","|-heal|p2a: Scizor|322/343 par|[from] item: Leftovers","|-damage|p2a: Scizor|280/343 par|[from] Leech Seed|[of] p1a: Whimsicott","|-heal|p1a: Whimsicott|267/324 tox|[silent]","|-damage|p1a: Whimsicott|227/324 tox|[from] psn","|turn|96","|","|switch|p2a: Pinsir|Pinsir, M|271/271","|move|p1a: Whimsicott|Substitute|p1a: Whimsicott","|-start|p1a: Whimsicott|Substitute","|-damage|p1a: Whimsicott|146/324 tox","|","|-heal|p1a: Whimsicott|166/324 tox|[from] item: Leftovers","|-damage|p1a: Whimsicott|106/324 tox|[from] psn","|turn|97","|","|win|Sovereign♕Mothra"],"p1rating":{"entryid":"6458157","serverid":"eos","formatid":"monotype","userid":"swlsouleclipse","username":"SWL Soul Eclipse","w":"11","l":10,"t":"0","gxe":50,"r":"1525.6288434274","rd":"78.433241799747","sigma":"0","rptime":"1438333200","rpr":1500.0143315326,"rprd":73.966822423958,"rpsigma":"0","acre":1097.4243123292,"lacre":1097.4243123292,"oldacre":"1122.3011263678"},"p2rating":{"entryid":"7294871","serverid":"eos","formatid":"monotype","userid":"sovereignmothra","username":"Sovereign♕Mothra","w":5,"l":"1","t":"0","gxe":62.7,"r":"1500","rd":"130","sigma":"0","rptime":"1438333200","rpr":1601.3742903386,"rprd":99.435626001266,"rpsigma":"0","acre":1148.8899217275,"lacre":1148.8899217275,"oldacre":"1124.0131076889"},"endType":"forfeit"}