{"seed":[9707,51932,60398,40893],"turns":30,"p1":"Wаrden Arguѕ","p2":"Metalyte","p1team":[{"name":"Sableye","species":"Sableye","item":"leftovers","ability":"Prankster","moves":["knockoff","willowisp","recover","taunt"],"nature":"Bold","evs":{"hp":228,"atk":0,"def":252,"spa":0,"spd":0,"spe":28},"gender":"M","ivs":{"hp":31,"atk":0,"def":31,"spa":31,"spd":31,"spe":31}},{"name":"Aegislash","species":"Aegislash","item":"weaknesspolicy","ability":"Stance Change","moves":["kingsshield","sacredsword","shadowball","shadowsneak"],"nature":"Lonely","evs":{"hp":0,"atk":252,"def":0,"spa":240,"spd":0,"spe":16},"gender":"M","shiny":true,"ivs":{"hp":31,"atk":31,"def":31,"spa":31,"spd":31,"spe":31}},{"name":"Jellicent","species":"Jellicent","item":"leftovers","ability":"Cursed Body","moves":["toxic","scald","recover","acidarmor"],"nature":"Calm","evs":{"hp":252,"atk":0,"def":0,"spa":0,"spd":252,"spe":4},"gender":"M","ivs":{"hp":31,"atk":0,"def":31,"spa":31,"spd":31,"spe":31},"shiny":true},{"name":"Golurk","species":"Golurk","item":"focussash","ability":"No Guard","moves":["stealthrock","stoneedge","dynamicpunch","curse"],"nature":"Adamant","evs":{"hp":0,"atk":252,"def":0,"spa":0,"spd":4,"spe":252},"shiny":true,"ivs":{"hp":31,"atk":31,"def":31,"spa":31,"spd":31,"spe":31}},{"name":"Chandelure","species":"Chandelure","item":"choicescarf","ability":"Infiltrator","moves":["flamethrower","shadowball","energyball","trick"],"nature":"Modest","evs":{"hp":0,"atk":0,"def":0,"spa":252,"spd":4,"spe":252},"gender":"F","ivs":{"hp":31,"atk":0,"def":31,"spa":31,"spd":31,"spe":31}},{"name":"Gengar","species":"Gengar","item":"focussash","ability":"Levitate","moves":["destinybond","sludgebomb","shadowball","energyball"],"nature":"Timid","evs":{"hp":0,"atk":0,"def":0,"spa":252,"spd":4,"spe":252},"gender":"F","ivs":{"hp":31,"atk":0,"def":31,"spa":31,"spd":31,"spe":31},"shiny":true}],"p2team":[{"name":"Scizor","species":"Scizor","item":"scizorite","ability":"Technician","moves":["roost","swordsdance","bulletpunch","bugbite"],"nature":"Adamant","evs":{"hp":248,"atk":252,"def":0,"spa":0,"spd":8,"spe":0},"ivs":{"hp":31,"atk":31,"def":31,"spa":31,"spd":31,"spe":31}},{"name":"Heatran","species":"Heatran","item":"leftovers","ability":"Flash Fire","moves":["stealthrock","lavaplume","earthpower","ancientpower"],"nature":"Calm","evs":{"hp":252,"atk":0,"def":0,"spa":4,"spd":252,"spe":0},"ivs":{"hp":31,"atk":31,"def":31,"spa":31,"spd":31,"spe":31}},{"name":"Skarmory","species":"Skarmory","item":"leftovers","ability":"Sturdy","moves":["roost","defog","whirlwind","bravebird"],"nature":"Bold","evs":{"hp":252,"atk":0,"def":252,"spa":0,"spd":0,"spe":4},"ivs":{"hp":31,"atk":31,"def":31,"spa":31,"spd":31,"spe":31}},{"name":"Excadrill","species":"Excadrill","item":"choicescarf","ability":"Mold Breaker","moves":["earthquake","ironhead","rockslide","rapidspin"],"nature":"Jolly","evs":{"hp":0,"atk":252,"def":0,"spa":0,"spd":4,"spe":252},"ivs":{"hp":31,"atk":31,"def":31,"spa":31,"spd":31,"spe":31}},{"name":"Magnezone","species":"Magnezone","item":"airballoon","ability":"Sturdy","moves":["thunderbolt","flashcannon","voltswitch","hiddenpowerice"],"nature":"Modest","evs":{"hp":248,"atk":0,"def":0,"spa":252,"spd":8,"spe":0},"ivs":{"hp":31,"atk":30,"def":30,"spa":31,"spd":31,"spe":31}},{"name":"Bisharp","species":"Bisharp","item":"lifeorb","ability":"Defiant","moves":["suckerpunch","swordsdance","ironhead","knockoff"],"nature":"Jolly","evs":{"hp":0,"atk":252,"def":0,"spa":0,"spd":4,"spe":252},"ivs":{"hp":31,"atk":31,"def":31,"spa":31,"spd":31,"spe":31}}],"log":["|player|p1|Wаrden Arguѕ|argus2spooky.png","|player|p2|Metalyte|165","|gametype|singles","|gen|6","|tier|Monotype","|rated","|rule|Baton Pass Clause: Limit one Baton Passer, can't pass Spe and other stats simultaneously","|rule|Swagger Clause: Swagger is banned","|rule|Same Type Clause: Pokémon in a team must share a type","|clearpoke","|poke|p1|Sableye, M","|poke|p1|Aegislash, M, shiny","|poke|p1|Jellicent, M, shiny","|poke|p1|Golurk, shiny","|poke|p1|Chandelure, F","|poke|p1|Gengar, F, shiny","|poke|p2|Scizor, M","|poke|p2|Heatran, F","|poke|p2|Skarmory, M","|poke|p2|Excadrill, F","|poke|p2|Magnezone","|poke|p2|Bisharp, F","|rule|Sleep Clause Mod: Limit one foe put to sleep","|rule|Species Clause: Limit one of each Pokémon","|rule|OHKO Clause: OHKO moves are banned","|rule|Moody Clause: Moody is banned","|rule|Evasion Moves Clause: Evasion moves are banned","|rule|Endless Battle Clause: Forcing endless battles is banned","|rule|HP Percentage Mod: HP is shown in percentages","|teampreview","|","|start","|switch|p1a: Chandelure|Chandelure, F|261/261","|switch|p2a: Skarmory|Skarmory, M|334/334","|turn|1","|","|switch|p2a: Heatran|Heatran, F|386/386","|move|p1a: Chandelure|Shadow Ball|p2a: Heatran","|-damage|p2a: Heatran|272/386","|","|-heal|p2a: Heatran|296/386|[from] item: Leftovers","|turn|2","|","|switch|p1a: Golurk|Golurk, shiny|319/319","|move|p2a: Heatran|Stealth Rock|p1a: Golurk","|-sidestart|p1: Wаrden Arguѕ|move: Stealth Rock","|","|-heal|p2a: Heatran|320/386|[from] item: Leftovers","|turn|3","|","|switch|p2a: Magnezone|Magnezone|343/343","|-item|p2a: Magnezone|Air Balloon","|move|p1a: Golurk|Dynamic Punch|p2a: Magnezone","|-supereffective|p2a: Magnezone","|-damage|p2a: Magnezone|121/343","|-enditem|p2a: Magnezone|Air Balloon","|-start|p2a: Magnezone|confusion","|","|turn|4","|","|move|p1a: Golurk|Stealth Rock|p2a: Magnezone","|-sidestart|p2: Metalyte|move: Stealth Rock","|-activate|p2a: Magnezone|confusion","|move|p2a: Magnezone|Flash Cannon|p1a: Golurk","|-crit|p1a: Golurk","|-damage|p1a: Golurk|57/319","|","|turn|5","|","|switch|p2a: Skarmory|Skarmory, M|334/334","|-damage|p2a: Skarmory|293/334|[from] Stealth Rock","|move|p1a: Golurk|Dynamic Punch|p2a: Skarmory","|-damage|p2a: Skarmory|226/334","|-start|p2a: Skarmory|confusion","|","|-heal|p2a: Skarmory|246/334|[from] item: Leftovers","|turn|6","|","|move|p1a: Golurk|Curse|p2a: Skarmory","|-start|p2a: Skarmory|Curse|[of] p1a: Golurk","|-damage|p1a: Golurk|0 fnt","|faint|p1a: Golurk","|-activate|p2a: Skarmory|confusion","|-damage|p2a: Skarmory|233/334|[from] confusion","|","|-heal|p2a: Skarmory|253/334|[from] item: Leftovers","|-damage|p2a: Skarmory|170/334|[from] Curse","|","|switch|p1a: Gengar|Gengar, F, shiny|261/261","|-damage|p1a: Gengar|229/261|[from] Stealth Rock","|turn|7","|","|switch|p2a: Magnezone|Magnezone|121/343","|-damage|p2a: Magnezone|100/343|[from] Stealth Rock","|move|p1a: Gengar|Shadow Ball|p2a: Magnezone","|-damage|p2a: Magnezone|0 fnt","|faint|p2a: Magnezone","|","|","|switch|p2a: Heatran|Heatran, F|320/386","|-damage|p2a: Heatran|272/386|[from] Stealth Rock","|turn|8","|","|switch|p1a: Jellicent|Jellicent, M, shiny|404/404","|-damage|p1a: Jellicent|354/404|[from] Stealth Rock","|move|p2a: Heatran|Ancient Power|p1a: Jellicent","|-damage|p1a: Jellicent|310/404","|","|-heal|p2a: Heatran|296/386|[from] item: Leftovers","|-heal|p1a: Jellicent|335/404|[from] item: Leftovers","|turn|9","|","|switch|p2a: Bisharp|Bisharp, F|271/271","|-damage|p2a: Bisharp|255/271|[from] Stealth Rock","|move|p1a: Jellicent|Scald|p2a: Bisharp","|-damage|p2a: Bisharp|146/271","|","|-heal|p1a: Jellicent|360/404|[from] item: Leftovers","|turn|10","|","|switch|p1a: Sableye|Sableye, M|298/298","|-damage|p1a: Sableye|261/298|[from] Stealth Rock","|move|p2a: Bisharp|Knock Off|p1a: Sableye","|-damage|p1a: Sableye|54/298","|-enditem|p1a: Sableye|Leftovers|[from] move: Knock Off|[of] p2a: Bisharp","|-damage|p2a: Bisharp|119/271|[from] item: Life Orb","|","|turn|11","|","|move|p1a: Sableye|Recover|p1a: Sableye","|-heal|p1a: Sableye|203/298","|move|p2a: Bisharp|Iron Head|p1a: Sableye","|-damage|p1a: Sableye|55/298","|-damage|p2a: Bisharp|92/271|[from] item: Life Orb","|","|turn|12","|","|move|p1a: Sableye|Recover|p1a: Sableye","|-heal|p1a: Sableye|204/298","|move|p2a: Bisharp|Iron Head|p1a: Sableye","|-damage|p1a: Sableye|39/298","|-damage|p2a: Bisharp|65/271|[from] item: Life Orb","|","|turn|13","|","|move|p1a: Sableye|Recover|p1a: Sableye","|-heal|p1a: Sableye|188/298","|move|p2a: Bisharp|Swords Dance|p2a: Bisharp","|-boost|p2a: Bisharp|atk|2","|","|turn|14","|","|move|p1a: Sableye|Will-O-Wisp|p2a: Bisharp","|-status|p2a: Bisharp|brn","|move|p2a: Bisharp|Iron Head|p1a: Sableye","|-damage|p1a: Sableye|33/298","|-damage|p2a: Bisharp|38/271 brn|[from] item: Life Orb","|","|-damage|p2a: Bisharp|5/271 brn|[from] brn","|turn|15","|","|move|p1a: Sableye|Recover|p1a: Sableye","|-heal|p1a: Sableye|182/298","|move|p2a: Bisharp|Iron Head|p1a: Sableye","|-damage|p1a: Sableye|27/298","|-damage|p2a: Bisharp|0 fnt|[from] item: Life Orb","|faint|p2a: Bisharp","|","|","|switch|p2a: Scizor|Scizor, M|343/343","|-damage|p2a: Scizor|301/343|[from] Stealth Rock","|turn|16","|","|detailschange|p2a: Scizor|Scizor-Mega, M","|-mega|p2a: Scizor|Scizor|Scizorite","|move|p2a: Scizor|Bullet Punch|p1a: Sableye","|-damage|p1a: Sableye|0 fnt","|faint|p1a: Sableye","|","|","|switch|p1a: Chandelure|Chandelure, F|261/261","|-damage|p1a: Chandelure|196/261|[from] Stealth Rock","|turn|17","|","|switch|p1a: Jellicent|Jellicent, M, shiny|360/404","|-damage|p1a: Jellicent|310/404|[from] Stealth Rock","|switch|p2a: Heatran|Heatran, F|296/386","|-damage|p2a: Heatran|248/386|[from] Stealth Rock","|","|-heal|p2a: Heatran|272/386|[from] item: Leftovers","|-heal|p1a: Jellicent|335/404|[from] item: Leftovers","|turn|18","|","|switch|p2a: Skarmory|Skarmory, M|170/334","|-damage|p2a: Skarmory|129/334|[from] Stealth Rock","|move|p1a: Jellicent|Acid Armor|p1a: Jellicent","|-boost|p1a: Jellicent|def|2","|","|-heal|p2a: Skarmory|149/334|[from] item: Leftovers","|-heal|p1a: Jellicent|360/404|[from] item: Leftovers","|turn|19","|","|move|p2a: Skarmory|Defog|p1a: Jellicent","|-unboost|p1a: Jellicent|evasion|1","|-sideend|p1: Wаrden Arguѕ|Stealth Rock|[from] move: Defog|[of] p1a: Jellicent","|-sideend|p2: Metalyte|Stealth Rock|[from] move: Defog|[of] p2a: Skarmory","|move|p1a: Jellicent|Scald|p2a: Skarmory","|-damage|p2a: Skarmory|41/334","|-status|p2a: Skarmory|brn","|","|-heal|p2a: Skarmory|61/334 brn|[from] item: Leftovers","|-heal|p1a: Jellicent|385/404|[from] item: Leftovers","|-damage|p2a: Skarmory|20/334 brn|[from] brn","|turn|20","|","|move|p1a: Jellicent|Scald|p2a: Skarmory","|-damage|p2a: Skarmory|0 fnt","|faint|p2a: Skarmory","|","|-heal|p1a: Jellicent|404/404|[from] item: Leftovers","|","|switch|p2a: Scizor|Scizor-Mega, M|301/343","|turn|21","|","|move|p2a: Scizor|Swords Dance|p2a: Scizor","|-boost|p2a: Scizor|atk|2","|move|p1a: Jellicent|Acid Armor|p1a: Jellicent","|-boost|p1a: Jellicent|def|2","|","|turn|22","|","|move|p2a: Scizor|Swords Dance|p2a: Scizor","|-boost|p2a: Scizor|atk|2","|move|p1a: Jellicent|Scald|p2a: Scizor","|-damage|p2a: Scizor|216/343","|","|turn|23","|","|move|p2a: Scizor|Bug Bite|p1a: Jellicent","|-resisted|p1a: Jellicent","|-damage|p1a: Jellicent|269/404","|move|p1a: Jellicent|Scald|p2a: Scizor","|-damage|p2a: Scizor|140/343","|","|-heal|p1a: Jellicent|294/404|[from] item: Leftovers","|turn|24","|","|move|p2a: Scizor|Roost|p2a: Scizor","|-heal|p2a: Scizor|312/343","|move|p1a: Jellicent|Scald|p2a: Scizor","|-damage|p2a: Scizor|228/343","|-status|p2a: Scizor|brn","|","|-heal|p1a: Jellicent|319/404|[from] item: Leftovers","|-damage|p2a: Scizor|186/343 brn|[from] brn","|turn|25","|","|move|p2a: Scizor|Swords Dance|p2a: Scizor","|-boost|p2a: Scizor|atk|2","|move|p1a: Jellicent|Acid Armor|p1a: Jellicent","|-boost|p1a: Jellicent|def|2","|","|-heal|p1a: Jellicent|344/404|[from] item: Leftovers","|-damage|p2a: Scizor|144/343 brn|[from] brn","|turn|26","|","|move|p2a: Scizor|Roost|p2a: Scizor","|-heal|p2a: Scizor|316/343 brn","|move|p1a: Jellicent|Scald|p2a: Scizor","|-damage|p2a: Scizor|235/343 brn","|","|-heal|p1a: Jellicent|369/404|[from] item: Leftovers","|-damage|p2a: Scizor|193/343 brn|[from] brn","|turn|27","|","|move|p2a: Scizor|Bug Bite|p1a: Jellicent","|-resisted|p1a: Jellicent","|-damage|p1a: Jellicent|305/404","|move|p1a: Jellicent|Scald|p2a: Scizor","|-damage|p2a: Scizor|114/343 brn","|","|-heal|p1a: Jellicent|330/404|[from] item: Leftovers","|-damage|p2a: Scizor|72/343 brn|[from] brn","|turn|28","|","|move|p2a: Scizor|Roost|p2a: Scizor","|-heal|p2a: Scizor|244/343 brn","|move|p1a: Jellicent|Scald|p2a: Scizor","|-damage|p2a: Scizor|168/343 brn","|","|-heal|p1a: Jellicent|355/404|[from] item: Leftovers","|-damage|p2a: Scizor|126/343 brn|[from] brn","|turn|29","|","|move|p2a: Scizor|Roost|p2a: Scizor","|-heal|p2a: Scizor|298/343 brn","|move|p1a: Jellicent|Scald|p2a: Scizor","|-damage|p2a: Scizor|208/343 brn","|","|-heal|p1a: Jellicent|380/404|[from] item: Leftovers","|-damage|p2a: Scizor|166/343 brn|[from] brn","|turn|30","|","|win|Wаrden Arguѕ"],"p1rating":{"entryid":"7252450","serverid":"eos","formatid":"monotype","userid":"wrdenargu","username":"Wаrden Arguѕ","w":47,"l":"7","t":"0","gxe":80.5,"r":"1766.0751645349","rd":"49.547882247279","sigma":"0","rptime":"1438419600","rpr":1768.7828346471,"rprd":49.239739500453,"rpsigma":"0","acre":1482.1063883992,"lacre":1482.1063883992,"oldacre":"1475.9053194278"},"p2rating":{"entryid":"6571486","serverid":"eos","formatid":"monotype","userid":"metalyte","username":"Metalyte","w":"40","l":32,"t":"0","gxe":54.6,"r":"1518.3427614004","rd":"45.96556389527","sigma":"0","rptime":"1438419600","rpr":1534.7918699242,"rprd":43.750883476179,"rpsigma":"0","acre":1173.5794219803,"lacre":1173.5794219803,"oldacre":"1181.3307581946"},"endType":"forfeit"}