{"seed":[24393,40180,16133,28584],"turns":24,"p1":"DpxYT","p2":"R06L29A01","p1team":[{"name":"Magnezone","species":"Magnezone","item":"airballoon","ability":"Analytic","moves":["thunderbolt","flashcannon","hiddenpowerflying","voltswitch"],"nature":"Modest","evs":{"hp":252,"atk":0,"def":0,"spa":252,"spd":4,"spe":0},"ivs":{"hp":30,"atk":30,"def":30,"spa":30,"spd":30,"spe":31}},{"name":"Lanturn","species":"Lanturn","item":"leftovers","ability":"Volt Absorb","moves":["thunderbolt","scald","protect","aquaring"],"nature":"Bold","evs":{"hp":252,"atk":0,"def":252,"spa":4,"spd":0,"spe":0},"ivs":{"hp":31,"atk":31,"def":31,"spa":31,"spd":31,"spe":31}},{"name":"Rotom-Heat","species":"Rotom-Heat","item":"leftovers","ability":"Levitate","moves":["confuseray","overheat","voltswitch","willowisp"],"nature":"Calm","evs":{"hp":252,"atk":0,"def":176,"spa":4,"spd":76,"spe":0},"ivs":{"hp":31,"atk":31,"def":31,"spa":31,"spd":31,"spe":31}},{"name":"Stunfisk","species":"Stunfisk","item":"choicespecs","ability":"Static","moves":["earthpower","thunderbolt","scald","sludgewave"],"nature":"Modest","evs":{"hp":248,"atk":0,"def":0,"spa":252,"spd":8,"spe":0},"ivs":{"hp":31,"atk":31,"def":31,"spa":31,"spd":31,"spe":31}},{"name":"Eelektross","species":"Eelektross","item":"lifeorb","ability":"Levitate","moves":["coil","crunch","drainpunch","thunderpunch"],"nature":"Adamant","evs":{"hp":248,"atk":252,"def":0,"spa":0,"spd":8,"spe":0},"ivs":{"hp":31,"atk":31,"def":31,"spa":31,"spd":31,"spe":31}},{"name":"Electivire","species":"Electivire","item":"expertbelt","ability":"Motor Drive","moves":["earthquake","poweruppunch","rockslide","thunderpunch"],"nature":"Adamant","evs":{"hp":0,"atk":252,"def":0,"spa":0,"spd":4,"spe":252},"ivs":{"hp":31,"atk":31,"def":31,"spa":31,"spd":31,"spe":31}}],"p2team":[{"name":"Druddigon","species":"Druddigon","item":"focussash","ability":"Rough Skin","moves":["glare","dragontail","earthquake","stealthrock"],"nature":"Adamant","evs":{"hp":248,"atk":252,"def":0,"spa":0,"spd":8,"spe":0},"shiny":true,"ivs":{"hp":31,"atk":31,"def":31,"spa":31,"spd":31,"spe":31}},{"name":"Dragonite","species":"Dragonite","item":"weaknesspolicy","ability":"Multiscale","moves":["extremespeed","dragondance","dragonclaw","earthquake"],"nature":"Adamant","evs":{"hp":0,"atk":252,"def":0,"spa":0,"spd":4,"spe":252},"ivs":{"hp":31,"atk":31,"def":31,"spa":31,"spd":31,"spe":31}},{"name":"Goodra","species":"Goodra","item":"assaultvest","ability":"Gooey","moves":["dragonpulse","icebeam","flamethrower","sludgebomb"],"nature":"Modest","evs":{"hp":248,"atk":0,"def":0,"spa":252,"spd":8,"spe":0},"shiny":true,"ivs":{"hp":31,"atk":31,"def":31,"spa":31,"spd":31,"spe":31}},{"name":"Latias","species":"Latias","item":"latiasite","ability":"Levitate","moves":["thunderbolt","recover","dragonpulse","surf"],"nature":"Modest","evs":{"hp":248,"atk":0,"def":0,"spa":252,"spd":8,"spe":0},"shiny":true,"ivs":{"hp":31,"atk":31,"def":31,"spa":31,"spd":31,"spe":31}},{"name":"Garchomp","species":"Garchomp","item":"focussash","ability":"Rough Skin","moves":["dragonclaw","swordsdance","earthquake","firefang"],"nature":"Jolly","evs":{"hp":0,"atk":252,"def":0,"spa":0,"spd":4,"spe":252},"shiny":true,"ivs":{"hp":31,"atk":31,"def":31,"spa":31,"spd":31,"spe":31}},{"name":"Salamence","species":"Salamence","item":"choicescarf","ability":"Moxie","moves":["dragontail","irontail","firefang","outrage"],"nature":"Jolly","evs":{"hp":0,"atk":252,"def":0,"spa":0,"spd":4,"spe":252},"shiny":true,"ivs":{"hp":31,"atk":31,"def":31,"spa":31,"spd":31,"spe":31}}],"log":["|player|p1|DpxYT|80","|player|p2|R06L29A01|209","|gametype|singles","|gen|6","|tier|Monotype","|rated","|rule|Baton Pass Clause: Limit one Baton Passer, can't pass Spe and other stats simultaneously","|rule|Swagger Clause: Swagger is banned","|rule|Same Type Clause: Pokémon in a team must share a type","|clearpoke","|poke|p1|Magnezone","|poke|p1|Lanturn, F","|poke|p1|Rotom-Heat","|poke|p1|Stunfisk, M","|poke|p1|Eelektross, M","|poke|p1|Electivire, M","|poke|p2|Druddigon, M, shiny","|poke|p2|Dragonite, F","|poke|p2|Goodra, M, shiny","|poke|p2|Latias, F, shiny","|poke|p2|Garchomp, F, shiny","|poke|p2|Salamence, M, shiny","|rule|Sleep Clause Mod: Limit one foe put to sleep","|rule|Species Clause: Limit one of each Pokémon","|rule|OHKO Clause: OHKO moves are banned","|rule|Moody Clause: Moody is banned","|rule|Evasion Moves Clause: Evasion moves are banned","|rule|Endless Battle Clause: Forcing endless battles is banned","|rule|HP Percentage Mod: HP is shown in percentages","|teampreview","|","|start","|switch|p1a: Stunfisk|Stunfisk, M|421/421","|switch|p2a: Druddigon|Druddigon, M, shiny|357/357","|turn|1","|","|move|p2a: Druddigon|Stealth Rock|p1a: Stunfisk","|-sidestart|p1: DpxYT|move: Stealth Rock","|move|p1a: Stunfisk|Earth Power|p2a: Druddigon","|-damage|p2a: Druddigon|131/357","|","|turn|2","|","|switch|p1a: Magnezone|Magnezone|343/343","|-damage|p1a: Magnezone|322/343|[from] Stealth Rock","|-item|p1a: Magnezone|Air Balloon","|move|p2a: Druddigon|Earthquake|p1a: Magnezone","|-immune|p1a: Magnezone|[msg]","|","|turn|3","|","|move|p1a: Magnezone|Thunderbolt|p2a: Druddigon","|-resisted|p2a: Druddigon","|-damage|p2a: Druddigon|41/357","|-status|p2a: Druddigon|par","|move|p2a: Druddigon|Dragon Tail|p1a: Magnezone","|-resisted|p1a: Magnezone","|-damage|p1a: Magnezone|274/343","|-enditem|p1a: Magnezone|Air Balloon","|drag|p1a: Lanturn|Lanturn, F|454/454","|-damage|p1a: Lanturn|398/454|[from] Stealth Rock","|","|-heal|p1a: Lanturn|426/454|[from] item: Leftovers","|turn|4","|","|move|p1a: Lanturn|Scald|p2a: Druddigon","|-resisted|p2a: Druddigon","|-damage|p2a: Druddigon|0 fnt","|faint|p2a: Druddigon","|","|-heal|p1a: Lanturn|454/454|[from] item: Leftovers","|","|switch|p2a: Goodra|Goodra, M, shiny|383/383","|turn|5","|","|move|p2a: Goodra|Sludge Bomb|p1a: Lanturn","|-damage|p1a: Lanturn|318/454","|move|p1a: Lanturn|Aqua Ring|p1a: Lanturn","|-start|p1a: Lanturn|Aqua Ring","|","|-heal|p1a: Lanturn|346/454|[from] item: Leftovers","|-heal|p1a: Lanturn|374/454|[from] Aqua Ring","|turn|6","|","|move|p2a: Goodra|Sludge Bomb|p1a: Lanturn","|-damage|p1a: Lanturn|242/454","|move|p1a: Lanturn|Thunderbolt|p2a: Goodra","|-resisted|p2a: Goodra","|-damage|p2a: Goodra|364/383","|","|-heal|p1a: Lanturn|270/454|[from] item: Leftovers","|-heal|p1a: Lanturn|298/454|[from] Aqua Ring","|turn|7","|","|move|p1a: Lanturn|Protect|p1a: Lanturn","|-singleturn|p1a: Lanturn|Protect","|move|p2a: Goodra|Sludge Bomb|p1a: Lanturn","|-activate|p1a: Lanturn|Protect","|","|-heal|p1a: Lanturn|326/454|[from] item: Leftovers","|-heal|p1a: Lanturn|354/454|[from] Aqua Ring","|turn|8","|","|switch|p1a: Eelektross|Eelektross, M|373/373","|-damage|p1a: Eelektross|327/373|[from] Stealth Rock","|move|p2a: Goodra|Sludge Bomb|p1a: Eelektross","|-damage|p1a: Eelektross|194/373","|-status|p1a: Eelektross|psn","|","|-damage|p1a: Eelektross|148/373 psn|[from] psn","|turn|9","|","|move|p2a: Goodra|Dragon Pulse|p1a: Eelektross","|-damage|p1a: Eelektross|0 fnt","|faint|p1a: Eelektross","|","|","|switch|p1a: Stunfisk|Stunfisk, M|421/421","|-damage|p1a: Stunfisk|395/421|[from] Stealth Rock","|turn|10","|","|move|p2a: Goodra|Dragon Pulse|p1a: Stunfisk","|-damage|p1a: Stunfisk|247/421","|move|p1a: Stunfisk|Earth Power|p2a: Goodra","|-damage|p2a: Goodra|265/383","|","|turn|11","|","|move|p2a: Goodra|Ice Beam|p1a: Stunfisk","|-supereffective|p1a: Stunfisk","|-damage|p1a: Stunfisk|23/421","|move|p1a: Stunfisk|Earth Power|p2a: Goodra","|-damage|p2a: Goodra|175/383","|","|turn|12","|","|move|p2a: Goodra|Dragon Pulse|p1a: Stunfisk","|-damage|p1a: Stunfisk|0 fnt","|faint|p1a: Stunfisk","|","|","|switch|p1a: Magnezone|Magnezone|274/343","|-damage|p1a: Magnezone|253/343|[from] Stealth Rock","|turn|13","|","|move|p2a: Goodra|Flamethrower|p1a: Magnezone","|-supereffective|p1a: Magnezone","|-damage|p1a: Magnezone|21/343","|move|p1a: Magnezone|Flash Cannon|p2a: Goodra","|-damage|p2a: Goodra|87/383","|","|turn|14","|","|move|p2a: Goodra|Flamethrower|p1a: Magnezone","|-supereffective|p1a: Magnezone","|-damage|p1a: Magnezone|0 fnt","|faint|p1a: Magnezone","|","|","|switch|p1a: Rotom-Heat|Rotom-Heat|304/304","|-damage|p1a: Rotom-Heat|228/304|[from] Stealth Rock","|turn|15","|","|move|p1a: Rotom-Heat|Confuse Ray|p2a: Goodra","|-start|p2a: Goodra|confusion","|-activate|p2a: Goodra|confusion","|-damage|p2a: Goodra|49/383|[from] confusion","|","|-heal|p1a: Rotom-Heat|247/304|[from] item: Leftovers","|turn|16","|","|move|p1a: Rotom-Heat|Volt Switch|p2a: Goodra","|-resisted|p2a: Goodra","|-damage|p2a: Goodra|29/383","|","|switch|p1a: Lanturn|Lanturn, F|354/454","|-damage|p1a: Lanturn|298/454|[from] Stealth Rock","|-end|p2a: Goodra|confusion","|move|p2a: Goodra|Dragon Pulse|p1a: Lanturn","|-damage|p1a: Lanturn|111/454","|","|-heal|p1a: Lanturn|139/454|[from] item: Leftovers","|turn|17","|","|move|p1a: Lanturn|Protect|p1a: Lanturn","|-singleturn|p1a: Lanturn|Protect","|move|p2a: Goodra|Dragon Pulse|p1a: Lanturn","|-activate|p1a: Lanturn|Protect","|","|-heal|p1a: Lanturn|167/454|[from] item: Leftovers","|turn|18","|","|move|p2a: Goodra|Dragon Pulse|p1a: Lanturn","|-damage|p1a: Lanturn|0 fnt","|faint|p1a: Lanturn","|","|","|switch|p1a: Rotom-Heat|Rotom-Heat|247/304","|-damage|p1a: Rotom-Heat|171/304|[from] Stealth Rock","|turn|19","|","|move|p1a: Rotom-Heat|Overheat|p2a: Goodra","|-resisted|p2a: Goodra","|-damage|p2a: Goodra|0 fnt","|-unboost|p1a: Rotom-Heat|spa|2","|faint|p2a: Goodra","|","|-heal|p1a: Rotom-Heat|190/304|[from] item: Leftovers","|","|switch|p2a: Latias|Latias, F, shiny|363/363","|turn|20","|","|detailschange|p2a: Latias|Latias-Mega, F, shiny","|-mega|p2a: Latias|Latias|Latiasite","|move|p2a: Latias|Surf|p1a: Rotom-Heat","|-supereffective|p1a: Rotom-Heat","|-damage|p1a: Rotom-Heat|6/304","|move|p1a: Rotom-Heat|Confuse Ray|p2a: Latias","|-start|p2a: Latias|confusion","|","|-heal|p1a: Rotom-Heat|25/304|[from] item: Leftovers","|turn|21","|","|-activate|p2a: Latias|confusion","|move|p2a: Latias|Surf|p1a: Rotom-Heat","|-crit|p1a: Rotom-Heat","|-supereffective|p1a: Rotom-Heat","|-damage|p1a: Rotom-Heat|0 fnt","|faint|p1a: Rotom-Heat","|","|","|switch|p1a: Electivire|Electivire, M|291/291","|-damage|p1a: Electivire|255/291|[from] Stealth Rock","|turn|22","|","|move|p1a: Electivire|Rock Slide|p2a: Latias","|-damage|p2a: Latias|286/363","|-activate|p2a: Latias|confusion","|move|p2a: Latias|Dragon Pulse|p1a: Electivire","|-damage|p1a: Electivire|38/291","|","|turn|23","|","|move|p1a: Electivire|Rock Slide|p2a: Latias","|-miss|p1a: Electivire|p2a: Latias","|-activate|p2a: Latias|confusion","|-damage|p2a: Latias|262/363|[from] confusion","|","|turn|24","|","|move|p1a: Electivire|Rock Slide|p2a: Latias","|-damage|p2a: Latias|188/363","|-end|p2a: Latias|confusion","|move|p2a: Latias|Dragon Pulse|p1a: Electivire","|-damage|p1a: Electivire|0 fnt","|faint|p1a: Electivire","|","|win|R06L29A01"],"p1rating":{"entryid":"7278102","serverid":"eos","formatid":"monotype","userid":"dpxyt","username":"DpxYT","w":"0","l":2,"t":"0","gxe":40,"r":1454.5172685364,"rd":123.1120823442,"sigma":"0","rptime":1438419600,"rpr":1419.6389628439,"rprd":116.19419595225,"rpsigma":"0","acre":1000,"lacre":1000,"oldacre":"1000"},"p2rating":{"entryid":"6931648","serverid":"eos","formatid":"monotype","userid":"r06l29a01","username":"R06L29A01","w":46,"l":"52","t":"0","gxe":48.4,"r":"1488.1935314594","rd":"38.022959824519","sigma":"0","rptime":"1438419600","rpr":1488.2775560231,"rprd":36.369972383916,"rpsigma":"0","acre":1113.1982719592,"lacre":1113.1982719592,"oldacre":"1094.1700469927"},"endType":"normal"}