{"seed":[55139,10551,6885,48963],"turns":25,"p1":"WitchOfCaldia","p2":"Inferno Overclass","p1team":[{"name":"Froslass","species":"Froslass","item":"focussash","ability":"Cursed Body","moves":["icepunch","shadowball","destinybond","icebeam"],"nature":"Timid","evs":{"hp":0,"atk":0,"def":4,"spa":252,"spd":0,"spe":252},"ivs":{"hp":31,"atk":31,"def":31,"spa":31,"spd":31,"spe":31}},{"name":"Weavile","species":"Weavile","item":"lifeorb","ability":"Pressure","moves":["blizzard","knockoff","nightslash","shadowball"],"nature":"Jolly","evs":{"hp":0,"atk":252,"def":0,"spa":0,"spd":4,"spe":252},"ivs":{"hp":31,"atk":31,"def":31,"spa":31,"spd":31,"spe":31}},{"name":"Lapras","species":"Lapras","item":"assaultvest","ability":"Water Absorb","moves":["hydropump","freezedry","thunderbolt","iceshard"],"nature":"Mild","evs":{"hp":248,"atk":8,"def":0,"spa":252,"spd":0,"spe":0},"gender":"F","shiny":true,"ivs":{"hp":31,"atk":31,"def":31,"spa":31,"spd":31,"spe":31}},{"name":"Cloyster","species":"Cloyster","item":"focussash","ability":"Skill Link","moves":["shellsmash","iciclespear","rockblast","razorshell"],"nature":"Adamant","evs":{"hp":0,"atk":252,"def":0,"spa":0,"spd":4,"spe":252},"ivs":{"hp":31,"atk":31,"def":31,"spa":31,"spd":31,"spe":31}},{"name":"Abomasnow","species":"Abomasnow","item":"abomasite","ability":"Soundproof","moves":["blizzard","woodhammer","iceshard","earthquake"],"nature":"Mild","evs":{"hp":8,"atk":68,"def":0,"spa":252,"spd":0,"spe":180},"ivs":{"hp":31,"atk":31,"def":31,"spa":31,"spd":31,"spe":31}},{"name":"Mamoswine","species":"Mamoswine","item":"lifeorb","ability":"Thick Fat","moves":["iceshard","earthquake","iciclecrash","freezedry"],"nature":"Naive","evs":{"hp":0,"atk":244,"def":0,"spa":12,"spd":0,"spe":252},"ivs":{"hp":31,"atk":31,"def":31,"spa":31,"spd":31,"spe":31}}],"p2team":[{"name":"Weezing","species":"Weezing","item":"blacksludge","ability":"Levitate","moves":["clearsmog","stockpile","rest","sleeptalk"],"nature":"Bold","evs":{"hp":252,"atk":0,"def":252,"spa":4,"spd":0,"spe":0},"gender":"M","shiny":true,"ivs":{"hp":31,"atk":31,"def":31,"spa":31,"spd":31,"spe":31}},{"name":"Nidoking","species":"Nidoking","item":"lifeorb","ability":"Sheer Force","moves":["sludgewave","earthpower","icebeam"],"nature":"Timid","evs":{"hp":0,"atk":0,"def":4,"spa":252,"spd":0,"spe":252},"shiny":true,"ivs":{"hp":31,"atk":31,"def":31,"spa":31,"spd":31,"spe":31}},{"name":"Gengar","species":"Gengar","item":"blacksludge","ability":"Levitate","moves":["psychic","taunt","willowisp","sludgewave"],"nature":"Timid","evs":{"hp":8,"atk":0,"def":0,"spa":248,"spd":0,"spe":252},"ivs":{"hp":31,"atk":31,"def":31,"spa":31,"spd":31,"spe":31}},{"name":"Toxicroak","species":"Toxicroak","item":"focussash","ability":"Poison Touch","moves":["swordsdance","fakeout","drainpunch","suckerpunch"],"nature":"Adamant","evs":{"hp":8,"atk":248,"def":0,"spa":0,"spd":0,"spe":252},"ivs":{"hp":31,"atk":31,"def":31,"spa":31,"spd":31,"spe":31}},{"name":"Venusaur","species":"Venusaur","item":"venusaurite","ability":"Chlorophyll","moves":["sleeppowder","gigadrain","leechseed","growth"],"nature":"Bold","evs":{"hp":252,"atk":0,"def":252,"spa":0,"spd":4,"spe":0},"ivs":{"hp":31,"atk":31,"def":31,"spa":31,"spd":31,"spe":31}},{"name":"Skuntank","species":"Skuntank","item":"liechiberry","ability":"Aftermath","moves":["foulplay","suckerpunch","poisonjab","defog"],"nature":"Adamant","evs":{"hp":16,"atk":228,"def":0,"spa":0,"spd":252,"spe":12},"ivs":{"hp":31,"atk":31,"def":31,"spa":31,"spd":31,"spe":31}}],"log":["|player|p1|WitchOfCaldia|289","|player|p2|Inferno Overclass|110","|gametype|singles","|gen|6","|tier|Monotype","|rated","|rule|Baton Pass Clause: Limit one Baton Passer, can't pass Spe and other stats simultaneously","|rule|Swagger Clause: Swagger is banned","|rule|Same Type Clause: Pokémon in a team must share a type","|clearpoke","|poke|p1|Froslass, F","|poke|p1|Weavile, M","|poke|p1|Lapras, F, shiny","|poke|p1|Cloyster, F","|poke|p1|Abomasnow, F","|poke|p1|Mamoswine, F","|poke|p2|Weezing, M, shiny","|poke|p2|Nidoking, M, shiny","|poke|p2|Gengar, M","|poke|p2|Toxicroak, M","|poke|p2|Venusaur, F","|poke|p2|Skuntank, M","|rule|Sleep Clause Mod: Limit one foe put to sleep","|rule|Species Clause: Limit one of each Pokémon","|rule|OHKO Clause: OHKO moves are banned","|rule|Moody Clause: Moody is banned","|rule|Evasion Moves Clause: Evasion moves are banned","|rule|Endless Battle Clause: Forcing endless battles is banned","|rule|HP Percentage Mod: HP is shown in percentages","|teampreview","|","|start","|switch|p1a: Cloyster|Cloyster, F|241/241","|switch|p2a: Toxicroak|Toxicroak, M|309/309","|turn|1","|","|move|p2a: Toxicroak|Fake Out|p1a: Cloyster","|-damage|p1a: Cloyster|214/241","|-status|p1a: Cloyster|psn","|cant|p1a: Cloyster|flinch","|","|-damage|p1a: Cloyster|184/241 psn|[from] psn","|turn|2","|","|move|p2a: Toxicroak|Drain Punch|p1a: Cloyster","|-supereffective|p1a: Cloyster","|-damage|p1a: Cloyster|26/241 psn","|move|p1a: Cloyster|Icicle Spear|p2a: Toxicroak","|-damage|p2a: Toxicroak|248/309","|-damage|p2a: Toxicroak|194/309","|-damage|p2a: Toxicroak|136/309","|-damage|p2a: Toxicroak|78/309","|-crit|p2a: Toxicroak","|-damage|p2a: Toxicroak|0 fnt","|-hitcount|p2a: Toxicroak|5","|faint|p2a: Toxicroak","|","|-damage|p1a: Cloyster|0 fnt|[from] psn","|faint|p1a: Cloyster","|","|switch|p1a: Weavile|Weavile, M|281/281","|switch|p2a: Nidoking|Nidoking, M, shiny|303/303","|-ability|p1a: Weavile|Pressure","|turn|3","|","|move|p1a: Weavile|Blizzard|p2a: Nidoking","|-supereffective|p2a: Nidoking","|-damage|p2a: Nidoking|92/303","|-damage|p1a: Weavile|253/281|[from] item: Life Orb","|move|p2a: Nidoking|Earth Power|p1a: Weavile","|-damage|p1a: Weavile|15/281","|","|turn|4","|","|move|p1a: Weavile|Blizzard|p2a: Nidoking","|-supereffective|p2a: Nidoking","|-damage|p2a: Nidoking|0 fnt","|-damage|p1a: Weavile|0 fnt|[from] item: Life Orb","|faint|p2a: Nidoking","|faint|p1a: Weavile","|","|","|switch|p2a: Skuntank|Skuntank, M|351/351","|switch|p1a: Lapras|Lapras, F, shiny|463/463","|turn|5","|","|move|p2a: Skuntank|Foul Play|p1a: Lapras","|-damage|p1a: Lapras|325/463","|move|p1a: Lapras|Freeze-Dry|p2a: Skuntank","|-damage|p2a: Skuntank|237/351","|","|turn|6","|","|move|p2a: Skuntank|Sucker Punch|p1a: Lapras","|-damage|p1a: Lapras|154/463","|move|p1a: Lapras|Hydro Pump|p2a: Skuntank","|-damage|p2a: Skuntank|78/351","|-enditem|p2a: Skuntank|Liechi Berry|[eat]","|-boost|p2a: Skuntank|atk|1|[from] item: Liechi Berry","|","|turn|7","|","|move|p2a: Skuntank|Sucker Punch|p1a: Lapras","|-damage|p1a: Lapras|0 fnt","|faint|p1a: Lapras","|","|","|switch|p1a: Froslass|Froslass, F|281/281","|turn|8","|","|move|p2a: Skuntank|Sucker Punch|p1a: Froslass","|-supereffective|p1a: Froslass","|-enditem|p1a: Froslass|Focus Sash","|-damage|p1a: Froslass|1/281","|move|p1a: Froslass|Ice Beam|p2a: Skuntank","|-damage|p2a: Skuntank|0 fnt","|faint|p2a: Skuntank","|","|","|switch|p2a: Gengar|Gengar, M|263/263","|turn|9","|","|move|p2a: Gengar|Sludge Wave|p1a: Froslass","|-resisted|p1a: Froslass","|-damage|p1a: Froslass|0 fnt","|faint|p1a: Froslass","|","|","|switch|p1a: Abomasnow|Abomasnow, F|323/323","|turn|10","|","|detailschange|p1a: Abomasnow|Abomasnow-Mega, F","|-mega|p1a: Abomasnow|Abomasnow|Abomasite","|-weather|Hail","|move|p2a: Gengar|Will-O-Wisp|p1a: Abomasnow|[miss]","|-miss|p2a: Gengar|p1a: Abomasnow","|move|p1a: Abomasnow|Blizzard|p2a: Gengar","|-damage|p2a: Gengar|0 fnt","|faint|p2a: Gengar","|","|-weather|Hail|[upkeep]","|","|switch|p2a: Venusaur|Venusaur, F|364/364","|turn|11","|","|detailschange|p2a: Venusaur|Venusaur-Mega, F","|-mega|p2a: Venusaur|Venusaur|Venusaurite","|move|p2a: Venusaur|Giga Drain|p1a: Abomasnow","|-resisted|p1a: Abomasnow","|-damage|p1a: Abomasnow|272/323","|move|p1a: Abomasnow|Blizzard|p2a: Venusaur","|-supereffective|p2a: Venusaur","|-damage|p2a: Venusaur|190/364","|","|-weather|Hail|[upkeep]","|-damage|p2a: Venusaur|168/364|[from] hail","|turn|12","|","|move|p2a: Venusaur|Giga Drain|p1a: Abomasnow","|-crit|p1a: Abomasnow","|-resisted|p1a: Abomasnow","|-damage|p1a: Abomasnow|202/323","|-heal|p2a: Venusaur|203/364|[from] drain|[of] p1a: Abomasnow","|move|p1a: Abomasnow|Earthquake|p2a: Venusaur","|-damage|p2a: Venusaur|135/364","|","|-weather|Hail|[upkeep]","|-damage|p2a: Venusaur|113/364|[from] hail","|turn|13","|","|move|p2a: Venusaur|Giga Drain|p1a: Abomasnow","|-resisted|p1a: Abomasnow","|-damage|p1a: Abomasnow|151/323","|-heal|p2a: Venusaur|139/364|[from] drain|[of] p1a: Abomasnow","|move|p1a: Abomasnow|Blizzard|p2a: Venusaur","|-supereffective|p2a: Venusaur","|-damage|p2a: Venusaur|0 fnt","|faint|p2a: Venusaur","|","|-weather|Hail|[upkeep]","|","|switch|p2a: Weezing|Weezing, M, shiny|334/334","|turn|14","|","|move|p2a: Weezing|Stockpile|p2a: Weezing","|-start|p2a: Weezing|stockpile1","|-boost|p2a: Weezing|def|1","|-boost|p2a: Weezing|spd|1","|move|p1a: Abomasnow|Blizzard|p2a: Weezing","|-damage|p2a: Weezing|132/334","|","|-weather|none","|-heal|p2a: Weezing|152/334|[from] item: Black Sludge","|turn|15","|","|move|p2a: Weezing|Rest|p2a: Weezing","|-status|p2a: Weezing|slp","|-heal|p2a: Weezing|334/334 slp|[silent]","|-status|p2a: Weezing|slp|[from] move: Rest","|move|p1a: Abomasnow|Blizzard|p2a: Weezing","|-miss|p1a: Abomasnow|p2a: Weezing","|","|turn|16","|","|move|p1a: Abomasnow|Ice Shard|p2a: Weezing","|-damage|p2a: Weezing|304/334 slp","|cant|p2a: Weezing|slp","|move|p2a: Weezing|Sleep Talk|p2a: Weezing","|move|p2a: Weezing|Clear Smog|p1a: Abomasnow|[from]Sleep Talk","|-supereffective|p1a: Abomasnow","|-damage|p1a: Abomasnow|49/323","|-clearboost|p1a: Abomasnow","|","|-heal|p2a: Weezing|324/334 slp|[from] item: Black Sludge","|turn|17","|","|cant|p2a: Weezing|slp","|move|p2a: Weezing|Sleep Talk|p2a: Weezing","|move|p2a: Weezing|Stockpile|p2a: Weezing|[from]Sleep Talk","|-start|p2a: Weezing|stockpile2","|-boost|p2a: Weezing|def|1","|-boost|p2a: Weezing|spd|1","|move|p1a: Abomasnow|Blizzard|p2a: Weezing","|-damage|p2a: Weezing|180/334 slp","|","|-heal|p2a: Weezing|200/334 slp|[from] item: Black Sludge","|turn|18","|","|-curestatus|p2a: Weezing|slp","|move|p2a: Weezing|Clear Smog|p1a: Abomasnow","|-supereffective|p1a: Abomasnow","|-damage|p1a: Abomasnow|0 fnt","|-clearboost|p1a: Abomasnow","|faint|p1a: Abomasnow","|","|-heal|p2a: Weezing|220/334|[from] item: Black Sludge","|","|switch|p1a: Mamoswine|Mamoswine, F|361/361","|turn|19","|","|move|p1a: Mamoswine|Freeze-Dry|p2a: Weezing","|-damage|p2a: Weezing|165/334","|-damage|p1a: Mamoswine|325/361|[from] item: Life Orb","|move|p2a: Weezing|Clear Smog|p1a: Mamoswine","|-resisted|p1a: Mamoswine","|-damage|p1a: Mamoswine|283/361","|-clearboost|p1a: Mamoswine","|","|-heal|p2a: Weezing|185/334|[from] item: Black Sludge","|turn|20","|","|move|p1a: Mamoswine|Icicle Crash|p2a: Weezing","|-damage|p2a: Weezing|123/334","|-damage|p1a: Mamoswine|247/361|[from] item: Life Orb","|move|p2a: Weezing|Rest|p2a: Weezing","|-status|p2a: Weezing|slp","|-heal|p2a: Weezing|334/334 slp|[silent]","|-status|p2a: Weezing|slp|[from] move: Rest","|","|turn|21","|","|move|p1a: Mamoswine|Icicle Crash|p2a: Weezing","|-damage|p2a: Weezing|268/334 slp","|-damage|p1a: Mamoswine|211/361|[from] item: Life Orb","|cant|p2a: Weezing|slp","|move|p2a: Weezing|Sleep Talk|p2a: Weezing","|move|p2a: Weezing|Clear Smog|p1a: Mamoswine|[from]Sleep Talk","|-resisted|p1a: Mamoswine","|-damage|p1a: Mamoswine|169/361","|-clearboost|p1a: Mamoswine","|","|-heal|p2a: Weezing|288/334 slp|[from] item: Black Sludge","|turn|22","|","|move|p1a: Mamoswine|Icicle Crash|p2a: Weezing|[miss]","|-miss|p1a: Mamoswine|p2a: Weezing","|cant|p2a: Weezing|slp","|move|p2a: Weezing|Sleep Talk|p2a: Weezing","|move|p2a: Weezing|Stockpile|p2a: Weezing|[from]Sleep Talk","|-start|p2a: Weezing|stockpile3","|-boost|p2a: Weezing|def|1","|-boost|p2a: Weezing|spd|1","|","|-heal|p2a: Weezing|308/334 slp|[from] item: Black Sludge","|turn|23","|","|move|p1a: Mamoswine|Icicle Crash|p2a: Weezing","|-damage|p2a: Weezing|253/334 slp","|-damage|p1a: Mamoswine|133/361|[from] item: Life Orb","|-curestatus|p2a: Weezing|slp","|cant|p2a: Weezing|flinch","|","|-heal|p2a: Weezing|273/334|[from] item: Black Sludge","|turn|24","|","|move|p1a: Mamoswine|Icicle Crash|p2a: Weezing","|-damage|p2a: Weezing|218/334","|-damage|p1a: Mamoswine|97/361|[from] item: Life Orb","|move|p2a: Weezing|Clear Smog|p1a: Mamoswine","|-resisted|p1a: Mamoswine","|-damage|p1a: Mamoswine|51/361","|-clearboost|p1a: Mamoswine","|","|-heal|p2a: Weezing|238/334|[from] item: Black Sludge","|turn|25","|","|move|p1a: Mamoswine|Freeze-Dry|p2a: Weezing","|-damage|p2a: Weezing|194/334","|-damage|p1a: Mamoswine|15/361|[from] item: Life Orb","|move|p2a: Weezing|Clear Smog|p1a: Mamoswine","|-resisted|p1a: Mamoswine","|-damage|p1a: Mamoswine|0 fnt","|-clearboost|p1a: Mamoswine","|faint|p1a: Mamoswine","|","|win|Inferno Overclass"],"p1rating":{"entryid":"7188337","serverid":"eos","formatid":"monotype","userid":"witchofcaldia","username":"WitchofCaldia","w":"25","l":47,"t":"0","gxe":36.4,"r":"1399.485288998","rd":"43.288582279014","sigma":"0","rptime":"1438419600","rpr":1394.4846851764,"rprd":42.346131139229,"rpsigma":"0","acre":1057.8251146506,"lacre":1057.8251146506,"oldacre":"1083.5404423664"},"p2rating":{"entryid":"7012653","serverid":"eos","formatid":"monotype","userid":"infernooverclass","username":"Inferno OverClass","w":13,"l":"24","t":"0","gxe":36.4,"r":"1380.8744206227","rd":"59.594180407476","sigma":"0","rptime":"1438419600","rpr":1393.8337077335,"rprd":57.336342116379,"rpsigma":"0","acre":1073.9212788178,"lacre":1073.9212788178,"oldacre":"1034.1073187169"},"endType":"normal"}