{"seed":[32627,14183,45712,43010],"turns":23,"p1":"DJ Biggie","p2":"Alliance-C-Control","p1team":[{"name":"Faildra","species":"kingdra","item":"scopelens","ability":"Sniper","moves":["focusenergy","dracometeor","surf","agility"],"nature":"Modest","evs":{"hp":0,"atk":0,"def":4,"spa":252,"spd":0,"spe":252},"ivs":{"hp":31,"atk":31,"def":31,"spa":31,"spd":31,"spe":31}},{"name":"Hen + Tie","species":"tentacruel","item":"blacksludge","ability":"Liquid Ooze","moves":["scald","rapidspin","acidspray","knockoff"],"nature":"Timid","evs":{"hp":248,"atk":0,"def":216,"spa":0,"spd":28,"spe":16},"ivs":{"hp":31,"atk":31,"def":31,"spa":31,"spd":31,"spe":31}},{"name":"Kenny (The Bae)","species":"azumarill","item":"assaultvest","ability":"Sap Sipper","moves":["playrough","waterfall","aquajet","knockoff"],"nature":"Adamant","evs":{"hp":240,"atk":252,"def":0,"spa":0,"spd":16,"spe":0},"gender":"F","ivs":{"hp":31,"atk":31,"def":31,"spa":31,"spd":31,"spe":31}},{"name":"Slippy","species":"politoed","item":"choicespecs","ability":"Drizzle","moves":["scald","hydropump","hiddenpowergrass","mudbomb"],"nature":"Modest","evs":{"hp":248,"atk":0,"def":0,"spa":252,"spd":8,"spe":0},"ivs":{"hp":31,"atk":30,"def":31,"spa":30,"spd":31,"spe":31}},{"name":"Samba de Amigo","species":"ludicolo","item":"lifeorb","ability":"Swift Swim","moves":["hydropump","gigadrain","icebeam","focusblast"],"nature":"Modest","evs":{"hp":0,"atk":0,"def":0,"spa":252,"spd":4,"spe":252},"ivs":{"hp":31,"atk":31,"def":31,"spa":31,"spd":31,"spe":31}},{"name":"JUST DO IT!","species":"swampert","item":"swampertite","ability":"Damp","moves":["waterfall","earthquake","icepunch","poweruppunch"],"nature":"Adamant","evs":{"hp":0,"atk":252,"def":4,"spa":0,"spd":0,"spe":252},"ivs":{"hp":31,"atk":31,"def":31,"spa":31,"spd":31,"spe":31}}],"p2team":[{"name":"Emolga","species":"Emolga","item":"sitrusberry","ability":"Motor Drive","moves":["acrobatics","tailwind","uturn","roost"],"nature":"Adamant","evs":{"hp":0,"atk":252,"def":0,"spa":0,"spd":4,"spe":252},"ivs":{"hp":31,"atk":31,"def":31,"spa":31,"spd":31,"spe":31}},{"name":"Magnezone","species":"Magnezone","item":"choicescarf","ability":"Sturdy","moves":["flashcannon","hiddenpowerice","triattack","voltswitch"],"nature":"Timid","evs":{"hp":4,"atk":0,"def":0,"spa":252,"spd":0,"spe":252},"ivs":{"hp":31,"atk":30,"def":30,"spa":31,"spd":31,"spe":31}},{"name":"Thundurus","species":"Thundurus","item":"leftovers","ability":"Prankster","moves":["psychic","thunderwave","superpower","thunderbolt"],"nature":"Hasty","evs":{"hp":0,"atk":4,"def":0,"spa":252,"spd":0,"spe":252},"ivs":{"hp":31,"atk":31,"def":31,"spa":31,"spd":31,"spe":31}},{"name":"Zapdos","species":"Zapdos","item":"rockyhelmet","ability":"Pressure","moves":["heatwave","defog","voltswitch","roost"],"nature":"Modest","evs":{"hp":248,"atk":0,"def":0,"spa":252,"spd":8,"spe":0},"ivs":{"hp":31,"atk":31,"def":31,"spa":31,"spd":31,"spe":31}},{"name":"Ampharos","species":"Ampharos","item":"ampharosite","ability":"Static","moves":["dragonpulse","powergem","thunderbolt","focusblast"],"nature":"Modest","evs":{"hp":248,"atk":0,"def":252,"spa":8,"spd":0,"spe":0},"ivs":{"hp":31,"atk":31,"def":31,"spa":31,"spd":31,"spe":31}},{"name":"Rotom-Wash","species":"Rotom-Wash","item":"leftovers","ability":"Levitate","moves":["hydropump","willowisp","snatch","voltswitch"],"nature":"Bold","evs":{"hp":252,"atk":0,"def":248,"spa":8,"spd":0,"spe":0},"ivs":{"hp":31,"atk":31,"def":31,"spa":31,"spd":31,"spe":31}}],"log":["|player|p1|DJ Biggie|109","|player|p2|Alliance-C-Control|190","|gametype|singles","|gen|6","|tier|Monotype","|rated","|rule|Baton Pass Clause: Limit one Baton Passer, can't pass Spe and other stats simultaneously","|rule|Swagger Clause: Swagger is banned","|rule|Same Type Clause: Pokémon in a team must share a type","|clearpoke","|poke|p1|Kingdra, M","|poke|p1|Tentacruel, M","|poke|p1|Azumarill, F","|poke|p1|Politoed, F","|poke|p1|Ludicolo, M","|poke|p1|Swampert, M","|poke|p2|Emolga, F","|poke|p2|Magnezone","|poke|p2|Thundurus, M","|poke|p2|Zapdos","|poke|p2|Ampharos, F","|poke|p2|Rotom-Wash","|rule|Sleep Clause Mod: Limit one foe put to sleep","|rule|Species Clause: Limit one of each Pokémon","|rule|OHKO Clause: OHKO moves are banned","|rule|Moody Clause: Moody is banned","|rule|Evasion Moves Clause: Evasion moves are banned","|rule|Endless Battle Clause: Forcing endless battles is banned","|rule|HP Percentage Mod: HP is shown in percentages","|teampreview","|","|start","|switch|p1a: Slippy|Politoed, F|383/383","|switch|p2a: Thundurus|Thundurus, M|299/299","|-weather|RainDance","|turn|1","|","|switch|p1a: Hen + Tie|Tentacruel, M|363/363","|move|p2a: Thundurus|Thunderbolt|p1a: Hen + Tie","|-supereffective|p1a: Hen + Tie","|-damage|p1a: Hen + Tie|87/363","|","|-weather|RainDance|[upkeep]","|-heal|p1a: Hen + Tie|109/363|[from] item: Black Sludge","|turn|2","|","|move|p2a: Thundurus|Psychic|p1a: Hen + Tie","|-crit|p1a: Hen + Tie","|-supereffective|p1a: Hen + Tie","|-damage|p1a: Hen + Tie|0 fnt","|faint|p1a: Hen + Tie","|","|-weather|RainDance|[upkeep]","|","|switch|p1a: Faildra|Kingdra, M|291/291","|turn|3","|","|move|p2a: Thundurus|Thunder Wave|p1a: Faildra","|-status|p1a: Faildra|par","|move|p1a: Faildra|Focus Energy|p1a: Faildra","|-start|p1a: Faildra|move: Focus Energy","|","|-weather|RainDance|[upkeep]","|turn|4","|","|move|p2a: Thundurus|Thunderbolt|p1a: Faildra","|-damage|p1a: Faildra|138/291 par","|move|p1a: Faildra|Draco Meteor|p2a: Thundurus","|-crit|p2a: Thundurus","|-damage|p2a: Thundurus|0 fnt","|-unboost|p1a: Faildra|spa|2","|faint|p2a: Thundurus","|","|-weather|RainDance|[upkeep]","|","|switch|p2a: Magnezone|Magnezone|282/282","|turn|5","|","|move|p2a: Magnezone|Volt Switch|p1a: Faildra","|-damage|p1a: Faildra|0 fnt","|faint|p1a: Faildra","|","|switch|p2a: Ampharos|Ampharos, F|383/383","|","|-weather|none","|","|switch|p1a: Slippy|Politoed, F|383/383","|-weather|RainDance","|turn|6","|","|switch|p1a: Kenny (The Bae)|Azumarill, F|401/401","|move|p2a: Ampharos|Dragon Pulse|p1a: Kenny (The Bae)","|-immune|p1a: Kenny (The Bae)|[msg]","|","|-weather|RainDance|[upkeep]","|turn|7","|","|move|p2a: Ampharos|Thunderbolt|p1a: Kenny (The Bae)","|-supereffective|p1a: Kenny (The Bae)","|-damage|p1a: Kenny (The Bae)|185/401","|move|p1a: Kenny (The Bae)|Waterfall|p2a: Ampharos","|-damage|p2a: Ampharos|271/383","|-status|p1a: Kenny (The Bae)|par","|","|-weather|RainDance|[upkeep]","|turn|8","|","|switch|p1a: Samba de Amigo|Ludicolo, M|301/301","|move|p2a: Ampharos|Thunderbolt|p1a: Samba de Amigo","|-damage|p1a: Samba de Amigo|162/301","|","|-weather|RainDance|[upkeep]","|turn|9","|","|switch|p2a: Magnezone|Magnezone|282/282","|move|p1a: Samba de Amigo|Giga Drain|p2a: Magnezone","|-resisted|p2a: Magnezone","|-damage|p2a: Magnezone|203/282","|-heal|p1a: Samba de Amigo|202/301|[from] drain|[of] p2a: Magnezone","|-damage|p1a: Samba de Amigo|172/301|[from] item: Life Orb","|","|-weather|RainDance|[upkeep]","|turn|10","|","|move|p1a: Samba de Amigo|Focus Blast|p2a: Magnezone","|-supereffective|p2a: Magnezone","|-damage|p2a: Magnezone|0 fnt","|-damage|p1a: Samba de Amigo|142/301|[from] item: Life Orb","|faint|p2a: Magnezone","|","|-weather|none","|","|switch|p2a: Zapdos|Zapdos|383/383","|-ability|p2a: Zapdos|Pressure","|turn|11","|","|move|p1a: Samba de Amigo|Ice Beam|p2a: Zapdos","|-supereffective|p2a: Zapdos","|-damage|p2a: Zapdos|107/383","|-damage|p1a: Samba de Amigo|112/301|[from] item: Life Orb","|move|p2a: Zapdos|Volt Switch|p1a: Samba de Amigo","|-damage|p1a: Samba de Amigo|0 fnt","|faint|p1a: Samba de Amigo","|","|switch|p2a: Emolga|Emolga, F|251/251","|","|","|switch|p1a: JUST DO IT!|Swampert, M|341/341","|turn|12","|","|detailschange|p1a: JUST DO IT!|Swampert-Mega, M","|-mega|p1a: JUST DO IT!|Swampert|Swampertite","|move|p2a: Emolga|U-turn|p1a: JUST DO IT!","|-damage|p1a: JUST DO IT!|278/341","|","|switch|p2a: Rotom-Wash|Rotom-Wash|304/304","|move|p1a: JUST DO IT!|Ice Punch|p2a: Rotom-Wash","|-resisted|p2a: Rotom-Wash","|-damage|p2a: Rotom-Wash|263/304","|","|-heal|p2a: Rotom-Wash|282/304|[from] item: Leftovers","|turn|13","|","|switch|p1a: Slippy|Politoed, F|383/383","|-weather|RainDance","|move|p2a: Rotom-Wash|Volt Switch|p1a: Slippy","|-supereffective|p1a: Slippy","|-damage|p1a: Slippy|215/383","|","|switch|p2a: Emolga|Emolga, F|251/251","|","|-weather|RainDance|[upkeep]","|turn|14","|","|move|p2a: Emolga|U-turn|p1a: Slippy","|-damage|p1a: Slippy|133/383","|","|switch|p2a: Zapdos|Zapdos|107/383","|-ability|p2a: Zapdos|Pressure","|move|p1a: Slippy|Scald|p2a: Zapdos","|-damage|p2a: Zapdos|0 fnt","|faint|p2a: Zapdos","|","|-weather|RainDance|[upkeep]","|","|switch|p2a: Emolga|Emolga, F|251/251","|turn|15","|","|switch|p1a: Kenny (The Bae)|Azumarill, F|185/401 par","|move|p2a: Emolga|Acrobatics|p1a: Kenny (The Bae)","|-damage|p1a: Kenny (The Bae)|92/401 par","|","|-weather|RainDance|[upkeep]","|turn|16","|","|move|p2a: Emolga|Acrobatics|p1a: Kenny (The Bae)","|-damage|p1a: Kenny (The Bae)|4/401 par","|cant|p1a: Kenny (The Bae)|par","|","|-weather|RainDance|[upkeep]","|turn|17","|","|move|p1a: Kenny (The Bae)|Aqua Jet|p2a: Emolga","|-damage|p2a: Emolga|145/251","|move|p2a: Emolga|Acrobatics|p1a: Kenny (The Bae)","|-damage|p1a: Kenny (The Bae)|0 fnt","|faint|p1a: Kenny (The Bae)","|","|-weather|none","|","|switch|p1a: Slippy|Politoed, F|133/383","|-weather|RainDance","|turn|18","|","|move|p2a: Emolga|Tailwind|p2a: Emolga","|-sidestart|p2: Alliance-C-Control|move: Tailwind","|move|p1a: Slippy|Hidden Power|p2a: Emolga","|-resisted|p2a: Emolga","|-damage|p2a: Emolga|81/251","|-enditem|p2a: Emolga|Sitrus Berry|[eat]","|-heal|p2a: Emolga|143/251|[from] item: Sitrus Berry","|","|-weather|RainDance|[upkeep]","|turn|19","|","|move|p2a: Emolga|Acrobatics|p1a: Slippy","|-damage|p1a: Slippy|0 fnt","|faint|p1a: Slippy","|","|-weather|RainDance|[upkeep]","|","|switch|p1a: JUST DO IT!|Swampert-Mega, M|278/341","|turn|20","|","|move|p2a: Emolga|Acrobatics|p1a: JUST DO IT!","|-damage|p1a: JUST DO IT!|151/341","|move|p1a: JUST DO IT!|Waterfall|p2a: Emolga","|-damage|p2a: Emolga|0 fnt","|faint|p2a: Emolga","|","|-weather|RainDance|[upkeep]","|","|switch|p2a: Rotom-Wash|Rotom-Wash|282/304","|turn|21","|","|move|p1a: JUST DO IT!|Waterfall|p2a: Rotom-Wash","|-crit|p2a: Rotom-Wash","|-resisted|p2a: Rotom-Wash","|-damage|p2a: Rotom-Wash|136/304","|move|p2a: Rotom-Wash|Will-O-Wisp|p1a: JUST DO IT!","|-status|p1a: JUST DO IT!|brn","|","|-weather|RainDance|[upkeep]","|-heal|p2a: Rotom-Wash|155/304|[from] item: Leftovers","|-damage|p1a: JUST DO IT!|109/341 brn|[from] brn","|-sideend|p2: Alliance-C-Control|move: Tailwind","|turn|22","|","|move|p2a: Rotom-Wash|Snatch|p2a: Rotom-Wash","|-singleturn|p2a: Rotom-Wash|Snatch","|move|p1a: JUST DO IT!|Waterfall|p2a: Rotom-Wash","|-resisted|p2a: Rotom-Wash","|-damage|p2a: Rotom-Wash|109/304","|","|-weather|none","|-heal|p2a: Rotom-Wash|128/304|[from] item: Leftovers","|-damage|p1a: JUST DO IT!|67/341 brn|[from] brn","|turn|23","|","|move|p1a: JUST DO IT!|Power-Up Punch|p2a: Rotom-Wash","|-crit|p2a: Rotom-Wash","|-damage|p2a: Rotom-Wash|96/304","|-boost|p1a: JUST DO IT!|atk|1","|move|p2a: Rotom-Wash|Hydro Pump|p1a: JUST DO IT!","|-damage|p1a: JUST DO IT!|0 fnt","|faint|p1a: JUST DO IT!","|","|win|Alliance-C-Control"],"p1rating":{"entryid":"7236327","serverid":"eos","formatid":"monotype","userid":"djbiggie","username":"DJ Biggie","w":"11","l":7,"t":"0","gxe":55.9,"r":"1553.2984658363","rd":"74.915670016559","sigma":"0","rptime":"1438333200","rpr":1545.3061169764,"rprd":72.086625473098,"rpsigma":"0","acre":1144.8491845375,"lacre":1144.8491845375,"oldacre":"1175.3589464378"},"p2rating":{"entryid":"6440455","serverid":"eos","formatid":"monotype","userid":"allianceccontrol","username":"Alliance-C-Control","w":217,"l":"290","t":"0","gxe":41.6,"r":"1432.7425864753","rd":"25","sigma":"0","rptime":"1438333200","rpr":1436.0413144075,"rprd":25,"rpsigma":"0","acre":1128.4758039835,"lacre":1128.4758039835,"oldacre":"1097.5102769358"},"endType":"normal"}