{"seed":[46266,16098,46086,61902],"turns":23,"p1":"DpxYT","p2":"Sovereign♕Blake","p1team":[{"name":"Terrakion","species":"Terrakion","item":"sitrusberry","ability":"Justified","moves":["closecombat","ironhead","sacredsword","rockslide"],"nature":"Jolly","evs":{"hp":0,"atk":252,"def":0,"spa":0,"spd":4,"spe":252},"ivs":{"hp":31,"atk":31,"def":31,"spa":31,"spd":31,"spe":31}},{"name":"Diancie","species":"Diancie","item":"leftovers","ability":"Clear Body","moves":["diamondstorm","ancientpower","moonblast","earthpower"],"nature":"Quiet","evs":{"hp":252,"atk":4,"def":0,"spa":252,"spd":0,"spe":0},"ivs":{"hp":31,"atk":31,"def":31,"spa":31,"spd":31,"spe":31}},{"name":"Tyranitar","species":"Tyranitar","item":"lifeorb","ability":"Sand Stream","moves":["thunderwave","rockslide","crunch","protect"],"nature":"Careful","evs":{"hp":248,"atk":8,"def":0,"spa":0,"spd":252,"spe":0},"ivs":{"hp":31,"atk":31,"def":31,"spa":31,"spd":31,"spe":31}},{"name":"Kabutops","species":"Kabutops","item":"choiceband","ability":"Swift Swim","moves":["aquajet","doubleedge","rockslide","superpower"],"nature":"Adamant","evs":{"hp":0,"atk":252,"def":0,"spa":0,"spd":4,"spe":252},"ivs":{"hp":31,"atk":31,"def":31,"spa":31,"spd":31,"spe":31}},{"name":"Cradily","species":"Cradily","item":"leftovers","ability":"Storm Drain","moves":["ancientpower","gigadrain","toxic","recover"],"nature":"Calm","evs":{"hp":252,"atk":0,"def":0,"spa":4,"spd":252,"spe":0},"ivs":{"hp":31,"atk":31,"def":31,"spa":31,"spd":31,"spe":31}},{"name":"Aerodactyl","species":"Aerodactyl","item":"aerodactylite","ability":"Rock Head","moves":["aerialace","dragonclaw","thunderfang","rockslide"],"nature":"Jolly","evs":{"hp":0,"atk":252,"def":0,"spa":0,"spd":4,"spe":252},"ivs":{"hp":31,"atk":31,"def":31,"spa":31,"spd":31,"spe":31}}],"p2team":[{"name":"Terrakion","species":"Terrakion","item":"choicescarf","ability":"Justified","moves":["closecombat","stoneedge","ironhead","xscissor"],"nature":"Jolly","evs":{"hp":0,"atk":252,"def":0,"spa":0,"spd":4,"spe":252},"ivs":{"hp":31,"atk":31,"def":31,"spa":31,"spd":31,"spe":31}},{"name":"Tyranitar","species":"Tyranitar","item":"leftovers","ability":"Sand Stream","moves":["stealthrock","crunch","stoneedge","earthquake"],"nature":"Adamant","evs":{"hp":252,"atk":252,"def":0,"spa":0,"spd":4,"spe":0},"gender":"M","ivs":{"hp":31,"atk":31,"def":31,"spa":31,"spd":31,"spe":31}},{"name":"Aggron","species":"Aggron","item":"aggronite","ability":"Sturdy","moves":["rest","sleeptalk","heavyslam","curse"],"nature":"Impish","evs":{"hp":248,"atk":8,"def":252,"spa":0,"spd":0,"spe":0},"gender":"M","shiny":true,"ivs":{"hp":31,"atk":31,"def":31,"spa":31,"spd":31,"spe":31}},{"name":"Cradily","species":"Cradily","item":"leftovers","ability":"Storm Drain","moves":["gigadrain","recover","toxic","ancientpower"],"nature":"Calm","evs":{"hp":252,"atk":0,"def":0,"spa":4,"spd":252,"spe":0},"gender":"M","ivs":{"hp":31,"atk":31,"def":31,"spa":31,"spd":31,"spe":31}},{"name":"Rhyperior","species":"Rhyperior","item":"assaultvest","ability":"Solid Rock","moves":["megahorn","stoneedge","earthquake","hammerarm"],"nature":"Adamant","evs":{"hp":248,"atk":252,"def":0,"spa":0,"spd":8,"spe":0},"gender":"M","ivs":{"hp":31,"atk":31,"def":31,"spa":31,"spd":31,"spe":31}},{"name":"Aurorus","species":"Aurorus","item":"lifeorb","ability":"Refrigerate","moves":["rockpolish","hypervoice","freezedry","earthpower"],"nature":"Modest","evs":{"hp":0,"atk":0,"def":0,"spa":252,"spd":4,"spe":252},"gender":"M","ivs":{"hp":31,"atk":31,"def":31,"spa":31,"spd":31,"spe":31}}],"log":["|player|p1|DpxYT|80","|player|p2|Sovereign♕Blake|169","|gametype|singles","|gen|6","|tier|Monotype","|rated","|rule|Baton Pass Clause: Limit one Baton Passer, can't pass Spe and other stats simultaneously","|rule|Swagger Clause: Swagger is banned","|rule|Same Type Clause: Pokémon in a team must share a type","|clearpoke","|poke|p1|Terrakion","|poke|p1|Diancie","|poke|p1|Tyranitar, F","|poke|p1|Kabutops, F","|poke|p1|Cradily, M","|poke|p1|Aerodactyl, F","|poke|p2|Terrakion","|poke|p2|Tyranitar, M","|poke|p2|Aggron, M, shiny","|poke|p2|Cradily, M","|poke|p2|Rhyperior, M","|poke|p2|Aurorus, M","|rule|Sleep Clause Mod: Limit one foe put to sleep","|rule|Species Clause: Limit one of each Pokémon","|rule|OHKO Clause: OHKO moves are banned","|rule|Moody Clause: Moody is banned","|rule|Evasion Moves Clause: Evasion moves are banned","|rule|Endless Battle Clause: Forcing endless battles is banned","|rule|HP Percentage Mod: HP is shown in percentages","|teampreview","|","|start","|switch|p1a: Terrakion|Terrakion|323/323","|switch|p2a: Tyranitar|Tyranitar, M|404/404","|-weather|Sandstorm","|turn|1","|","|move|p1a: Terrakion|Close Combat|p2a: Tyranitar","|-supereffective|p2a: Tyranitar","|-damage|p2a: Tyranitar|0 fnt","|-unboost|p1a: Terrakion|def|1","|-unboost|p1a: Terrakion|spd|1","|faint|p2a: Tyranitar","|","|-weather|Sandstorm|[upkeep]","|","|switch|p2a: Aggron|Aggron, M, shiny|343/343","|turn|2","|","|switch|p1a: Kabutops|Kabutops, F|261/261","|detailschange|p2a: Aggron|Aggron-Mega, M, shiny","|-mega|p2a: Aggron|Aggron|Aggronite","|move|p2a: Aggron|Curse|p2a: Aggron","|-boost|p2a: Aggron|atk|1","|-boost|p2a: Aggron|def|1","|-unboost|p2a: Aggron|spe|1","|","|-weather|Sandstorm|[upkeep]","|turn|3","|","|move|p1a: Kabutops|Superpower|p2a: Aggron","|-supereffective|p2a: Aggron","|-damage|p2a: Aggron|253/343","|-unboost|p1a: Kabutops|atk|1","|-unboost|p1a: Kabutops|def|1","|move|p2a: Aggron|Heavy Slam|p1a: Kabutops","|-damage|p1a: Kabutops|0 fnt","|faint|p1a: Kabutops","|","|-weather|Sandstorm|[upkeep]","|","|switch|p1a: Terrakion|Terrakion|323/323","|turn|4","|","|move|p1a: Terrakion|Sacred Sword|p2a: Aggron","|-supereffective|p2a: Aggron","|-damage|p2a: Aggron|153/343","|move|p2a: Aggron|Curse|p2a: Aggron","|-boost|p2a: Aggron|atk|1","|-boost|p2a: Aggron|def|1","|-unboost|p2a: Aggron|spe|1","|","|-weather|Sandstorm|[upkeep]","|turn|5","|","|move|p1a: Terrakion|Sacred Sword|p2a: Aggron","|-supereffective|p2a: Aggron","|-damage|p2a: Aggron|53/343","|move|p2a: Aggron|Rest|p2a: Aggron","|-status|p2a: Aggron|slp","|-heal|p2a: Aggron|343/343 slp|[silent]","|-status|p2a: Aggron|slp|[from] move: Rest","|","|-weather|none","|turn|6","|","|switch|p1a: Diancie|Diancie|304/304","|cant|p2a: Aggron|slp","|move|p2a: Aggron|Sleep Talk|p2a: Aggron","|move|p2a: Aggron|Curse|p2a: Aggron|[from]Sleep Talk","|-boost|p2a: Aggron|atk|1","|-boost|p2a: Aggron|def|1","|-unboost|p2a: Aggron|spe|1","|","|turn|7","|","|move|p1a: Diancie|Earth Power|p2a: Aggron","|-crit|p2a: Aggron","|-supereffective|p2a: Aggron","|-damage|p2a: Aggron|96/343 slp","|-unboost|p2a: Aggron|spd|1","|cant|p2a: Aggron|slp","|move|p2a: Aggron|Sleep Talk|p2a: Aggron","|move|p2a: Aggron|Rest|p2a: Aggron|[from]Sleep Talk","|-fail|p2a: Aggron","|","|turn|8","|","|move|p1a: Diancie|Earth Power|p2a: Aggron","|-supereffective|p2a: Aggron","|-damage|p2a: Aggron|0 fnt","|faint|p2a: Aggron","|","|","|switch|p2a: Rhyperior|Rhyperior, M|433/433","|turn|9","|","|switch|p1a: Aerodactyl|Aerodactyl, F|301/301","|move|p2a: Rhyperior|Earthquake|p1a: Aerodactyl","|-immune|p1a: Aerodactyl|[msg]","|","|turn|10","|","|switch|p1a: Terrakion|Terrakion|323/323","|move|p2a: Rhyperior|Stone Edge|p1a: Terrakion","|-resisted|p1a: Terrakion","|-damage|p1a: Terrakion|215/323","|","|turn|11","|","|move|p1a: Terrakion|Close Combat|p2a: Rhyperior","|-supereffective|p2a: Rhyperior","|-damage|p2a: Rhyperior|186/433","|-unboost|p1a: Terrakion|def|1","|-unboost|p1a: Terrakion|spd|1","|move|p2a: Rhyperior|Earthquake|p1a: Terrakion","|-supereffective|p1a: Terrakion","|-damage|p1a: Terrakion|0 fnt","|faint|p1a: Terrakion","|","|","|switch|p1a: Cradily|Cradily, M|376/376","|turn|12","|","|move|p1a: Cradily|Giga Drain|p2a: Rhyperior","|-supereffective|p2a: Rhyperior","|-damage|p2a: Rhyperior|0 fnt","|faint|p2a: Rhyperior","|","|","|switch|p2a: Aurorus|Aurorus, M|387/387","|turn|13","|","|move|p2a: Aurorus|Rock Polish|p2a: Aurorus","|-boost|p2a: Aurorus|spe|2","|move|p1a: Cradily|Ancient Power|p2a: Aurorus","|-supereffective|p2a: Aurorus","|-damage|p2a: Aurorus|265/387","|","|turn|14","|","|move|p2a: Aurorus|Hyper Voice|p1a: Cradily","|-supereffective|p1a: Cradily","|-damage|p1a: Cradily|46/376","|-damage|p2a: Aurorus|227/387|[from] item: Life Orb","|move|p1a: Cradily|Ancient Power|p2a: Aurorus","|-supereffective|p2a: Aurorus","|-damage|p2a: Aurorus|87/387","|","|-heal|p1a: Cradily|69/376|[from] item: Leftovers","|turn|15","|","|move|p2a: Aurorus|Hyper Voice|p1a: Cradily","|-crit|p1a: Cradily","|-supereffective|p1a: Cradily","|-damage|p1a: Cradily|0 fnt","|-damage|p2a: Aurorus|49/387|[from] item: Life Orb","|faint|p1a: Cradily","|","|","|switch|p1a: Aerodactyl|Aerodactyl, F|301/301","|turn|16","|","|detailschange|p1a: Aerodactyl|Aerodactyl-Mega, F","|-mega|p1a: Aerodactyl|Aerodactyl|Aerodactylite","|move|p2a: Aurorus|Hyper Voice|p1a: Aerodactyl","|-supereffective|p1a: Aerodactyl","|-damage|p1a: Aerodactyl|0 fnt","|-damage|p2a: Aurorus|11/387|[from] item: Life Orb","|faint|p1a: Aerodactyl","|","|","|switch|p1a: Tyranitar|Tyranitar, F|403/403","|-weather|Sandstorm","|turn|17","|","|move|p1a: Tyranitar|Protect|p1a: Tyranitar","|-singleturn|p1a: Tyranitar|Protect","|move|p2a: Aurorus|Earth Power|p1a: Tyranitar","|-activate|p1a: Tyranitar|Protect","|","|-weather|Sandstorm|[upkeep]","|turn|18","|","|move|p2a: Aurorus|Earth Power|p1a: Tyranitar","|-supereffective|p1a: Tyranitar","|-damage|p1a: Tyranitar|273/403","|-damage|p2a: Aurorus|0 fnt|[from] item: Life Orb","|faint|p2a: Aurorus","|move|p1a: Tyranitar|Crunch|p2: Aurorus|[notarget]","|-notarget","|","|-weather|Sandstorm|[upkeep]","|","|switch|p2a: Terrakion|Terrakion|323/323","|turn|19","|","|move|p2a: Terrakion|Iron Head|p1a: Tyranitar","|-supereffective|p1a: Tyranitar","|-damage|p1a: Tyranitar|89/403","|move|p1a: Tyranitar|Thunder Wave|p2a: Terrakion","|-status|p2a: Terrakion|par","|","|-weather|Sandstorm|[upkeep]","|turn|20","|","|move|p1a: Tyranitar|Rock Slide|p2a: Terrakion","|-miss|p1a: Tyranitar|p2a: Terrakion","|cant|p2a: Terrakion|par","|","|-weather|Sandstorm|[upkeep]","|turn|21","|","|move|p1a: Tyranitar|Rock Slide|p2a: Terrakion","|-resisted|p2a: Terrakion","|-damage|p2a: Terrakion|249/323 par","|-damage|p1a: Tyranitar|49/403|[from] item: Life Orb","|move|p2a: Terrakion|Iron Head|p1a: Tyranitar","|-supereffective|p1a: Tyranitar","|-damage|p1a: Tyranitar|0 fnt","|faint|p1a: Tyranitar","|","|-weather|none","|","|switch|p1a: Diancie|Diancie|304/304","|turn|22","|","|move|p2a: Terrakion|Iron Head|p1a: Diancie","|-supereffective|p1a: Diancie","|-damage|p1a: Diancie|52/304","|move|p1a: Diancie|Moonblast|p2a: Terrakion","|-supereffective|p2a: Terrakion","|-damage|p2a: Terrakion|0 fnt","|faint|p2a: Terrakion","|","|-heal|p1a: Diancie|71/304|[from] item: Leftovers","|","|switch|p2a: Cradily|Cradily, M|376/376","|turn|23","|","|move|p2a: Cradily|Giga Drain|p1a: Diancie","|-supereffective|p1a: Diancie","|-damage|p1a: Diancie|0 fnt","|faint|p1a: Diancie","|","|win|Sovereign♕Blake"],"p1rating":{"entryid":"7278102","serverid":"eos","formatid":"monotype","userid":"dpxyt","username":"DpxYT","w":"1","l":8,"t":"0","gxe":31.6,"r":"1454.5172685364","rd":"123.1120823442","sigma":"0","rptime":"1438419600","rpr":1349.677540149,"rprd":89.113235285059,"rpsigma":"0","acre":1000,"lacre":1000,"oldacre":"1006.8845400752"},"p2rating":{"entryid":"7151294","serverid":"eos","formatid":"monotype","userid":"sovereignblake","username":"Sovereign♕Blake","w":10,"l":"9","t":"0","gxe":48.1,"r":"1416.7016173284","rd":"85.517593210452","sigma":"0","rptime":"1438419600","rpr":1485.4526112053,"rprd":71.829868166811,"rpsigma":"0","acre":1143.1376124169,"lacre":1143.1376124169,"oldacre":"1126.4144810916"},"endType":"normal"}