{"seed":[44752,64030,18459,5368],"turns":35,"p1":"Guard Wanderer","p2":"Seven Swell","p1team":[{"name":"Weezing","species":"Weezing","item":"sitrusberry","ability":"Levitate","moves":["toxicspikes","willowisp","memento","thief"],"nature":"Careful","evs":{"hp":248,"atk":8,"def":0,"spa":0,"spd":252,"spe":0},"ivs":{"hp":31,"atk":31,"def":31,"spa":31,"spd":31,"spe":31}},{"name":"Tentacruel","species":"Tentacruel","item":"assaultvest","ability":"Liquid Ooze","moves":["scald","acidspray","gigadrain","hex"],"nature":"Timid","evs":{"hp":0,"atk":0,"def":4,"spa":252,"spd":0,"spe":252},"ivs":{"hp":31,"atk":31,"def":31,"spa":31,"spd":31,"spe":31}},{"name":"Skuntank","species":"Skuntank","item":"","ability":"Stench","moves":["snatch","thief","suckerpunch","poisonjab"],"nature":"Adamant","evs":{"hp":248,"atk":252,"def":0,"spa":0,"spd":8,"spe":0},"ivs":{"hp":31,"atk":31,"def":31,"spa":31,"spd":31,"spe":31}},{"name":"Crobat","species":"Crobat","item":"whiteherb","ability":"Infiltrator","moves":["curse","acrobatics","roost","superfang"],"nature":"Jolly","evs":{"hp":248,"atk":8,"def":0,"spa":0,"spd":0,"spe":252},"ivs":{"hp":31,"atk":31,"def":31,"spa":31,"spd":31,"spe":31}},{"name":"Gengar","species":"Gengar","item":"choicescarf","ability":"Levitate","moves":["trick","destinybond","venoshock","hex"],"nature":"Timid","evs":{"hp":0,"atk":0,"def":0,"spa":252,"spd":4,"spe":252},"ivs":{"hp":31,"atk":31,"def":31,"spa":31,"spd":31,"spe":31}},{"name":"Amoonguss","species":"Amoonguss","item":"blacksludge","ability":"Regenerator","moves":["spore","gigadrain","gastroacid","stunspore"],"nature":"Calm","evs":{"hp":248,"atk":0,"def":0,"spa":8,"spd":252,"spe":0},"shiny":true,"ivs":{"hp":31,"atk":31,"def":31,"spa":31,"spd":31,"spe":31}}],"p2team":[{"name":"Mew","species":"Mew","item":"leftovers","ability":"Synchronize","moves":["roost","toxic","healbell","aurasphere"],"nature":"Calm","evs":{"hp":252,"atk":0,"def":0,"spa":4,"spd":252,"spe":0},"ivs":{"hp":31,"atk":31,"def":31,"spa":31,"spd":31,"spe":31}},{"name":"Slowbro","species":"Slowbro","item":"rockyhelmet","ability":"Regenerator","moves":["scald","yawn","flamethrower","slackoff"],"nature":"Bold","evs":{"hp":252,"atk":0,"def":252,"spa":4,"spd":0,"spe":0},"ivs":{"hp":31,"atk":31,"def":31,"spa":31,"spd":31,"spe":31}},{"name":"Deoxys-Speed","species":"Deoxys-Speed","item":"focussash","ability":"Pressure","moves":["stealthrock","spikes","thunderwave","icebeam"],"nature":"Timid","evs":{"hp":252,"atk":0,"def":44,"spa":0,"spd":0,"spe":212},"ivs":{"hp":31,"atk":31,"def":31,"spa":31,"spd":31,"spe":31}},{"name":"Gardevoir","species":"Gardevoir","item":"gardevoirite","ability":"Trace","moves":["hypervoice","psyshock","destinybond","thunderbolt"],"nature":"Timid","evs":{"hp":0,"atk":0,"def":4,"spa":252,"spd":0,"spe":252},"ivs":{"hp":31,"atk":0,"def":31,"spa":31,"spd":31,"spe":31}},{"name":"Latias","species":"Latias","item":"leftovers","ability":"Levitate","moves":["dracometeor","psyshock","roost","defog"],"nature":"Timid","evs":{"hp":252,"atk":0,"def":0,"spa":4,"spd":0,"spe":252},"ivs":{"hp":31,"atk":31,"def":31,"spa":31,"spd":31,"spe":31}},{"name":"Hoopa-Unbound","species":"Hoopa-Unbound","item":"focussash","ability":"Magician","moves":["hyperspacefury","drainpunch","firepunch","gunkshot"],"nature":"Adamant","evs":{"hp":0,"atk":252,"def":0,"spa":0,"spd":4,"spe":252},"ivs":{"hp":31,"atk":31,"def":31,"spa":31,"spd":31,"spe":31}}],"log":["|player|p1|Guard Wanderer|235","|player|p2|Seven Swell|sevenswell.png","|gametype|singles","|gen|6","|tier|Monotype","|rated","|rule|Baton Pass Clause: Limit one Baton Passer, can't pass Spe and other stats simultaneously","|rule|Swagger Clause: Swagger is banned","|rule|Same Type Clause: Pokémon in a team must share a type","|clearpoke","|poke|p1|Weezing, F","|poke|p1|Tentacruel, M","|poke|p1|Skuntank, F","|poke|p1|Crobat, M","|poke|p1|Gengar, M","|poke|p1|Amoonguss, M, shiny","|poke|p2|Mew","|poke|p2|Slowbro, M","|poke|p2|Deoxys-Speed","|poke|p2|Gardevoir, M","|poke|p2|Latias, F","|poke|p2|Hoopa-Unbound","|rule|Sleep Clause Mod: Limit one foe put to sleep","|rule|Species Clause: Limit one of each Pokémon","|rule|OHKO Clause: OHKO moves are banned","|rule|Moody Clause: Moody is banned","|rule|Evasion Moves Clause: Evasion moves are banned","|rule|Endless Battle Clause: Forcing endless battles is banned","|rule|HP Percentage Mod: HP is shown in percentages","|teampreview","|","|start","|switch|p1a: Skuntank|Skuntank, F|409/409","|switch|p2a: Slowbro|Slowbro, M|394/394","|turn|1","|","|switch|p1a: Weezing|Weezing, F|333/333","|move|p2a: Slowbro|Scald|p1a: Weezing","|-damage|p1a: Weezing|243/333","|","|turn|2","|","|move|p1a: Weezing|Toxic Spikes|p2a: Slowbro","|-sidestart|p2: Seven Swell|move: Toxic Spikes","|move|p2a: Slowbro|Yawn|p1a: Weezing","|-start|p1a: Weezing|move: Yawn|[of] p2a: Slowbro","|","|turn|3","|","|switch|p1a: Skuntank|Skuntank, F|409/409","|switch|p2a: Latias|Latias, F|364/364","|","|turn|4","|","|switch|p2a: Slowbro|Slowbro, M|394/394","|-status|p2a: Slowbro|psn","|move|p1a: Skuntank|Thief|p2a: Slowbro","|-supereffective|p2a: Slowbro","|-damage|p2a: Slowbro|262/394 psn","|-damage|p1a: Skuntank|341/409|[from] item: Rocky Helmet|[of] p2a: Slowbro","|-item|p1a: Skuntank|Rocky Helmet|[from] move: Thief|[of] p2a: Slowbro","|","|-damage|p2a: Slowbro|213/394 psn|[from] psn","|turn|5","|","|switch|p1a: Weezing|Weezing, F|243/333","|move|p2a: Slowbro|Slack Off|p2a: Slowbro","|-heal|p2a: Slowbro|394/394 psn","|","|-damage|p2a: Slowbro|345/394 psn|[from] psn","|turn|6","|","|switch|p2a: Latias|Latias, F|364/364","|move|p1a: Weezing|Toxic Spikes|p2a: Latias","|-sidestart|p2: Seven Swell|move: Toxic Spikes","|","|turn|7","|","|switch|p1a: Skuntank|Skuntank, F|341/409","|move|p2a: Latias|Defog|p1a: Skuntank","|-unboost|p1a: Skuntank|evasion|1","|-sideend|p2: Seven Swell|Toxic Spikes|[from] move: Defog|[of] p2a: Latias","|","|turn|8","|","|move|p2a: Latias|Draco Meteor|p1a: Skuntank","|-damage|p1a: Skuntank|98/409","|-unboost|p2a: Latias|spa|2","|move|p1a: Skuntank|Poison Jab|p2a: Latias","|-damage|p2a: Latias|216/364","|","|-heal|p2a: Latias|238/364|[from] item: Leftovers","|turn|9","|","|switch|p2a: Slowbro|Slowbro, M|394/394 psn","|move|p1a: Skuntank|Sucker Punch|p2a: Slowbro","|-fail|p1a: Skuntank","|","|-damage|p2a: Slowbro|345/394 psn|[from] psn","|turn|10","|","|switch|p1a: Weezing|Weezing, F|243/333","|move|p2a: Slowbro|Scald|p1a: Weezing","|-damage|p1a: Weezing|156/333","|-enditem|p1a: Weezing|Sitrus Berry|[eat]","|-heal|p1a: Weezing|239/333|[from] item: Sitrus Berry","|","|-damage|p2a: Slowbro|296/394 psn|[from] psn","|turn|11","|","|switch|p2a: Gardevoir|Gardevoir, M|277/277","|-ability|p2a: Gardevoir|Levitate|[from] ability: Trace|[of] p1a: Weezing","|move|p1a: Weezing|Toxic Spikes|p2a: Gardevoir","|-sidestart|p2: Seven Swell|move: Toxic Spikes","|","|turn|12","|","|detailschange|p2a: Gardevoir|Gardevoir-Mega, M","|-mega|p2a: Gardevoir|Gardevoir|Gardevoirite","|move|p2a: Gardevoir|Psyshock|p1a: Weezing","|-supereffective|p1a: Weezing","|-damage|p1a: Weezing|0 fnt","|faint|p1a: Weezing","|","|","|switch|p1a: Skuntank|Skuntank, F|98/409","|turn|13","|","|move|p1a: Skuntank|Sucker Punch|p2a: Gardevoir","|-damage|p2a: Gardevoir|97/277","|move|p2a: Gardevoir|Hyper Voice|p1a: Skuntank","|-damage|p1a: Skuntank|0 fnt","|faint|p1a: Skuntank","|","|","|switch|p1a: Gengar|Gengar, M|261/261","|turn|14","|","|switch|p2a: Mew|Mew|404/404","|-status|p2a: Mew|psn","|move|p1a: Gengar|Hex|p2a: Mew","|-supereffective|p2a: Mew","|-damage|p2a: Mew|68/404 psn","|","|-heal|p2a: Mew|93/404 psn|[from] item: Leftovers","|-damage|p2a: Mew|43/404 psn|[from] psn","|turn|15","|","|move|p1a: Gengar|Hex|p2a: Mew","|-supereffective|p2a: Mew","|-damage|p2a: Mew|0 fnt","|faint|p2a: Mew","|","|","|switch|p2a: Deoxys-Speed|Deoxys-Speed|304/304","|-status|p2a: Deoxys-Speed|psn","|-ability|p2a: Deoxys-Speed|Pressure","|turn|16","|","|switch|p1a: Amoonguss|Amoonguss, M, shiny|431/431","|move|p2a: Deoxys-Speed|Thunder Wave|p1a: Amoonguss","|-status|p1a: Amoonguss|par","|","|-damage|p2a: Deoxys-Speed|266/304 psn|[from] psn","|turn|17","|","|move|p2a: Deoxys-Speed|Stealth Rock|p1a: Amoonguss","|-sidestart|p1: Guard Wanderer|move: Stealth Rock","|move|p1a: Amoonguss|Giga Drain|p2a: Deoxys-Speed","|-damage|p2a: Deoxys-Speed|181/304 psn","|","|-damage|p2a: Deoxys-Speed|143/304 psn|[from] psn","|turn|18","|","|switch|p2a: Latias|Latias, F|238/364","|move|p1a: Amoonguss|Giga Drain|p2a: Latias","|-resisted|p2a: Latias","|-damage|p2a: Latias|205/364","|","|-heal|p2a: Latias|227/364|[from] item: Leftovers","|turn|19","|","|move|p2a: Latias|Defog|p1a: Amoonguss","|-unboost|p1a: Amoonguss|evasion|1","|-sideend|p1: Guard Wanderer|Stealth Rock|[from] move: Defog|[of] p1a: Amoonguss","|-sideend|p2: Seven Swell|Toxic Spikes|[from] move: Defog|[of] p2a: Latias","|cant|p1a: Amoonguss|par","|","|-heal|p2a: Latias|249/364|[from] item: Leftovers","|turn|20","|","|move|p2a: Latias|Psyshock|p1a: Amoonguss","|-supereffective|p1a: Amoonguss","|-damage|p1a: Amoonguss|165/431 par","|move|p1a: Amoonguss|Spore|p2a: Latias","|-status|p2a: Latias|slp","|","|-heal|p2a: Latias|271/364 slp|[from] item: Leftovers","|-heal|p1a: Amoonguss|191/431 par|[from] item: Black Sludge","|turn|21","|","|cant|p2a: Latias|slp","|move|p1a: Amoonguss|Stun Spore|p2a: Latias|[miss]","|-miss|p1a: Amoonguss|p2a: Latias","|","|-heal|p2a: Latias|293/364 slp|[from] item: Leftovers","|-heal|p1a: Amoonguss|217/431 par|[from] item: Black Sludge","|turn|22","|","|switch|p1a: Gengar|Gengar, M|261/261","|cant|p2a: Latias|slp","|","|-heal|p2a: Latias|315/364 slp|[from] item: Leftovers","|turn|23","|","|move|p1a: Gengar|Hex|p2a: Latias","|-supereffective|p2a: Latias","|-damage|p2a: Latias|0 fnt","|faint|p2a: Latias","|","|","|switch|p2a: Hoopa-Unbound|Hoopa-Unbound|301/301","|turn|24","|","|switch|p1a: Amoonguss|Amoonguss, M, shiny|360/431 par","|move|p2a: Hoopa-Unbound|Hyperspace Fury|p1a: Amoonguss","|-damage|p1a: Amoonguss|29/431 par","|-unboost|p2a: Hoopa-Unbound|def|1","|","|-heal|p1a: Amoonguss|55/431 par|[from] item: Black Sludge","|turn|25","|","|move|p2a: Hoopa-Unbound|Hyperspace Fury|p1a: Amoonguss","|-damage|p1a: Amoonguss|0 fnt","|-unboost|p2a: Hoopa-Unbound|def|1","|faint|p1a: Amoonguss","|","|","|switch|p1a: Crobat|Crobat, M|373/373","|turn|26","|","|switch|p2a: Slowbro|Slowbro, M|394/394 psn","|move|p1a: Crobat|Curse|p1a: Crobat","|-boost|p1a: Crobat|atk|1","|-boost|p1a: Crobat|def|1","|-unboost|p1a: Crobat|spe|1","|-enditem|p1a: Crobat|White Herb","|-restoreboost|p1a: Crobat|[silent]","|","|-damage|p2a: Slowbro|345/394 psn|[from] psn","|turn|27","|","|move|p1a: Crobat|Super Fang|p2a: Slowbro","|-damage|p2a: Slowbro|173/394 psn","|move|p2a: Slowbro|Yawn|p1a: Crobat","|-start|p1a: Crobat|move: Yawn|[of] p2a: Slowbro","|","|-damage|p2a: Slowbro|124/394 psn|[from] psn","|turn|28","|","|switch|p1a: Tentacruel|Tentacruel, M|301/301","|move|p2a: Slowbro|Scald|p1a: Tentacruel","|-resisted|p1a: Tentacruel","|-damage|p1a: Tentacruel|276/301","|","|-damage|p2a: Slowbro|75/394 psn|[from] psn","|turn|29","|","|move|p1a: Tentacruel|Hex|p2a: Slowbro","|-supereffective|p2a: Slowbro","|-damage|p2a: Slowbro|0 fnt","|faint|p2a: Slowbro","|","|","|switch|p2a: Gardevoir|Gardevoir-Mega, M|97/277","|turn|30","|","|move|p2a: Gardevoir|Psyshock|p1a: Tentacruel","|-crit|p1a: Tentacruel","|-supereffective|p1a: Tentacruel","|-damage|p1a: Tentacruel|0 fnt","|faint|p1a: Tentacruel","|","|","|switch|p1a: Crobat|Crobat, M|373/373","|turn|31","|","|move|p1a: Crobat|Acrobatics|p2a: Gardevoir","|-damage|p2a: Gardevoir|0 fnt","|faint|p2a: Gardevoir","|","|","|switch|p2a: Deoxys-Speed|Deoxys-Speed|143/304 psn","|-ability|p2a: Deoxys-Speed|Pressure","|turn|32","|","|move|p2a: Deoxys-Speed|Thunder Wave|p1a: Crobat","|-status|p1a: Crobat|par","|move|p1a: Crobat|Acrobatics|p2a: Deoxys-Speed","|-damage|p2a: Deoxys-Speed|20/304 psn","|","|-damage|p2a: Deoxys-Speed|0 fnt|[from] psn","|faint|p2a: Deoxys-Speed","|","|switch|p2a: Hoopa-Unbound|Hoopa-Unbound|301/301","|turn|33","|","|move|p2a: Hoopa-Unbound|Hyperspace Fury|p1a: Crobat","|-damage|p1a: Crobat|93/373 par","|-unboost|p2a: Hoopa-Unbound|def|1","|move|p1a: Crobat|Super Fang|p2a: Hoopa-Unbound","|-damage|p2a: Hoopa-Unbound|151/301","|","|turn|34","|","|move|p2a: Hoopa-Unbound|Hyperspace Fury|p1a: Crobat","|-damage|p1a: Crobat|0 fnt","|-unboost|p2a: Hoopa-Unbound|def|1","|faint|p1a: Crobat","|","|","|switch|p1a: Gengar|Gengar, M|261/261","|turn|35","|","|move|p1a: Gengar|Hex|p2a: Hoopa-Unbound","|-damage|p2a: Hoopa-Unbound|52/301","|move|p2a: Hoopa-Unbound|Hyperspace Fury|p1a: Gengar","|-supereffective|p1a: Gengar","|-damage|p1a: Gengar|0 fnt","|-unboost|p2a: Hoopa-Unbound|def|1","|faint|p1a: Gengar","|","|win|Seven Swell"],"p1rating":{"entryid":"6731189","serverid":"eos","formatid":"monotype","userid":"guardwanderer","username":"Guard Wanderer","w":"69","l":97,"t":"0","gxe":39.5,"r":"1419.3229163761","rd":"31.120178144835","sigma":"0","rptime":"1438419600","rpr":1419.4293421276,"rprd":30.600252658738,"rpsigma":"0","acre":1104.7197965184,"lacre":1104.7197965184,"oldacre":"1123.3019036041"},"p2rating":{"entryid":"7267988","serverid":"eos","formatid":"monotype","userid":"sevenswell","username":"Seven Swell","w":20,"l":"11","t":"0","gxe":63,"r":"1567.1915192808","rd":"73.69736110994","sigma":"0","rptime":"1438419600","rpr":1601.9199602733,"rprd":60.410522791267,"rpsigma":"0","acre":1233.1168493249,"lacre":1233.1168493249,"oldacre":"1214.5347422392"},"endType":"normal"}