{"seed":[61187,31887,7635,62638],"turns":30,"p1":"Wаrden Arguѕ","p2":"Alliance - Healer","p1team":[{"name":"Sableye","species":"Sableye","item":"leftovers","ability":"Prankster","moves":["knockoff","willowisp","recover","taunt"],"nature":"Bold","evs":{"hp":228,"atk":0,"def":252,"spa":0,"spd":0,"spe":28},"gender":"M","ivs":{"hp":31,"atk":0,"def":31,"spa":31,"spd":31,"spe":31}},{"name":"Aegislash","species":"Aegislash","item":"weaknesspolicy","ability":"Stance Change","moves":["kingsshield","sacredsword","shadowball","shadowsneak"],"nature":"Lonely","evs":{"hp":0,"atk":252,"def":0,"spa":240,"spd":0,"spe":16},"gender":"M","shiny":true,"ivs":{"hp":31,"atk":31,"def":31,"spa":31,"spd":31,"spe":31}},{"name":"Jellicent","species":"Jellicent","item":"leftovers","ability":"Cursed Body","moves":["toxic","scald","recover","acidarmor"],"nature":"Calm","evs":{"hp":252,"atk":0,"def":0,"spa":0,"spd":252,"spe":4},"gender":"M","ivs":{"hp":31,"atk":0,"def":31,"spa":31,"spd":31,"spe":31},"shiny":true},{"name":"Golurk","species":"Golurk","item":"focussash","ability":"No Guard","moves":["stealthrock","stoneedge","dynamicpunch","curse"],"nature":"Adamant","evs":{"hp":0,"atk":252,"def":0,"spa":0,"spd":4,"spe":252},"shiny":true,"ivs":{"hp":31,"atk":31,"def":31,"spa":31,"spd":31,"spe":31}},{"name":"Chandelure","species":"Chandelure","item":"choicescarf","ability":"Infiltrator","moves":["flamethrower","shadowball","energyball","trick"],"nature":"Modest","evs":{"hp":0,"atk":0,"def":0,"spa":252,"spd":4,"spe":252},"gender":"F","ivs":{"hp":31,"atk":0,"def":31,"spa":31,"spd":31,"spe":31}},{"name":"Gengar","species":"Gengar","item":"focussash","ability":"Levitate","moves":["destinybond","sludgebomb","shadowball","energyball"],"nature":"Timid","evs":{"hp":0,"atk":0,"def":0,"spa":252,"spd":4,"spe":252},"gender":"F","ivs":{"hp":31,"atk":0,"def":31,"spa":31,"spd":31,"spe":31},"shiny":true}],"p2team":[{"name":"Ice elemental","species":"mamoswine","item":"lifeorb","ability":"Thick Fat","moves":["earthquake","iciclecrash","knockoff","iceshard"],"nature":"Jolly","evs":{"hp":4,"atk":252,"def":0,"spa":0,"spd":0,"spe":252},"gender":"F","ivs":{"hp":31,"atk":31,"def":31,"spa":31,"spd":31,"spe":31}},{"name":"Water elemental","species":"seismitoad","item":"assaultvest","ability":"Water Absorb","moves":["earthquake","drainpunch","knockoff","poisonjab"],"nature":"Careful","evs":{"hp":4,"atk":252,"def":0,"spa":0,"spd":252,"spe":0},"gender":"F","ivs":{"hp":31,"atk":31,"def":31,"spa":31,"spd":31,"spe":31}},{"name":"Fire elemental","species":"nidoking","item":"choicescarf","ability":"Sheer Force","moves":["sludgewave","flamethrower","thunderbolt","icebeam"],"nature":"Timid","evs":{"hp":4,"atk":0,"def":0,"spa":252,"spd":0,"spe":252},"ivs":{"hp":31,"atk":0,"def":31,"spa":31,"spd":31,"spe":31}},{"name":"Earth elemental","species":"hippowdon","item":"leftovers","ability":"Sand Stream","moves":["earthquake","stealthrock","slackoff","whirlwind"],"nature":"Impish","evs":{"hp":252,"atk":0,"def":252,"spa":0,"spd":4,"spe":0},"gender":"F","ivs":{"hp":31,"atk":31,"def":31,"spa":31,"spd":31,"spe":31}},{"name":"Thunder elemental","species":"excadrill","item":"choiceband","ability":"Sand Rush","moves":["ironhead","earthquake","rockslide","rapidspin"],"nature":"Adamant","evs":{"hp":4,"atk":252,"def":0,"spa":0,"spd":0,"spe":252},"gender":"F","ivs":{"hp":31,"atk":31,"def":31,"spa":31,"spd":31,"spe":31}},{"name":"Air elemental","species":"landorus","item":"lifeorb","ability":"Sheer Force","moves":["earthpower","sludgewave","rockslide","gravity"],"nature":"Naive","evs":{"hp":4,"atk":0,"def":0,"spa":252,"spd":0,"spe":252},"ivs":{"hp":31,"atk":0,"def":31,"spa":31,"spd":31,"spe":31}}],"log":["|player|p1|Wаrden Arguѕ|argus2spooky.png","|player|p2|Alliance - Healer|101","|gametype|singles","|gen|6","|tier|Monotype","|rated","|rule|Baton Pass Clause: Limit one Baton Passer, can't pass Spe and other stats simultaneously","|rule|Swagger Clause: Swagger is banned","|rule|Same Type Clause: Pokémon in a team must share a type","|clearpoke","|poke|p1|Sableye, M","|poke|p1|Aegislash, M, shiny","|poke|p1|Jellicent, M, shiny","|poke|p1|Golurk, shiny","|poke|p1|Chandelure, F","|poke|p1|Gengar, F, shiny","|poke|p2|Mamoswine, F","|poke|p2|Seismitoad, F","|poke|p2|Nidoking, M","|poke|p2|Hippowdon, F","|poke|p2|Excadrill, F","|poke|p2|Landorus, M","|rule|Sleep Clause Mod: Limit one foe put to sleep","|rule|Species Clause: Limit one of each Pokémon","|rule|OHKO Clause: OHKO moves are banned","|rule|Moody Clause: Moody is banned","|rule|Evasion Moves Clause: Evasion moves are banned","|rule|Endless Battle Clause: Forcing endless battles is banned","|rule|HP Percentage Mod: HP is shown in percentages","|teampreview","|","|start","|switch|p1a: Golurk|Golurk, shiny|319/319","|switch|p2a: Air elemental|Landorus, M|320/320","|turn|1","|","|move|p2a: Air elemental|Earth Power|p1a: Golurk","|-damage|p1a: Golurk|6/319","|move|p1a: Golurk|Stone Edge|p2a: Air elemental","|-damage|p2a: Air elemental|188/320","|","|turn|2","|","|switch|p1a: Jellicent|Jellicent, M, shiny|404/404","|move|p2a: Air elemental|Rock Slide|p1a: Jellicent","|-miss|p2a: Air elemental|p1a: Jellicent","|","|turn|3","|","|switch|p2a: Water elemental|Seismitoad, F|352/352","|move|p1a: Jellicent|Toxic|p2a: Water elemental","|-status|p2a: Water elemental|tox","|","|-damage|p2a: Water elemental|330/352 tox|[from] psn","|turn|4","|","|switch|p1a: Gengar|Gengar, F, shiny|261/261","|move|p2a: Water elemental|Knock Off|p1a: Gengar","|-supereffective|p1a: Gengar","|-enditem|p1a: Gengar|Focus Sash","|-damage|p1a: Gengar|1/261","|","|-damage|p2a: Water elemental|286/352 tox|[from] psn","|turn|5","|","|switch|p2a: Earth elemental|Hippowdon, F|420/420","|-weather|Sandstorm","|move|p1a: Gengar|Energy Ball|p2a: Earth elemental","|-supereffective|p2a: Earth elemental","|-damage|p2a: Earth elemental|146/420","|","|-weather|Sandstorm|[upkeep]","|-damage|p1a: Gengar|0 fnt|[from] sandstorm","|-heal|p2a: Earth elemental|172/420|[from] item: Leftovers","|faint|p1a: Gengar","|","|switch|p1a: Chandelure|Chandelure, F|261/261","|turn|6","|","|switch|p2a: Water elemental|Seismitoad, F|286/352 tox","|move|p1a: Chandelure|Energy Ball|p2a: Water elemental","|-supereffective|p2a: Water elemental","|-damage|p2a: Water elemental|0 fnt","|faint|p2a: Water elemental","|","|-weather|Sandstorm|[upkeep]","|-damage|p1a: Chandelure|245/261|[from] sandstorm","|","|switch|p2a: Thunder elemental|Excadrill, F|362/362","|turn|7","|","|switch|p1a: Golurk|Golurk, shiny|6/319","|move|p2a: Thunder elemental|Earthquake|p1a: Golurk","|-damage|p1a: Golurk|0 fnt","|faint|p1a: Golurk","|","|-weather|Sandstorm|[upkeep]","|","|switch|p1a: Sableye|Sableye, M|298/298","|turn|8","|","|switch|p2a: Fire elemental|Nidoking, M|304/304","|move|p1a: Sableye|Will-O-Wisp|p2a: Fire elemental","|-status|p2a: Fire elemental|brn","|","|-weather|Sandstorm|[upkeep]","|-damage|p1a: Sableye|280/298|[from] sandstorm","|-heal|p1a: Sableye|298/298|[from] item: Leftovers","|-damage|p2a: Fire elemental|266/304 brn|[from] brn","|turn|9","|","|switch|p2a: Air elemental|Landorus, M|188/320","|switch|p1a: Jellicent|Jellicent, M, shiny|404/404","|","|-weather|none","|turn|10","|","|move|p2a: Air elemental|Earth Power|p1a: Jellicent","|-damage|p1a: Jellicent|231/404","|move|p1a: Jellicent|Acid Armor|p1a: Jellicent","|-boost|p1a: Jellicent|def|2","|","|-heal|p1a: Jellicent|256/404|[from] item: Leftovers","|turn|11","|","|move|p2a: Air elemental|Earth Power|p1a: Jellicent","|-damage|p1a: Jellicent|96/404","|move|p1a: Jellicent|Recover|p1a: Jellicent","|-heal|p1a: Jellicent|298/404","|","|-heal|p1a: Jellicent|323/404|[from] item: Leftovers","|turn|12","|","|move|p2a: Air elemental|Earth Power|p1a: Jellicent","|-damage|p1a: Jellicent|136/404","|move|p1a: Jellicent|Recover|p1a: Jellicent","|-heal|p1a: Jellicent|338/404","|","|-heal|p1a: Jellicent|363/404|[from] item: Leftovers","|turn|13","|","|move|p2a: Air elemental|Earth Power|p1a: Jellicent","|-damage|p1a: Jellicent|195/404","|move|p1a: Jellicent|Recover|p1a: Jellicent","|-heal|p1a: Jellicent|397/404","|","|-heal|p1a: Jellicent|404/404|[from] item: Leftovers","|turn|14","|","|move|p2a: Air elemental|Earth Power|p1a: Jellicent","|-damage|p1a: Jellicent|244/404","|move|p1a: Jellicent|Acid Armor|p1a: Jellicent","|-boost|p1a: Jellicent|def|2","|","|-heal|p1a: Jellicent|269/404|[from] item: Leftovers","|turn|15","|","|move|p2a: Air elemental|Earth Power|p1a: Jellicent","|-damage|p1a: Jellicent|109/404","|move|p1a: Jellicent|Recover|p1a: Jellicent","|-heal|p1a: Jellicent|311/404","|","|-heal|p1a: Jellicent|336/404|[from] item: Leftovers","|turn|16","|","|switch|p2a: Ice elemental|Mamoswine, F|362/362","|move|p1a: Jellicent|Recover|p1a: Jellicent","|-heal|p1a: Jellicent|404/404","|","|turn|17","|","|move|p2a: Ice elemental|Knock Off|p1a: Jellicent","|-supereffective|p1a: Jellicent","|-damage|p1a: Jellicent|274/404","|-enditem|p1a: Jellicent|Leftovers|[from] move: Knock Off|[of] p2a: Ice elemental","|-damage|p2a: Ice elemental|326/362|[from] item: Life Orb","|move|p1a: Jellicent|Scald|p2a: Ice elemental","|-supereffective|p2a: Ice elemental","|-damage|p2a: Ice elemental|80/362","|","|turn|18","|","|move|p2a: Ice elemental|Earthquake|p1a: Jellicent","|-damage|p1a: Jellicent|177/404","|-damage|p2a: Ice elemental|44/362|[from] item: Life Orb","|move|p1a: Jellicent|Recover|p1a: Jellicent","|-heal|p1a: Jellicent|379/404","|","|turn|19","|","|move|p2a: Ice elemental|Earthquake|p1a: Jellicent","|-damage|p1a: Jellicent|274/404","|-damage|p2a: Ice elemental|8/362|[from] item: Life Orb","|move|p1a: Jellicent|Scald|p2a: Ice elemental","|-supereffective|p2a: Ice elemental","|-damage|p2a: Ice elemental|0 fnt","|faint|p2a: Ice elemental","|","|","|switch|p2a: Earth elemental|Hippowdon, F|172/420","|-weather|Sandstorm","|turn|20","|","|move|p1a: Jellicent|Scald|p2a: Earth elemental","|-supereffective|p2a: Earth elemental","|-damage|p2a: Earth elemental|0 fnt","|faint|p2a: Earth elemental","|","|-weather|Sandstorm|[upkeep]","|-damage|p1a: Jellicent|249/404|[from] sandstorm","|","|switch|p2a: Air elemental|Landorus, M|188/320","|turn|21","|","|move|p2a: Air elemental|Earth Power|p1a: Jellicent","|-damage|p1a: Jellicent|66/404","|move|p1a: Jellicent|Recover|p1a: Jellicent","|-heal|p1a: Jellicent|268/404","|","|-weather|Sandstorm|[upkeep]","|-damage|p1a: Jellicent|243/404|[from] sandstorm","|turn|22","|","|move|p2a: Air elemental|Earth Power|p1a: Jellicent","|-damage|p1a: Jellicent|83/404","|move|p1a: Jellicent|Recover|p1a: Jellicent","|-heal|p1a: Jellicent|285/404","|","|-weather|Sandstorm|[upkeep]","|-damage|p1a: Jellicent|260/404|[from] sandstorm","|turn|23","|","|move|p2a: Air elemental|Earth Power|p1a: Jellicent","|-damage|p1a: Jellicent|92/404","|move|p1a: Jellicent|Recover|p1a: Jellicent","|-heal|p1a: Jellicent|294/404","|","|-weather|Sandstorm|[upkeep]","|-damage|p1a: Jellicent|269/404|[from] sandstorm","|turn|24","|","|move|p2a: Air elemental|Earth Power|p1a: Jellicent","|-damage|p1a: Jellicent|92/404","|move|p1a: Jellicent|Recover|p1a: Jellicent","|-heal|p1a: Jellicent|294/404","|","|-weather|none","|turn|25","|","|move|p2a: Air elemental|Earth Power|p1a: Jellicent","|-damage|p1a: Jellicent|133/404","|-start|p2a: Air elemental|Disable|Earth Power","|move|p1a: Jellicent|Recover|p1a: Jellicent","|-heal|p1a: Jellicent|335/404","|","|turn|26","|","|switch|p2a: Fire elemental|Nidoking, M|266/304 brn","|move|p1a: Jellicent|Recover|p1a: Jellicent","|-heal|p1a: Jellicent|404/404","|","|-damage|p2a: Fire elemental|228/304 brn|[from] brn","|turn|27","|","|move|p2a: Fire elemental|Thunderbolt|p1a: Jellicent","|-supereffective|p1a: Jellicent","|-damage|p1a: Jellicent|264/404","|move|p1a: Jellicent|Scald|p2a: Fire elemental","|-supereffective|p2a: Fire elemental","|-damage|p2a: Fire elemental|22/304 brn","|","|-damage|p2a: Fire elemental|0 fnt|[from] brn","|faint|p2a: Fire elemental","|","|switch|p2a: Air elemental|Landorus, M|188/320","|turn|28","|","|move|p2a: Air elemental|Earth Power|p1a: Jellicent","|-damage|p1a: Jellicent|81/404","|-start|p2a: Air elemental|Disable|Earth Power","|move|p1a: Jellicent|Scald|p2a: Air elemental","|-supereffective|p2a: Air elemental","|-damage|p2a: Air elemental|0 fnt","|faint|p2a: Air elemental","|","|","|switch|p2a: Thunder elemental|Excadrill, F|362/362","|turn|29","|","|move|p2a: Thunder elemental|Earthquake|p1a: Jellicent","|-damage|p1a: Jellicent|0 fnt","|faint|p1a: Jellicent","|","|","|switch|p1a: Chandelure|Chandelure, F|245/261","|turn|30","|","|move|p1a: Chandelure|Flamethrower|p2a: Thunder elemental","|-supereffective|p2a: Thunder elemental","|-damage|p2a: Thunder elemental|0 fnt","|faint|p2a: Thunder elemental","|","|win|Wаrden Arguѕ"],"p1rating":{"entryid":"7252450","serverid":"eos","formatid":"monotype","userid":"wrdenargu","username":"Wаrden Arguѕ","w":50,"l":"7","t":"0","gxe":81.6,"r":"1766.0751645349","rd":"49.547882247279","sigma":"0","rptime":"1438419600","rpr":1782.4401369835,"rprd":48.012311511837,"rpsigma":"0","acre":1516.1197460091,"lacre":1516.1197460091,"oldacre":"1501.6929411202"},"p2rating":{"entryid":"5885761","serverid":"eos","formatid":"monotype","userid":"alliancehealer","username":"Alliance - Healer","w":"55","l":15,"t":"0","gxe":77,"r":"1728.6670403305","rd":"52.250926082676","sigma":"0","rptime":"1438419600","rpr":1729.1413130275,"rprd":50.933848876678,"rpsigma":"0","acre":1387.8202027272,"lacre":1387.8202027272,"oldacre":"1402.2470076161"},"endType":"normal"}