{"seed":[33249,47902,23700,21568],"turns":33,"p1":"MASTA_X☆용의 사용자","p2":"InfernalxCrown","p1team":[{"name":"キュレム","species":"kyuremblack","item":"powerherb","ability":"Teravolt","moves":["freezeshock","fusionbolt","outrage","dracometeor"],"nature":"Naive","evs":{"hp":0,"atk":252,"def":0,"spa":60,"spd":0,"spe":196},"shiny":true,"ivs":{"hp":31,"atk":31,"def":31,"spa":31,"spd":31,"spe":31}},{"name":"サザンドラ","species":"hydreigon","item":"lifeorb","ability":"Levitate","moves":["darkpulse","flamethrower","dracometeor","flashcannon"],"nature":"Timid","evs":{"hp":4,"atk":0,"def":0,"spa":252,"spd":0,"spe":252},"shiny":true,"ivs":{"hp":31,"atk":31,"def":31,"spa":31,"spd":31,"spe":31}},{"name":"ガブリアス","species":"garchomp","item":"rockyhelmet","ability":"Rough Skin","moves":["stealthrock","earthquake","dragontail","endure"],"nature":"Impish","evs":{"hp":252,"atk":0,"def":232,"spa":0,"spd":24,"spe":0},"ivs":{"hp":31,"atk":31,"def":31,"spa":31,"spd":31,"spe":31}},{"name":"ラティオス","species":"latios","item":"choicescarf","ability":"Levitate","moves":["trick","dragonpulse","psyshock","thunderbolt"],"nature":"Timid","evs":{"hp":0,"atk":0,"def":4,"spa":252,"spd":0,"spe":252},"ivs":{"hp":31,"atk":30,"def":31,"spa":30,"spd":31,"spe":30}},{"name":"ボーマンダ","species":"salamence","item":"choicescarf","ability":"Moxie","moves":["outrage","aerialace","steelwing","earthquake"],"nature":"Jolly","evs":{"hp":0,"atk":252,"def":4,"spa":0,"spd":0,"spe":252},"ivs":{"hp":31,"atk":31,"def":31,"spa":31,"spd":31,"spe":31}},{"name":"チルタリス","species":"altaria","item":"altarianite","ability":"Natural Cure","moves":["agility","hypervoice","fireblast","hiddenpowerground"],"nature":"Modest","evs":{"hp":0,"atk":0,"def":4,"spa":252,"spd":0,"spe":252},"ivs":{"hp":31,"atk":31,"def":31,"spa":30,"spd":30,"spe":31},"happiness":0}],"p2team":[{"name":"Aegislash","species":"Aegislash","item":"weaknesspolicy","ability":"Stance Change","moves":["shadowball","shadowsneak","kingsshield","sacredsword"],"nature":"Brave","evs":{"hp":252,"atk":76,"def":0,"spa":176,"spd":4,"spe":0},"ivs":{"hp":31,"atk":31,"def":31,"spa":31,"spd":31,"spe":0},"shiny":true},{"name":"Sableye","species":"Sableye","item":"leftovers","ability":"Prankster","moves":["willowisp","recover","taunt","knockoff"],"nature":"Careful","evs":{"hp":224,"atk":76,"def":36,"spa":0,"spd":168,"spe":4},"ivs":{"hp":31,"atk":0,"def":31,"spa":31,"spd":31,"spe":31}},{"name":"Golurk","species":"Golurk","item":"focussash","ability":"No Guard","moves":["stealthrock","curse","dynamicpunch","stoneedge"],"nature":"Adamant","evs":{"hp":4,"atk":252,"def":0,"spa":0,"spd":0,"spe":252},"shiny":true,"ivs":{"hp":31,"atk":31,"def":31,"spa":31,"spd":31,"spe":31}},{"name":"Jellicent","species":"Jellicent","item":"leftovers","ability":"Cursed Body","moves":["acidarmor","toxic","recover","scald"],"nature":"Calm","evs":{"hp":252,"atk":0,"def":4,"spa":0,"spd":252,"spe":0},"gender":"M","ivs":{"hp":31,"atk":0,"def":31,"spa":31,"spd":31,"spe":31}},{"name":"Chandelure","species":"Chandelure","item":"choicescarf","ability":"Infiltrator","moves":["flamethrower","shadowball","energyball","trick"],"nature":"Timid","evs":{"hp":0,"atk":0,"def":4,"spa":252,"spd":0,"spe":252},"ivs":{"hp":31,"atk":0,"def":31,"spa":31,"spd":31,"spe":31},"shiny":true},{"name":"Gengar","species":"Gengar","item":"choicespecs","ability":"Levitate","moves":["dazzlinggleam","shadowball","thunderbolt","sludgewave"],"nature":"Timid","evs":{"hp":4,"atk":0,"def":0,"spa":252,"spd":0,"spe":252},"ivs":{"hp":31,"atk":0,"def":31,"spa":31,"spd":31,"spe":31}}],"log":["|player|p1|MASTA_X☆용의 사용자|alliancewutang.png","|player|p2|InfernalxCrown|infernalxcrown.png","|gametype|singles","|gen|6","|tier|Monotype","|rated","|rule|Baton Pass Clause: Limit one Baton Passer, can't pass Spe and other stats simultaneously","|rule|Swagger Clause: Swagger is banned","|rule|Same Type Clause: Pokémon in a team must share a type","|clearpoke","|poke|p1|Kyurem-Black, shiny","|poke|p1|Hydreigon, F, shiny","|poke|p1|Garchomp, F","|poke|p1|Latios, M","|poke|p1|Salamence, M","|poke|p1|Altaria, M","|poke|p2|Aegislash, F, shiny","|poke|p2|Sableye, M","|poke|p2|Golurk, shiny","|poke|p2|Jellicent, M","|poke|p2|Chandelure, F, shiny","|poke|p2|Gengar, M","|rule|Sleep Clause Mod: Limit one foe put to sleep","|rule|Species Clause: Limit one of each Pokémon","|rule|OHKO Clause: OHKO moves are banned","|rule|Moody Clause: Moody is banned","|rule|Evasion Moves Clause: Evasion moves are banned","|rule|Endless Battle Clause: Forcing endless battles is banned","|rule|HP Percentage Mod: HP is shown in percentages","|teampreview","|","|start","|switch|p1a: ガブリアス|Garchomp, F|420/420","|switch|p2a: Gengar|Gengar, M|262/262","|turn|1","|","|switch|p2a: Golurk|Golurk, shiny|320/320","|move|p1a: ガブリアス|Stealth Rock|p2a: Golurk","|-sidestart|p2: InfernalxCrown|move: Stealth Rock","|","|turn|2","|","|move|p1a: ガブリアス|Earthquake|p2a: Golurk","|-damage|p2a: Golurk|133/320","|move|p2a: Golurk|Dynamic Punch|p1a: ガブリアス","|-damage|p1a: ガブリアス|331/420","|-damage|p2a: Golurk|93/320|[from] ability: Rough Skin|[of] p1a: ガブリアス","|-damage|p2a: Golurk|40/320|[from] item: Rocky Helmet|[of] p1a: ガブリアス","|-start|p1a: ガブリアス|confusion","|","|turn|3","|","|-activate|p1a: ガブリアス|confusion","|-damage|p1a: ガブリアス|300/420|[from] confusion","|move|p2a: Golurk|Curse|p1a: ガブリアス","|-start|p1a: ガブリアス|Curse|[of] p2a: Golurk","|-damage|p2a: Golurk|0 fnt","|faint|p2a: Golurk","|","|-damage|p1a: ガブリアス|195/420|[from] Curse","|","|switch|p2a: Gengar|Gengar, M|262/262","|-damage|p2a: Gengar|230/262|[from] Stealth Rock","|turn|4","|","|switch|p1a: ラティオス|Latios, M|301/301","|move|p2a: Gengar|Dazzling Gleam|p1a: ラティオス","|-supereffective|p1a: ラティオス","|-damage|p1a: ラティオス|15/301","|","|turn|5","|","|switch|p2a: Aegislash|Aegislash, F, shiny|324/324","|-damage|p2a: Aegislash|304/324|[from] Stealth Rock","|move|p1a: ラティオス|Psyshock|p2a: Aegislash","|-resisted|p2a: Aegislash","|-damage|p2a: Aegislash|254/324","|","|turn|6","|","|switch|p1a: ガブリアス|Garchomp, F|195/420","|-formechange|p2a: Aegislash|Aegislash-Blade","|move|p2a: Aegislash|Shadow Ball|p1a: ガブリアス","|-damage|p1a: ガブリアス|12/420","|","|turn|7","|","|move|p1a: ガブリアス|Earthquake|p2a: Aegislash","|-supereffective|p2a: Aegislash","|-damage|p2a: Aegislash|0 fnt","|faint|p2a: Aegislash","|","|","|switch|p2a: Gengar|Gengar, M|230/262","|-damage|p2a: Gengar|198/262|[from] Stealth Rock","|turn|8","|","|move|p1a: ガブリアス|Endure|p1a: ガブリアス","|-singleturn|p1a: ガブリアス|move: Endure","|move|p2a: Gengar|Dazzling Gleam|p1a: ガブリアス","|-supereffective|p1a: ガブリアス","|-activate|p1a: ガブリアス|move: Endure","|-damage|p1a: ガブリアス|1/420","|","|turn|9","|","|move|p2a: Gengar|Dazzling Gleam|p1a: ガブリアス","|-supereffective|p1a: ガブリアス","|-damage|p1a: ガブリアス|0 fnt","|faint|p1a: ガブリアス","|","|","|switch|p1a: ラティオス|Latios, M|15/301","|turn|10","|","|move|p1a: ラティオス|Dragon Pulse|p2a: Gengar","|-damage|p2a: Gengar|5/262","|move|p2a: Gengar|Dazzling Gleam|p1a: ラティオス","|-supereffective|p1a: ラティオス","|-damage|p1a: ラティオス|0 fnt","|faint|p1a: ラティオス","|","|","|switch|p1a: ボーマンダ|Salamence, M|331/331","|turn|11","|","|move|p1a: ボーマンダ|Aerial Ace|p2a: Gengar","|-damage|p2a: Gengar|0 fnt","|faint|p2a: Gengar","|-boost|p1a: ボーマンダ|atk|1|[from] ability: Moxie","|","|","|switch|p2a: Sableye|Sableye, M|297/297","|-damage|p2a: Sableye|260/297|[from] Stealth Rock","|turn|12","|","|switch|p1a: チルタリス|Altaria, M|291/291","|move|p2a: Sableye|Taunt|p1a: チルタリス","|-start|p1a: チルタリス|move: Taunt","|","|-heal|p2a: Sableye|278/297|[from] item: Leftovers","|turn|13","|","|detailschange|p1a: チルタリス|Altaria-Mega, M","|-mega|p1a: チルタリス|Altaria|Altarianite","|move|p2a: Sableye|Will-O-Wisp|p1a: チルタリス","|-status|p1a: チルタリス|brn","|move|p1a: チルタリス|Hyper Voice|p2a: Sableye","|-supereffective|p2a: Sableye","|-damage|p2a: Sableye|0 fnt","|faint|p2a: Sableye","|","|-damage|p1a: チルタリス|255/291 brn|[from] brn","|","|switch|p2a: Jellicent|Jellicent, M|404/404","|-damage|p2a: Jellicent|354/404|[from] Stealth Rock","|turn|14","|","|switch|p1a: キュレム|Kyurem-Black, shiny|391/391","|-ability|p1a: キュレム|Teravolt","|move|p2a: Jellicent|Acid Armor|p2a: Jellicent","|-boost|p2a: Jellicent|def|2","|","|-heal|p2a: Jellicent|379/404|[from] item: Leftovers","|turn|15","|","|switch|p1a: サザンドラ|Hydreigon, F, shiny|326/326","|move|p2a: Jellicent|Recover|p2a: Jellicent","|-heal|p2a: Jellicent|404/404","|","|turn|16","|","|move|p1a: サザンドラ|Dark Pulse|p2a: Jellicent","|-supereffective|p2a: Jellicent","|-damage|p2a: Jellicent|131/404","|-damage|p1a: サザンドラ|294/326|[from] item: Life Orb","|move|p2a: Jellicent|Recover|p2a: Jellicent","|-heal|p2a: Jellicent|333/404","|","|-heal|p2a: Jellicent|358/404|[from] item: Leftovers","|turn|17","|","|move|p1a: サザンドラ|Dark Pulse|p2a: Jellicent","|-supereffective|p2a: Jellicent","|-damage|p2a: Jellicent|121/404","|-damage|p1a: サザンドラ|262/326|[from] item: Life Orb","|move|p2a: Jellicent|Recover|p2a: Jellicent","|-heal|p2a: Jellicent|323/404","|","|-heal|p2a: Jellicent|348/404|[from] item: Leftovers","|turn|18","|","|move|p1a: サザンドラ|Dark Pulse|p2a: Jellicent","|-supereffective|p2a: Jellicent","|-damage|p2a: Jellicent|80/404","|-start|p1a: サザンドラ|Disable|Dark Pulse","|-damage|p1a: サザンドラ|230/326|[from] item: Life Orb","|move|p2a: Jellicent|Recover|p2a: Jellicent","|-heal|p2a: Jellicent|282/404","|","|-heal|p2a: Jellicent|307/404|[from] item: Leftovers","|turn|19","|","|move|p1a: サザンドラ|Draco Meteor|p2a: Jellicent","|-damage|p2a: Jellicent|111/404","|-unboost|p1a: サザンドラ|spa|2","|-damage|p1a: サザンドラ|198/326|[from] item: Life Orb","|move|p2a: Jellicent|Toxic|p1a: サザンドラ","|-status|p1a: サザンドラ|tox","|","|-heal|p2a: Jellicent|136/404|[from] item: Leftovers","|-damage|p1a: サザンドラ|178/326 tox|[from] psn","|turn|20","|","|switch|p1a: チルタリス|Altaria-Mega, M|255/291 brn","|move|p2a: Jellicent|Recover|p2a: Jellicent","|-heal|p2a: Jellicent|338/404","|","|-heal|p2a: Jellicent|363/404|[from] item: Leftovers","|-damage|p1a: チルタリス|219/291 brn|[from] brn","|turn|21","|","|move|p1a: チルタリス|Hyper Voice|p2a: Jellicent","|-crit|p2a: Jellicent","|-damage|p2a: Jellicent|165/404","|-start|p1a: チルタリス|Disable|Hyper Voice","|move|p2a: Jellicent|Scald|p1a: チルタリス","|-resisted|p1a: チルタリス","|-damage|p1a: チルタリス|180/291 brn","|","|-heal|p2a: Jellicent|190/404|[from] item: Leftovers","|-damage|p1a: チルタリス|144/291 brn|[from] brn","|turn|22","|","|switch|p1a: サザンドラ|Hydreigon, F, shiny|178/326 tox","|move|p2a: Jellicent|Recover|p2a: Jellicent","|-heal|p2a: Jellicent|392/404","|","|-heal|p2a: Jellicent|404/404|[from] item: Leftovers","|-damage|p1a: サザンドラ|158/326 tox|[from] psn","|turn|23","|","|move|p1a: サザンドラ|Dark Pulse|p2a: Jellicent","|-supereffective|p2a: Jellicent","|-damage|p2a: Jellicent|131/404","|-damage|p1a: サザンドラ|126/326 tox|[from] item: Life Orb","|move|p2a: Jellicent|Recover|p2a: Jellicent","|-heal|p2a: Jellicent|333/404","|","|-heal|p2a: Jellicent|358/404|[from] item: Leftovers","|-damage|p1a: サザンドラ|86/326 tox|[from] psn","|turn|24","|","|move|p1a: サザンドラ|Dark Pulse|p2a: Jellicent","|-supereffective|p2a: Jellicent","|-damage|p2a: Jellicent|93/404","|-damage|p1a: サザンドラ|54/326 tox|[from] item: Life Orb","|move|p2a: Jellicent|Recover|p2a: Jellicent","|-heal|p2a: Jellicent|295/404","|","|-heal|p2a: Jellicent|320/404|[from] item: Leftovers","|-damage|p1a: サザンドラ|0 fnt|[from] psn","|faint|p1a: サザンドラ","|","|switch|p1a: チルタリス|Altaria-Mega, M|144/291 brn","|turn|25","|","|move|p1a: チルタリス|Hyper Voice|p2a: Jellicent","|-damage|p2a: Jellicent|170/404","|move|p2a: Jellicent|Scald|p1a: チルタリス","|-resisted|p1a: チルタリス","|-damage|p1a: チルタリス|104/291 brn","|","|-heal|p2a: Jellicent|195/404|[from] item: Leftovers","|-damage|p1a: チルタリス|68/291 brn|[from] brn","|turn|26","|","|move|p1a: チルタリス|Hyper Voice|p2a: Jellicent","|-damage|p2a: Jellicent|62/404","|-start|p1a: チルタリス|Disable|Hyper Voice","|move|p2a: Jellicent|Recover|p2a: Jellicent","|-heal|p2a: Jellicent|264/404","|","|-heal|p2a: Jellicent|289/404|[from] item: Leftovers","|-damage|p1a: チルタリス|32/291 brn|[from] brn","|turn|27","|","|move|p1a: チルタリス|Fire Blast|p2a: Jellicent","|-resisted|p2a: Jellicent","|-damage|p2a: Jellicent|241/404","|move|p2a: Jellicent|Acid Armor|p2a: Jellicent","|-boost|p2a: Jellicent|def|2","|","|-heal|p2a: Jellicent|266/404|[from] item: Leftovers","|-damage|p1a: チルタリス|0 fnt|[from] brn","|faint|p1a: チルタリス","|","|switch|p1a: キュレム|Kyurem-Black, shiny|391/391","|-ability|p1a: キュレム|Teravolt","|turn|28","|","|move|p1a: キュレム|Freeze Shock|p2a: Jellicent|[still]","|-prepare|p1a: キュレム|Freeze Shock|p2a: Jellicent","|-enditem|p1a: キュレム|Power Herb","|-anim|p1a: キュレム|Freeze Shock|p2a: Jellicent","|-resisted|p2a: Jellicent","|-damage|p2a: Jellicent|202/404","|-start|p1a: キュレム|Disable|Freeze Shock","|move|p2a: Jellicent|Recover|p2a: Jellicent","|-heal|p2a: Jellicent|404/404","|","|turn|29","|","|move|p1a: キュレム|Fusion Bolt|p2a: Jellicent","|-supereffective|p2a: Jellicent","|-damage|p2a: Jellicent|266/404","|move|p2a: Jellicent|Scald|p1a: キュレム","|-resisted|p1a: キュレム","|-damage|p1a: キュレム|339/391","|","|-heal|p2a: Jellicent|291/404|[from] item: Leftovers","|turn|30","|","|move|p1a: キュレム|Fusion Bolt|p2a: Jellicent","|-supereffective|p2a: Jellicent","|-damage|p2a: Jellicent|159/404","|move|p2a: Jellicent|Scald|p1a: キュレム","|-crit|p1a: キュレム","|-resisted|p1a: キュレム","|-damage|p1a: キュレム|267/391","|","|-heal|p2a: Jellicent|184/404|[from] item: Leftovers","|turn|31","|","|move|p1a: キュレム|Draco Meteor|p2a: Jellicent","|-damage|p2a: Jellicent|52/404","|-unboost|p1a: キュレム|spa|2","|move|p2a: Jellicent|Recover|p2a: Jellicent","|-heal|p2a: Jellicent|254/404","|","|-heal|p2a: Jellicent|279/404|[from] item: Leftovers","|turn|32","|","|move|p1a: キュレム|Fusion Bolt|p2a: Jellicent","|-crit|p2a: Jellicent","|-supereffective|p2a: Jellicent","|-damage|p2a: Jellicent|0 fnt","|faint|p2a: Jellicent","|","|-end|p1a: キュレム|Disable","|","|switch|p2a: Chandelure|Chandelure, F, shiny|261/261","|-damage|p2a: Chandelure|196/261|[from] Stealth Rock","|turn|33","|","|move|p2a: Chandelure|Shadow Ball|p1a: キュレム","|-damage|p1a: キュレム|71/391","|move|p1a: キュレム|Outrage|p2a: Chandelure","|-damage|p2a: Chandelure|0 fnt","|faint|p2a: Chandelure","|","|win|MASTA_X☆용의 사용자"],"p1rating":{"entryid":"7303561","serverid":"eos","formatid":"monotype","userid":"mastax","username":"MASTAX☆용의 사용자","w":12,"l":"2","t":"0","gxe":73.2,"r":"1640.0752479501","rd":"106.41947832638","sigma":"0","rptime":"1438419600","rpr":1694.0439379851,"rprd":79.399340138588,"rpsigma":"0","acre":1277.8512709205,"lacre":1277.8512709205,"oldacre":"1254.4262190259"},"p2rating":{"entryid":"5724468","serverid":"eos","formatid":"monotype","userid":"infernalxcrown","username":"InfernalxCrown","w":"72","l":65,"t":"0","gxe":54.5,"r":"1529.0129139889","rd":"42.545180022219","sigma":"0","rptime":"1438419600","rpr":1534.2210922745,"rprd":41.763724322517,"rpsigma":"0","acre":1209.0844217525,"lacre":1209.0844217525,"oldacre":"1232.5094736471"},"endType":"normal"}