{"seed":[2926,4658,50722,34292],"turns":30,"p1":"V IceyFire","p2":"Im Slash","p1team":[{"name":"Torkoal","species":"Torkoal","item":"leftovers","ability":"Shell Armor","moves":["stealthrock","rapidspin","yawn","lavaplume"],"nature":"Bold","evs":{"hp":252,"atk":0,"def":252,"spa":0,"spd":4,"spe":0},"ivs":{"hp":31,"atk":0,"def":31,"spa":31,"spd":31,"spe":31}},{"name":"BullDoge","species":"entei","item":"lifeorb","ability":"Pressure","moves":["sacredfire","extremespeed","bulldoze","ironhead"],"nature":"Adamant","evs":{"hp":0,"atk":252,"def":0,"spa":0,"spd":4,"spe":252},"shiny":true,"ivs":{"hp":31,"atk":31,"def":31,"spa":31,"spd":31,"spe":31}},{"name":"Charizard","species":"Charizard","item":"charizarditey","ability":"Blaze","moves":["fireblast","airslash","focusblast","solarbeam"],"nature":"Timid","evs":{"hp":0,"atk":0,"def":0,"spa":252,"spd":4,"spe":252},"gender":"F","ivs":{"hp":31,"atk":0,"def":31,"spa":31,"spd":31,"spe":31},"shiny":true},{"name":"Hairymon","species":"darmanitan","item":"choicescarf","ability":"Sheer Force","moves":["flareblitz","superpower","rockslide","uturn"],"nature":"Jolly","evs":{"hp":0,"atk":252,"def":0,"spa":0,"spd":4,"spe":252},"shiny":true,"ivs":{"hp":31,"atk":31,"def":31,"spa":31,"spd":31,"spe":31}},{"name":"Heatah Fajita","species":"heatran","item":"airballoon","ability":"Flash Fire","moves":["lavaplume","earthpower","toxic","flashcannon"],"nature":"Calm","evs":{"hp":248,"atk":0,"def":0,"spa":8,"spd":252,"spe":0},"ivs":{"hp":31,"atk":0,"def":31,"spa":31,"spd":31,"spe":31}},{"name":"Easy Bake","species":"rotomheat","item":"choicescarf","ability":"Levitate","moves":["voltswitch","thunderbolt","overheat","hiddenpowerice"],"nature":"Timid","evs":{"hp":0,"atk":0,"def":0,"spa":252,"spd":4,"spe":252},"ivs":{"hp":31,"atk":30,"def":30,"spa":31,"spd":31,"spe":31}}],"p2team":[{"name":"Kiwi","species":"gardevoir","item":"gardevoirite","ability":"Trace","moves":["hypervoice","psyshock","focusblast","calmmind"],"nature":"Timid","evs":{"hp":0,"atk":4,"def":0,"spa":252,"spd":0,"spe":252},"shiny":true,"ivs":{"hp":31,"atk":31,"def":31,"spa":31,"spd":31,"spe":31}},{"name":"Victini","species":"Victini","item":"choicescarf","ability":"Victory Star","moves":["vcreate","uturn","boltstrike","trick"],"nature":"Jolly","evs":{"hp":0,"atk":252,"def":0,"spa":0,"spd":4,"spe":252},"ivs":{"hp":31,"atk":31,"def":31,"spa":31,"spd":31,"spe":31}},{"name":"Soul Train","species":"latias","item":"lifeorb","ability":"Levitate","moves":["dracometeor","psyshock","defog","healingwish"],"nature":"Timid","evs":{"hp":0,"atk":0,"def":0,"spa":252,"spd":4,"spe":252},"ivs":{"hp":31,"atk":31,"def":31,"spa":31,"spd":31,"spe":31}},{"name":"First Class","species":"metagross","item":"assaultvest","ability":"Clear Body","moves":["meteormash","bulletpunch","zenheadbutt","earthquake"],"nature":"Adamant","evs":{"hp":248,"atk":252,"def":0,"spa":0,"spd":8,"spe":0},"shiny":true,"ivs":{"hp":31,"atk":31,"def":31,"spa":31,"spd":31,"spe":31}},{"name":"BigPapaLongDong","species":"slowbro","item":"rockyhelmet","ability":"Regenerator","moves":["scald","thunderwave","icebeam","slackoff"],"nature":"Bold","evs":{"hp":248,"atk":0,"def":252,"spa":8,"spd":0,"spe":0},"ivs":{"hp":31,"atk":31,"def":31,"spa":31,"spd":31,"spe":31}},{"name":"McBiggleDiggles","species":"meloetta","item":"choicespecs","ability":"Serene Grace","moves":["shadowball","hypervoice","dazzlinggleam","psyshock"],"nature":"Modest","evs":{"hp":248,"atk":0,"def":0,"spa":252,"spd":8,"spe":0},"ivs":{"hp":31,"atk":31,"def":31,"spa":31,"spd":31,"spe":31}}],"log":["|player|p1|V IceyFire|163","|player|p2|Im Slash|1","|gametype|singles","|gen|6","|tier|Monotype","|rated","|rule|Baton Pass Clause: Limit one Baton Passer, can't pass Spe and other stats simultaneously","|rule|Swagger Clause: Swagger is banned","|rule|Same Type Clause: Pokémon in a team must share a type","|clearpoke","|poke|p1|Torkoal, F","|poke|p1|Entei, shiny","|poke|p1|Charizard, F, shiny","|poke|p1|Darmanitan, F, shiny","|poke|p1|Heatran, M","|poke|p1|Rotom-Heat","|poke|p2|Gardevoir, F, shiny","|poke|p2|Victini","|poke|p2|Latias, F","|poke|p2|Metagross, shiny","|poke|p2|Slowbro, M","|poke|p2|Meloetta","|rule|Sleep Clause Mod: Limit one foe put to sleep","|rule|Species Clause: Limit one of each Pokémon","|rule|OHKO Clause: OHKO moves are banned","|rule|Moody Clause: Moody is banned","|rule|Evasion Moves Clause: Evasion moves are banned","|rule|Endless Battle Clause: Forcing endless battles is banned","|rule|HP Percentage Mod: HP is shown in percentages","|teampreview","|","|start","|switch|p1a: Charizard|Charizard, F, shiny|297/297","|switch|p2a: Soul Train|Latias, F|301/301","|turn|1","|","|switch|p1a: Easy Bake|Rotom-Heat|241/241","|move|p2a: Soul Train|Draco Meteor|p1a: Easy Bake|[miss]","|-miss|p2a: Soul Train|p1a: Easy Bake","|","|turn|2","|","|move|p1a: Easy Bake|Volt Switch|p2a: Soul Train","|-resisted|p2a: Soul Train","|-damage|p2a: Soul Train|260/301","|","|switch|p1a: Heatah Fajita|Heatran, M|385/385","|-item|p1a: Heatah Fajita|Air Balloon","|move|p2a: Soul Train|Draco Meteor|p1a: Heatah Fajita","|-resisted|p1a: Heatah Fajita","|-damage|p1a: Heatah Fajita|301/385","|-enditem|p1a: Heatah Fajita|Air Balloon","|-unboost|p2a: Soul Train|spa|2","|-damage|p2a: Soul Train|230/301|[from] item: Life Orb","|","|turn|3","|","|switch|p2a: BigPapaLongDong|Slowbro, M|393/393","|move|p1a: Heatah Fajita|Toxic|p2a: BigPapaLongDong","|-status|p2a: BigPapaLongDong|tox","|","|-damage|p2a: BigPapaLongDong|369/393 tox|[from] psn","|turn|4","|","|switch|p1a: Easy Bake|Rotom-Heat|241/241","|move|p2a: BigPapaLongDong|Scald|p1a: Easy Bake","|-supereffective|p1a: Easy Bake","|-damage|p1a: Easy Bake|53/241","|","|-damage|p2a: BigPapaLongDong|321/393 tox|[from] psn","|turn|5","|","|switch|p2a: Soul Train|Latias, F|230/301","|move|p1a: Easy Bake|Thunderbolt|p2a: Soul Train","|-resisted|p2a: Soul Train","|-damage|p2a: Soul Train|176/301","|","|turn|6","|","|switch|p1a: Heatah Fajita|Heatran, M|301/385","|move|p2a: Soul Train|Psyshock|p1a: Heatah Fajita","|-resisted|p1a: Heatah Fajita","|-damage|p1a: Heatah Fajita|222/385","|-damage|p2a: Soul Train|146/301|[from] item: Life Orb","|","|turn|7","|","|switch|p2a: Kiwi|Gardevoir, F, shiny|277/277","|-ability|p2a: Kiwi|Flash Fire|[from] ability: Trace|[of] p1a: Heatah Fajita","|move|p1a: Heatah Fajita|Flash Cannon|p2a: Kiwi","|-crit|p2a: Kiwi","|-supereffective|p2a: Kiwi","|-damage|p2a: Kiwi|0 fnt","|faint|p2a: Kiwi","|","|","|switch|p2a: First Class|Metagross, shiny|363/363","|turn|8","|","|move|p1a: Heatah Fajita|Lava Plume|p2a: First Class","|-supereffective|p2a: First Class","|-damage|p2a: First Class|181/363","|-status|p2a: First Class|brn","|move|p2a: First Class|Earthquake|p1a: Heatah Fajita","|-supereffective|p1a: Heatah Fajita","|-damage|p1a: Heatah Fajita|0 fnt","|faint|p1a: Heatah Fajita","|","|-damage|p2a: First Class|136/363 brn|[from] brn","|","|switch|p1a: Charizard|Charizard, F, shiny|297/297","|turn|9","|","|detailschange|p1a: Charizard|Charizard-Mega-Y, F, shiny","|-mega|p1a: Charizard|Charizard|Charizardite Y","|-weather|SunnyDay","|move|p1a: Charizard|Fire Blast|p2a: First Class","|-supereffective|p2a: First Class","|-damage|p2a: First Class|0 fnt","|faint|p2a: First Class","|","|-weather|SunnyDay|[upkeep]","|","|switch|p2a: McBiggleDiggles|Meloetta|403/403","|turn|10","|","|switch|p1a: Easy Bake|Rotom-Heat|53/241","|move|p2a: McBiggleDiggles|Psyshock|p1a: Easy Bake","|-damage|p1a: Easy Bake|0 fnt","|faint|p1a: Easy Bake","|","|-weather|SunnyDay|[upkeep]","|","|switch|p1a: Hairymon|Darmanitan, F, shiny|351/351","|turn|11","|","|switch|p2a: BigPapaLongDong|Slowbro, M|393/393 tox","|move|p1a: Hairymon|Flare Blitz|p2a: BigPapaLongDong","|-resisted|p2a: BigPapaLongDong","|-damage|p2a: BigPapaLongDong|248/393 tox","|-damage|p1a: Hairymon|293/351|[from] item: Rocky Helmet|[of] p2a: BigPapaLongDong","|-damage|p1a: Hairymon|245/351|[from] recoil|[of] p2a: BigPapaLongDong","|","|-weather|SunnyDay|[upkeep]","|-damage|p2a: BigPapaLongDong|224/393 tox|[from] psn","|turn|12","|","|switch|p1a: Charizard|Charizard-Mega-Y, F, shiny|297/297","|move|p2a: BigPapaLongDong|Thunder Wave|p1a: Charizard","|-status|p1a: Charizard|par","|","|-weather|SunnyDay|[upkeep]","|-damage|p2a: BigPapaLongDong|176/393 tox|[from] psn","|turn|13","|","|switch|p2a: Victini|Victini|341/341","|switch|p1a: BullDoge|Entei, shiny|371/371","|-ability|p1a: BullDoge|Pressure","|","|-weather|none","|turn|14","|","|move|p2a: Victini|U-turn|p1a: BullDoge","|-resisted|p1a: BullDoge","|-damage|p1a: BullDoge|334/371","|","|switch|p2a: BigPapaLongDong|Slowbro, M|307/393 tox","|move|p1a: BullDoge|Bulldoze|p2a: BigPapaLongDong","|-damage|p2a: BigPapaLongDong|249/393 tox","|-unboost|p2a: BigPapaLongDong|spe|1","|-damage|p1a: BullDoge|297/371|[from] item: Life Orb","|","|-damage|p2a: BigPapaLongDong|225/393 tox|[from] psn","|turn|15","|","|switch|p1a: Charizard|Charizard-Mega-Y, F, shiny|297/297 par","|-weather|SunnyDay","|switch|p2a: Soul Train|Latias, F|146/301","|","|-weather|SunnyDay|[upkeep]","|turn|16","|","|switch|p2a: McBiggleDiggles|Meloetta|403/403","|move|p1a: Charizard|Fire Blast|p2a: McBiggleDiggles","|-damage|p2a: McBiggleDiggles|118/403","|","|-weather|SunnyDay|[upkeep]","|turn|17","|","|move|p2a: McBiggleDiggles|Psyshock|p1a: Charizard","|-damage|p1a: Charizard|17/297 par","|cant|p1a: Charizard|par","|","|-weather|SunnyDay|[upkeep]","|turn|18","|","|switch|p1a: Torkoal|Torkoal, F|344/344","|move|p2a: McBiggleDiggles|Psyshock|p1a: Torkoal","|-damage|p1a: Torkoal|220/344","|","|-weather|SunnyDay|[upkeep]","|-heal|p1a: Torkoal|241/344|[from] item: Leftovers","|turn|19","|","|switch|p2a: Soul Train|Latias, F|146/301","|move|p1a: Torkoal|Lava Plume|p2a: Soul Train","|-resisted|p2a: Soul Train","|-damage|p2a: Soul Train|95/301","|","|-weather|none","|-heal|p1a: Torkoal|262/344|[from] item: Leftovers","|turn|20","|","|move|p2a: Soul Train|Draco Meteor|p1a: Torkoal","|-damage|p1a: Torkoal|0 fnt","|-unboost|p2a: Soul Train|spa|2","|-damage|p2a: Soul Train|65/301|[from] item: Life Orb","|faint|p1a: Torkoal","|","|","|switch|p1a: Hairymon|Darmanitan, F, shiny|245/351","|turn|21","|","|switch|p2a: BigPapaLongDong|Slowbro, M|356/393 tox","|move|p1a: Hairymon|U-turn|p2a: BigPapaLongDong","|-supereffective|p2a: BigPapaLongDong","|-damage|p2a: BigPapaLongDong|234/393 tox","|-damage|p1a: Hairymon|187/351|[from] item: Rocky Helmet|[of] p2a: BigPapaLongDong","|","|switch|p1a: Charizard|Charizard-Mega-Y, F, shiny|17/297 par","|-weather|SunnyDay","|","|-weather|SunnyDay|[upkeep]","|-damage|p2a: BigPapaLongDong|210/393 tox|[from] psn","|turn|22","|","|switch|p2a: Soul Train|Latias, F|65/301","|move|p1a: Charizard|Solar Beam|p2a: Soul Train|[still]","|-prepare|p1a: Charizard|Solar Beam|p2a: Soul Train","|-anim|p1a: Charizard|Solar Beam|p2a: Soul Train","|-resisted|p2a: Soul Train","|-damage|p2a: Soul Train|0 fnt","|faint|p2a: Soul Train","|","|-weather|SunnyDay|[upkeep]","|","|switch|p2a: McBiggleDiggles|Meloetta|118/403","|turn|23","|","|move|p2a: McBiggleDiggles|Hyper Voice|p1a: Charizard","|-damage|p1a: Charizard|0 fnt","|faint|p1a: Charizard","|","|-weather|SunnyDay|[upkeep]","|","|switch|p1a: Hairymon|Darmanitan, F, shiny|187/351","|turn|24","|","|switch|p2a: BigPapaLongDong|Slowbro, M|341/393 tox","|move|p1a: Hairymon|U-turn|p2a: BigPapaLongDong","|-supereffective|p2a: BigPapaLongDong","|-damage|p2a: BigPapaLongDong|229/393 tox","|-damage|p1a: Hairymon|129/351|[from] item: Rocky Helmet|[of] p2a: BigPapaLongDong","|","|switch|p1a: BullDoge|Entei, shiny|297/371","|-ability|p1a: BullDoge|Pressure","|","|-weather|SunnyDay|[upkeep]","|-damage|p2a: BigPapaLongDong|205/393 tox|[from] psn","|turn|25","|","|move|p1a: BullDoge|Sacred Fire|p2a: BigPapaLongDong","|-resisted|p2a: BigPapaLongDong","|-damage|p2a: BigPapaLongDong|89/393 tox","|-damage|p1a: BullDoge|260/371|[from] item: Life Orb","|move|p2a: BigPapaLongDong|Thunder Wave|p1a: BullDoge","|-status|p1a: BullDoge|par","|","|-weather|none","|-damage|p2a: BigPapaLongDong|41/393 tox|[from] psn","|turn|26","|","|switch|p2a: McBiggleDiggles|Meloetta|118/403","|move|p1a: BullDoge|Extreme Speed|p2a: McBiggleDiggles","|-damage|p2a: McBiggleDiggles|0 fnt","|-damage|p1a: BullDoge|223/371 par|[from] item: Life Orb","|faint|p2a: McBiggleDiggles","|","|","|switch|p2a: Victini|Victini|341/341","|turn|27","|","|move|p2a: Victini|Bolt Strike|p1a: BullDoge","|-damage|p1a: BullDoge|79/371 par","|cant|p1a: BullDoge|par","|","|turn|28","|","|move|p1a: BullDoge|Extreme Speed|p2a: Victini","|-damage|p2a: Victini|211/341","|-damage|p1a: BullDoge|42/371 par|[from] item: Life Orb","|move|p2a: Victini|Bolt Strike|p1a: BullDoge","|-damage|p1a: BullDoge|0 fnt","|faint|p1a: BullDoge","|","|","|switch|p1a: Hairymon|Darmanitan, F, shiny|129/351","|turn|29","|","|move|p2a: Victini|Bolt Strike|p1a: Hairymon|[miss]","|-miss|p2a: Victini|p1a: Hairymon","|move|p1a: Hairymon|Rock Slide|p2a: Victini","|-supereffective|p2a: Victini","|-damage|p2a: Victini|0 fnt","|faint|p2a: Victini","|","|","|switch|p2a: BigPapaLongDong|Slowbro, M|172/393 tox","|turn|30","|","|move|p1a: Hairymon|Rock Slide|p2a: BigPapaLongDong","|-damage|p2a: BigPapaLongDong|90/393 tox","|move|p2a: BigPapaLongDong|Scald|p1a: Hairymon","|-supereffective|p1a: Hairymon","|-damage|p1a: Hairymon|0 fnt","|faint|p1a: Hairymon","|","|win|Im Slash"],"p1rating":{"entryid":"7315142","serverid":"eos","formatid":"monotype","userid":"viceyfire","username":"V IceyFire","w":"3","l":3,"t":"0","gxe":49.8,"r":"1500","rd":"130","sigma":"0","rptime":"1438419600","rpr":1498.457937765,"rprd":99.454939036168,"rpsigma":"0","acre":1065.534607457,"lacre":1065.534607457,"oldacre":"1082.9039010635"},"p2rating":{"entryid":"7172051","serverid":"eos","formatid":"monotype","userid":"imslash","username":"Im Slash","w":7,"l":"1","t":"0","gxe":67.5,"r":"1582.0219995806","rd":"103.69240753173","sigma":"0","rptime":"1438419600","rpr":1642.7741032122,"rprd":93.383426039536,"rpsigma":"0","acre":1182.0905959502,"lacre":1182.0905959502,"oldacre":"1162.7359708279"},"endType":"normal"}