{"seed":[12933,7580,35378,17203],"turns":30,"p1":"Nеowulf","p2":"V IceyFire","p1team":[{"name":"Hoopa-Unbound","species":"Hoopa-Unbound","item":"lifeorb","ability":"Magician","moves":["hyperspacefury","gunkshot","firepunch","knockoff"],"nature":"Jolly","evs":{"hp":0,"atk":252,"def":0,"spa":0,"spd":4,"spe":252},"ivs":{"hp":31,"atk":31,"def":31,"spa":31,"spd":31,"spe":31}},{"name":"Meloetta","species":"Meloetta","item":"assaultvest","ability":"Serene Grace","moves":["dazzlinggleam","hyperbeam","psyshock","shadowball"],"nature":"","evs":{"hp":0,"atk":0,"def":0,"spa":0,"spd":0,"spe":0},"ivs":{"hp":31,"atk":31,"def":31,"spa":31,"spd":31,"spe":31}},{"name":"Victini","species":"Victini","item":"choicescarf","ability":"Victory Star","moves":["vcreate","boltstrike","zenheadbutt","uturn"],"nature":"Jolly","evs":{"hp":0,"atk":252,"def":0,"spa":0,"spd":4,"spe":252},"ivs":{"hp":31,"atk":31,"def":31,"spa":31,"spd":31,"spe":31}},{"name":"Medicham","species":"Medicham","item":"medichamite","ability":"Pure Power","moves":["fakeout","drainpunch","bulletpunch","icepunch"],"nature":"Jolly","evs":{"hp":0,"atk":252,"def":0,"spa":0,"spd":4,"spe":252},"ivs":{"hp":31,"atk":31,"def":31,"spa":31,"spd":31,"spe":31}},{"name":"Latios","species":"Latios","item":"lifeorb","ability":"Levitate","moves":["calmmind","hiddenpowerfire","dracometeor","roost"],"nature":"Timid","evs":{"hp":0,"atk":0,"def":0,"spa":252,"spd":4,"spe":252},"ivs":{"hp":31,"atk":30,"def":31,"spa":30,"spd":31,"spe":30}},{"name":"Mew","species":"Mew","item":"","ability":"Synchronize","moves":["stealthrock","defog","willowisp","roost"],"nature":"Impish","evs":{"hp":220,"atk":0,"def":252,"spa":0,"spd":36,"spe":0},"ivs":{"hp":31,"atk":31,"def":31,"spa":31,"spd":31,"spe":31}}],"p2team":[{"name":"Torkoal","species":"Torkoal","item":"leftovers","ability":"Shell Armor","moves":["stealthrock","rapidspin","yawn","lavaplume"],"nature":"Bold","evs":{"hp":252,"atk":0,"def":252,"spa":0,"spd":4,"spe":0},"ivs":{"hp":31,"atk":0,"def":31,"spa":31,"spd":31,"spe":31}},{"name":"Entei","species":"Entei","item":"lifeorb","ability":"Pressure","moves":["sacredfire","extremespeed","stoneedge","ironhead"],"nature":"Adamant","evs":{"hp":0,"atk":252,"def":0,"spa":0,"spd":4,"spe":252},"shiny":true,"ivs":{"hp":31,"atk":31,"def":31,"spa":31,"spd":31,"spe":31}},{"name":"Charizard","species":"Charizard","item":"charizarditey","ability":"Blaze","moves":["fireblast","airslash","focusblast","solarbeam"],"nature":"Timid","evs":{"hp":0,"atk":0,"def":0,"spa":252,"spd":4,"spe":252},"ivs":{"hp":31,"atk":0,"def":31,"spa":31,"spd":31,"spe":31},"shiny":true},{"name":"Darmanitan","species":"Darmanitan","item":"choicescarf","ability":"Sheer Force","moves":["flareblitz","superpower","rockslide","uturn"],"nature":"Jolly","evs":{"hp":0,"atk":252,"def":0,"spa":0,"spd":4,"spe":252},"ivs":{"hp":31,"atk":31,"def":31,"spa":31,"spd":31,"spe":31}},{"name":"Heatran","species":"Heatran","item":"airballoon","ability":"Flash Fire","moves":["lavaplume","earthpower","toxic","flashcannon"],"nature":"Calm","evs":{"hp":248,"atk":0,"def":0,"spa":8,"spd":252,"spe":0},"ivs":{"hp":31,"atk":0,"def":31,"spa":31,"spd":31,"spe":31}},{"name":"Rotom-Heat","species":"Rotom-Heat","item":"choicescarf","ability":"Levitate","moves":["voltswitch","thunderbolt","overheat","hiddenpowerice"],"nature":"Timid","evs":{"hp":0,"atk":0,"def":0,"spa":252,"spd":4,"spe":252},"ivs":{"hp":31,"atk":30,"def":30,"spa":31,"spd":31,"spe":31}}],"log":["|player|p1|Nеowulf|143","|player|p2|V IceyFire|150","|gametype|singles","|gen|6","|tier|Monotype","|rated","|rule|Baton Pass Clause: Limit one Baton Passer, can't pass Spe and other stats simultaneously","|rule|Swagger Clause: Swagger is banned","|rule|Same Type Clause: Pokémon in a team must share a type","|clearpoke","|poke|p1|Hoopa-Unbound","|poke|p1|Meloetta","|poke|p1|Victini","|poke|p1|Medicham, F","|poke|p1|Latios, M","|poke|p1|Mew","|poke|p2|Torkoal, M","|poke|p2|Entei, shiny","|poke|p2|Charizard, F, shiny","|poke|p2|Darmanitan, M","|poke|p2|Heatran, M","|poke|p2|Rotom-Heat","|rule|Sleep Clause Mod: Limit one foe put to sleep","|rule|Species Clause: Limit one of each Pokémon","|rule|OHKO Clause: OHKO moves are banned","|rule|Moody Clause: Moody is banned","|rule|Evasion Moves Clause: Evasion moves are banned","|rule|Endless Battle Clause: Forcing endless battles is banned","|rule|HP Percentage Mod: HP is shown in percentages","|teampreview","|","|start","|switch|p1a: Meloetta|Meloetta|341/341","|switch|p2a: Torkoal|Torkoal, M|344/344","|turn|1","|","|move|p1a: Meloetta|Psyshock|p2a: Torkoal","|-damage|p2a: Torkoal|275/344","|move|p2a: Torkoal|Yawn|p1a: Meloetta","|-start|p1a: Meloetta|move: Yawn|[of] p2a: Torkoal","|","|-heal|p2a: Torkoal|296/344|[from] item: Leftovers","|turn|2","|","|switch|p1a: Latios|Latios, M|301/301","|move|p2a: Torkoal|Stealth Rock|p1a: Latios","|-sidestart|p1: Nеowulf|move: Stealth Rock","|","|-heal|p2a: Torkoal|317/344|[from] item: Leftovers","|turn|3","|","|switch|p2a: Darmanitan|Darmanitan, M|351/351","|move|p1a: Latios|Draco Meteor|p2a: Darmanitan","|-damage|p2a: Darmanitan|0 fnt","|-unboost|p1a: Latios|spa|2","|-damage|p1a: Latios|271/301|[from] item: Life Orb","|faint|p2a: Darmanitan","|","|","|switch|p2a: Heatran|Heatran, M|385/385","|-item|p2a: Heatran|Air Balloon","|turn|4","|","|switch|p1a: Medicham|Medicham, F|261/261","|-damage|p1a: Medicham|245/261|[from] Stealth Rock","|move|p2a: Heatran|Flash Cannon|p1a: Medicham","|-damage|p1a: Medicham|98/261","|","|turn|5","|","|switch|p2a: Torkoal|Torkoal, M|317/344","|detailschange|p1a: Medicham|Medicham-Mega, F","|-mega|p1a: Medicham|Medicham|Medichamite","|move|p1a: Medicham|Drain Punch|p2a: Torkoal","|-damage|p2a: Torkoal|185/344","|-heal|p1a: Medicham|164/261|[from] drain|[of] p2a: Torkoal","|","|-heal|p2a: Torkoal|206/344|[from] item: Leftovers","|turn|6","|","|switch|p1a: Meloetta|Meloetta|341/341","|-damage|p1a: Meloetta|299/341|[from] Stealth Rock","|move|p2a: Torkoal|Lava Plume|p1a: Meloetta","|-damage|p1a: Meloetta|253/341","|","|-heal|p2a: Torkoal|227/344|[from] item: Leftovers","|turn|7","|","|switch|p2a: Rotom-Heat|Rotom-Heat|241/241","|move|p1a: Meloetta|Hyper Beam|p2a: Rotom-Heat","|-damage|p2a: Rotom-Heat|28/241","|","|turn|8","|-mustrecharge|p1a: Meloetta","|-mustrecharge|p1a: Meloetta","|","|move|p2a: Rotom-Heat|Overheat|p1a: Meloetta","|-damage|p1a: Meloetta|147/341","|-unboost|p2a: Rotom-Heat|spa|2","|cant|p1a: Meloetta|recharge","|","|turn|9","|","|switch|p2a: Heatran|Heatran, M|385/385","|-item|p2a: Heatran|Air Balloon","|move|p1a: Meloetta|Psyshock|p2a: Heatran","|-resisted|p2a: Heatran","|-damage|p2a: Heatran|331/385","|-enditem|p2a: Heatran|Air Balloon","|","|turn|10","|","|switch|p1a: Mew|Mew|396/396","|-damage|p1a: Mew|347/396|[from] Stealth Rock","|move|p2a: Heatran|Flash Cannon|p1a: Mew","|-damage|p1a: Mew|224/396","|","|turn|11","|","|switch|p2a: Charizard|Charizard, F, shiny|297/297","|move|p1a: Mew|Defog|p2a: Charizard","|-unboost|p2a: Charizard|evasion|1","|-sideend|p1: Nеowulf|Stealth Rock|[from] move: Defog|[of] p1a: Mew","|","|turn|12","|","|detailschange|p2a: Charizard|Charizard-Mega-Y, F, shiny","|-mega|p2a: Charizard|Charizard|Charizardite Y","|-weather|SunnyDay","|move|p2a: Charizard|Fire Blast|p1a: Mew","|-damage|p1a: Mew|0 fnt","|faint|p1a: Mew","|","|-weather|SunnyDay|[upkeep]","|","|switch|p1a: Latios|Latios, M|271/301","|turn|13","|","|switch|p2a: Heatran|Heatran, M|331/385","|move|p1a: Latios|Calm Mind|p1a: Latios","|-boost|p1a: Latios|spa|1","|-boost|p1a: Latios|spd|1","|","|-weather|SunnyDay|[upkeep]","|turn|14","|","|move|p1a: Latios|Calm Mind|p1a: Latios","|-boost|p1a: Latios|spa|1","|-boost|p1a: Latios|spd|1","|move|p2a: Heatran|Toxic|p1a: Latios","|-status|p1a: Latios|tox","|","|-weather|SunnyDay|[upkeep]","|-damage|p1a: Latios|253/301 tox|[from] psn","|turn|15","|","|move|p1a: Latios|Draco Meteor|p2a: Heatran","|-resisted|p2a: Heatran","|-damage|p2a: Heatran|141/385","|-unboost|p1a: Latios|spa|2","|-damage|p1a: Latios|223/301 tox|[from] item: Life Orb","|move|p2a: Heatran|Flash Cannon|p1a: Latios","|-damage|p1a: Latios|168/301 tox","|","|-weather|SunnyDay|[upkeep]","|-damage|p1a: Latios|132/301 tox|[from] psn","|turn|16","|","|move|p1a: Latios|Draco Meteor|p2a: Heatran","|-resisted|p2a: Heatran","|-damage|p2a: Heatran|34/385","|-unboost|p1a: Latios|spa|2","|-damage|p1a: Latios|102/301 tox|[from] item: Life Orb","|move|p2a: Heatran|Flash Cannon|p1a: Latios","|-damage|p1a: Latios|48/301 tox","|","|-weather|none","|-damage|p1a: Latios|0 fnt|[from] psn","|faint|p1a: Latios","|","|switch|p1a: Hoopa-Unbound|Hoopa-Unbound|301/301","|turn|17","|","|move|p1a: Hoopa-Unbound|Knock Off|p2a: Heatran","|-damage|p2a: Heatran|0 fnt","|-damage|p1a: Hoopa-Unbound|271/301|[from] item: Life Orb","|faint|p2a: Heatran","|","|","|switch|p2a: Rotom-Heat|Rotom-Heat|28/241","|turn|18","|","|move|p2a: Rotom-Heat|Thunderbolt|p1a: Hoopa-Unbound","|-crit|p1a: Hoopa-Unbound","|-damage|p1a: Hoopa-Unbound|96/301","|move|p1a: Hoopa-Unbound|Knock Off|p2a: Rotom-Heat","|-damage|p2a: Rotom-Heat|0 fnt","|-enditem|p2a: Rotom-Heat|Choice Scarf|[from] move: Knock Off|[of] p1a: Hoopa-Unbound","|-damage|p1a: Hoopa-Unbound|66/301|[from] item: Life Orb","|faint|p2a: Rotom-Heat","|","|","|switch|p2a: Charizard|Charizard-Mega-Y, F, shiny|297/297","|-weather|SunnyDay","|turn|19","|","|move|p2a: Charizard|Air Slash|p1a: Hoopa-Unbound","|-damage|p1a: Hoopa-Unbound|0 fnt","|faint|p1a: Hoopa-Unbound","|","|-weather|SunnyDay|[upkeep]","|","|switch|p1a: Meloetta|Meloetta|147/341","|turn|20","|","|move|p2a: Charizard|Fire Blast|p1a: Meloetta","|-damage|p1a: Meloetta|0 fnt","|faint|p1a: Meloetta","|","|-weather|SunnyDay|[upkeep]","|","|switch|p1a: Victini|Victini|341/341","|turn|21","|","|switch|p2a: Torkoal|Torkoal, M|227/344","|move|p1a: Victini|Bolt Strike|p2a: Torkoal","|-damage|p2a: Torkoal|154/344","|","|-weather|SunnyDay|[upkeep]","|-heal|p2a: Torkoal|175/344|[from] item: Leftovers","|turn|22","|","|switch|p1a: Medicham|Medicham-Mega, F|164/261","|move|p2a: Torkoal|Lava Plume|p1a: Medicham","|-damage|p1a: Medicham|14/261","|","|-weather|SunnyDay|[upkeep]","|-heal|p2a: Torkoal|196/344|[from] item: Leftovers","|turn|23","|","|move|p1a: Medicham|Fake Out|p2a: Torkoal","|-damage|p2a: Torkoal|150/344","|cant|p2a: Torkoal|flinch","|","|-weather|none","|-heal|p2a: Torkoal|171/344|[from] item: Leftovers","|turn|24","|","|switch|p2a: Charizard|Charizard-Mega-Y, F, shiny|297/297","|-weather|SunnyDay","|move|p1a: Medicham|Drain Punch|p2a: Charizard","|-resisted|p2a: Charizard","|-damage|p2a: Charizard|165/297","|-heal|p1a: Medicham|80/261|[from] drain|[of] p2a: Charizard","|","|-weather|SunnyDay|[upkeep]","|turn|25","|","|move|p2a: Charizard|Air Slash|p1a: Medicham","|-supereffective|p1a: Medicham","|-damage|p1a: Medicham|0 fnt","|faint|p1a: Medicham","|","|-weather|SunnyDay|[upkeep]","|","|switch|p1a: Victini|Victini|341/341","|turn|26","|","|switch|p2a: Torkoal|Torkoal, M|171/344","|move|p1a: Victini|Bolt Strike|p2a: Torkoal","|-damage|p2a: Torkoal|95/344","|","|-weather|SunnyDay|[upkeep]","|-heal|p2a: Torkoal|116/344|[from] item: Leftovers","|turn|27","|","|move|p1a: Victini|Bolt Strike|p2a: Torkoal","|-damage|p2a: Torkoal|38/344","|move|p2a: Torkoal|Yawn|p1a: Victini","|-start|p1a: Victini|move: Yawn|[of] p2a: Torkoal","|","|-weather|SunnyDay|[upkeep]","|-heal|p2a: Torkoal|59/344|[from] item: Leftovers","|turn|28","|","|move|p1a: Victini|Bolt Strike|p2a: Torkoal","|-damage|p2a: Torkoal|0 fnt","|faint|p2a: Torkoal","|","|-end|p1a: Victini|move: Yawn|[silent]","|-status|p1a: Victini|slp","|-weather|none","|","|switch|p2a: Entei|Entei, shiny|371/371","|-ability|p2a: Entei|Pressure","|turn|29","|","|cant|p1a: Victini|slp","|move|p2a: Entei|Stone Edge|p1a: Victini","|-supereffective|p1a: Victini","|-damage|p1a: Victini|52/341 slp","|-damage|p2a: Entei|334/371|[from] item: Life Orb","|","|turn|30","|","|move|p2a: Entei|Extreme Speed|p1a: Victini","|-crit|p1a: Victini","|-damage|p1a: Victini|0 fnt","|-damage|p2a: Entei|297/371|[from] item: Life Orb","|faint|p1a: Victini","|","|win|V IceyFire"],"p1rating":{"entryid":"7257985","serverid":"eos","formatid":"monotype","userid":"nowulf","username":"Nеowulf","w":"4","l":1,"t":"0","gxe":59.4,"r":"1587.3719334351","rd":"110.96289401767","sigma":"0","rptime":"1438419600","rpr":1574.5309059103,"rprd":102.79469181264,"rpsigma":"0","acre":1102.1498445769,"lacre":1102.1498445769,"oldacre":"1133.4040854704"},"p2rating":{"entryid":"7315142","serverid":"eos","formatid":"monotype","userid":"viceyfire","username":"V IceyFire","w":2,"l":"0","t":"0","gxe":57.9,"r":"1500","rd":"130","sigma":"0","rptime":"1438419600","rpr":1563.6492693452,"rprd":118.19768649617,"rpsigma":"0","acre":1086.2445448707,"lacre":1086.2445448707,"oldacre":"1044.6017161205"},"endType":"normal"}