{"seed":[58592,7651,34772,19369],"turns":25,"p1":"Alliance ♋ akaFila","p2":"Sapphire~Husky3310","p1team":[{"name":"Hoopa-Unbound","species":"Hoopa-Unbound","item":"choiceband","ability":"Magician","moves":["hyperspacefury","facade","icepunch","drainpunch"],"nature":"Adamant","evs":{"hp":248,"atk":252,"def":0,"spa":0,"spd":8,"spe":0},"ivs":{"hp":31,"atk":31,"def":31,"spa":31,"spd":31,"spe":31}},{"name":"Sharpedo","species":"Sharpedo","item":"lifeorb","ability":"Speed Boost","moves":["hydropump","darkpulse","destinybond","protect"],"nature":"Modest","evs":{"hp":0,"atk":0,"def":0,"spa":252,"spd":4,"spe":252},"ivs":{"hp":31,"atk":31,"def":31,"spa":31,"spd":31,"spe":31}},{"name":"Pangoro","species":"Pangoro","item":"choicescarf","ability":"Iron Fist","moves":["drainpunch","knockoff","earthquake","partingshot"],"nature":"Jolly","evs":{"hp":0,"atk":252,"def":0,"spa":0,"spd":4,"spe":252},"ivs":{"hp":31,"atk":31,"def":31,"spa":31,"spd":31,"spe":31}},{"name":"Mandibuzz","species":"Mandibuzz","item":"rockyhelmet","ability":"Overcoat","moves":["foulplay","toxic","roost","defog"],"nature":"Bold","evs":{"hp":248,"atk":0,"def":252,"spa":0,"spd":8,"spe":0},"ivs":{"hp":31,"atk":31,"def":31,"spa":31,"spd":31,"spe":31}},{"name":"Tyranitar","species":"Tyranitar","item":"assaultvest","ability":"Sand Stream","moves":["crunch","earthquake","stoneedge","fireblast"],"nature":"Sassy","evs":{"hp":252,"atk":0,"def":6,"spa":0,"spd":252,"spe":0},"ivs":{"hp":31,"atk":31,"def":31,"spa":31,"spd":31,"spe":31}},{"name":"Bisharp","species":"Bisharp","item":"focussash","ability":"Defiant","moves":["swordsdance","knockoff","ironhead","suckerpunch"],"nature":"Adamant","evs":{"hp":248,"atk":252,"def":0,"spa":0,"spd":8,"spe":0},"ivs":{"hp":31,"atk":31,"def":31,"spa":31,"spd":31,"spe":31}}],"p2team":[{"name":"Ditto","species":"Ditto","item":"choicescarf","ability":"Imposter","moves":["transform"],"nature":"Bold","evs":{"hp":248,"atk":0,"def":252,"spa":0,"spd":8,"spe":0},"shiny":true,"ivs":{"hp":31,"atk":31,"def":31,"spa":31,"spd":31,"spe":31}},{"name":"Snorlax","species":"Snorlax","item":"leftovers","ability":"Immunity","moves":["rest","sleeptalk","bodyslam","curse"],"nature":"Adamant","evs":{"hp":248,"atk":252,"def":0,"spa":0,"spd":8,"spe":0},"gender":"M","ivs":{"hp":31,"atk":31,"def":31,"spa":31,"spd":31,"spe":31}},{"name":"Porygon-Z","species":"Porygon-Z","item":"choicespecs","ability":"Adaptability","moves":["triattack","shadowball","discharge","icebeam"],"nature":"Modest","evs":{"hp":0,"atk":0,"def":0,"spa":252,"spd":4,"spe":252},"ivs":{"hp":31,"atk":31,"def":31,"spa":31,"spd":31,"spe":31}},{"name":"Lopunny","species":"Lopunny","item":"lopunnite","ability":"Cute Charm","moves":["fakeout","return","highjumpkick","facade"],"nature":"Jolly","evs":{"hp":0,"atk":252,"def":0,"spa":0,"spd":4,"spe":252},"ivs":{"hp":31,"atk":31,"def":31,"spa":31,"spd":31,"spe":31}},{"name":"Cinccino","species":"Cinccino","item":"kingsrock","ability":"Skill Link","moves":["tailslap","bulletseed","rockblast","return"],"nature":"Jolly","evs":{"hp":0,"atk":252,"def":0,"spa":0,"spd":4,"spe":252},"ivs":{"hp":31,"atk":31,"def":31,"spa":31,"spd":31,"spe":31}},{"name":"Diggersby","species":"Diggersby","item":"lifeorb","ability":"Huge Power","moves":["earthquake","return","swordsdance","ironhead"],"nature":"","evs":{"hp":0,"atk":0,"def":0,"spa":0,"spd":0,"spe":0},"ivs":{"hp":31,"atk":31,"def":31,"spa":31,"spd":31,"spe":31}}],"log":["|player|p1|Alliance ♋ akaFila|allianceakafila.gif","|player|p2|Sapphire~Husky3310|290","|gametype|singles","|gen|6","|tier|Monotype","|rated","|rule|Baton Pass Clause: Limit one Baton Passer, can't pass Spe and other stats simultaneously","|rule|Swagger Clause: Swagger is banned","|rule|Same Type Clause: Pokémon in a team must share a type","|clearpoke","|poke|p1|Hoopa-Unbound","|poke|p1|Sharpedo, F","|poke|p1|Pangoro, M","|poke|p1|Mandibuzz, F","|poke|p1|Tyranitar, F","|poke|p1|Bisharp, M","|poke|p2|Ditto, shiny","|poke|p2|Snorlax, M","|poke|p2|Porygon-Z","|poke|p2|Lopunny, F","|poke|p2|Cinccino, M","|poke|p2|Diggersby, F","|rule|Sleep Clause Mod: Limit one foe put to sleep","|rule|Species Clause: Limit one of each Pokémon","|rule|OHKO Clause: OHKO moves are banned","|rule|Moody Clause: Moody is banned","|rule|Evasion Moves Clause: Evasion moves are banned","|rule|Endless Battle Clause: Forcing endless battles is banned","|rule|HP Percentage Mod: HP is shown in percentages","|teampreview","|","|start","|switch|p1a: Pangoro|Pangoro, M|331/331","|switch|p2a: Porygon-Z|Porygon-Z|311/311","|turn|1","|","|move|p1a: Pangoro|Parting Shot|p2a: Porygon-Z","|-unboost|p2a: Porygon-Z|atk|1","|-unboost|p2a: Porygon-Z|spa|1","|","|switch|p1a: Tyranitar|Tyranitar, F|404/404","|-weather|Sandstorm","|move|p2a: Porygon-Z|Tri Attack|p1a: Tyranitar","|-resisted|p1a: Tyranitar","|-damage|p1a: Tyranitar|368/404","|","|-weather|Sandstorm|[upkeep]","|-damage|p2a: Porygon-Z|292/311|[from] sandstorm","|turn|2","|","|switch|p2a: Ditto|Ditto, shiny|299/299","|-transform|p2a: Ditto|p1a: Tyranitar","|move|p1a: Tyranitar|Earthquake|p2a: Ditto","|-supereffective|p2a: Ditto","|-damage|p2a: Ditto|109/299","|","|-weather|Sandstorm|[upkeep]","|turn|3","|","|switch|p1a: Mandibuzz|Mandibuzz, F|423/423","|move|p2a: Ditto|Earthquake|p1a: Mandibuzz","|-immune|p1a: Mandibuzz|[msg]","|","|-weather|Sandstorm|[upkeep]","|turn|4","|","|switch|p2a: Porygon-Z|Porygon-Z|292/311","|move|p1a: Mandibuzz|Toxic|p2a: Porygon-Z","|-status|p2a: Porygon-Z|tox","|","|-weather|Sandstorm|[upkeep]","|-damage|p2a: Porygon-Z|273/311 tox|[from] sandstorm","|-damage|p2a: Porygon-Z|254/311 tox|[from] psn","|turn|5","|","|switch|p1a: Tyranitar|Tyranitar, F|368/404","|move|p2a: Porygon-Z|Tri Attack|p1a: Tyranitar","|-resisted|p1a: Tyranitar","|-damage|p1a: Tyranitar|312/404","|","|-weather|none","|-damage|p2a: Porygon-Z|216/311 tox|[from] psn","|turn|6","|","|move|p2a: Porygon-Z|Tri Attack|p1a: Tyranitar","|-resisted|p1a: Tyranitar","|-damage|p1a: Tyranitar|232/404","|-status|p1a: Tyranitar|par","|move|p1a: Tyranitar|Crunch|p2a: Porygon-Z","|-damage|p2a: Porygon-Z|53/311 tox","|","|-damage|p2a: Porygon-Z|0 fnt|[from] psn","|faint|p2a: Porygon-Z","|","|switch|p2a: Ditto|Ditto, shiny|109/299","|-transform|p2a: Ditto|p1a: Tyranitar","|-weather|Sandstorm","|turn|7","|","|move|p2a: Ditto|Stone Edge|p1a: Tyranitar","|-damage|p1a: Tyranitar|84/404 par","|cant|p1a: Tyranitar|par","|","|-weather|Sandstorm|[upkeep]","|turn|8","|","|move|p2a: Ditto|Stone Edge|p1a: Tyranitar|[miss]","|-miss|p2a: Ditto|p1a: Tyranitar","|move|p1a: Tyranitar|Earthquake|p2a: Ditto","|-supereffective|p2a: Ditto","|-damage|p2a: Ditto|0 fnt","|faint|p2a: Ditto","|","|-weather|Sandstorm|[upkeep]","|","|switch|p2a: Lopunny|Lopunny, F|271/271","|turn|9","|","|switch|p1a: Mandibuzz|Mandibuzz, F|423/423","|move|p2a: Lopunny|Fake Out|p1a: Mandibuzz","|-damage|p1a: Mandibuzz|386/423","|-damage|p2a: Lopunny|226/271|[from] item: Rocky Helmet|[of] p1a: Mandibuzz","|","|-weather|Sandstorm|[upkeep]","|-damage|p2a: Lopunny|210/271|[from] sandstorm","|turn|10","|","|detailschange|p2a: Lopunny|Lopunny-Mega, F","|-mega|p2a: Lopunny|Lopunny|Lopunnite","|move|p2a: Lopunny|High Jump Kick|p1a: Mandibuzz","|-damage|p1a: Mandibuzz|227/423","|-damage|p2a: Lopunny|165/271|[from] item: Rocky Helmet|[of] p1a: Mandibuzz","|move|p1a: Mandibuzz|Toxic|p2a: Lopunny","|-status|p2a: Lopunny|tox","|","|-weather|Sandstorm|[upkeep]","|-damage|p2a: Lopunny|149/271 tox|[from] sandstorm","|-damage|p2a: Lopunny|133/271 tox|[from] psn","|turn|11","|","|move|p2a: Lopunny|Return|p1a: Mandibuzz","|-damage|p1a: Mandibuzz|88/423","|-damage|p2a: Lopunny|88/271 tox|[from] item: Rocky Helmet|[of] p1a: Mandibuzz","|move|p1a: Mandibuzz|Roost|p1a: Mandibuzz","|-heal|p1a: Mandibuzz|300/423","|","|-weather|none","|-damage|p2a: Lopunny|56/271 tox|[from] psn","|turn|12","|","|move|p2a: Lopunny|High Jump Kick|p1a: Mandibuzz","|-damage|p1a: Mandibuzz|131/423","|-damage|p2a: Lopunny|11/271 tox|[from] item: Rocky Helmet|[of] p1a: Mandibuzz","|move|p1a: Mandibuzz|Roost|p1a: Mandibuzz","|-heal|p1a: Mandibuzz|343/423","|","|-damage|p2a: Lopunny|0 fnt|[from] psn","|faint|p2a: Lopunny","|","|switch|p2a: Cinccino|Cinccino, M|291/291","|turn|13","|","|move|p2a: Cinccino|Rock Blast|p1a: Mandibuzz","|-supereffective|p1a: Mandibuzz","|-damage|p1a: Mandibuzz|311/423","|-supereffective|p1a: Mandibuzz","|-damage|p1a: Mandibuzz|279/423","|-supereffective|p1a: Mandibuzz","|-damage|p1a: Mandibuzz|247/423","|-supereffective|p1a: Mandibuzz","|-damage|p1a: Mandibuzz|213/423","|-supereffective|p1a: Mandibuzz","|-damage|p1a: Mandibuzz|177/423","|-hitcount|p1a: Mandibuzz|5","|move|p1a: Mandibuzz|Foul Play|p2a: Cinccino","|-damage|p2a: Cinccino|81/291","|","|turn|14","|","|move|p2a: Cinccino|Tail Slap|p1a: Mandibuzz","|-damage|p1a: Mandibuzz|150/423","|-damage|p2a: Cinccino|33/291|[from] item: Rocky Helmet|[of] p1a: Mandibuzz","|-damage|p1a: Mandibuzz|126/423","|-damage|p2a: Cinccino|0 fnt|[from] item: Rocky Helmet|[of] p1a: Mandibuzz","|faint|p2a: Cinccino","|-hitcount|p1a: Mandibuzz|2","|move|p1a: Mandibuzz|Roost|p1a: Mandibuzz","|-heal|p1a: Mandibuzz|338/423","|","|","|switch|p2a: Diggersby|Diggersby, F|311/311","|turn|15","|","|move|p1a: Mandibuzz|Foul Play|p2a: Diggersby","|-damage|p2a: Diggersby|221/311","|move|p2a: Diggersby|Iron Head|p1a: Mandibuzz","|-damage|p1a: Mandibuzz|268/423","|-damage|p2a: Diggersby|170/311|[from] item: Rocky Helmet|[of] p1a: Mandibuzz","|-damage|p2a: Diggersby|139/311|[from] item: Life Orb","|","|turn|16","|","|move|p1a: Mandibuzz|Roost|p1a: Mandibuzz","|-heal|p1a: Mandibuzz|423/423","|move|p2a: Diggersby|Return|p1a: Mandibuzz","|-damage|p1a: Mandibuzz|279/423","|-damage|p2a: Diggersby|88/311|[from] item: Rocky Helmet|[of] p1a: Mandibuzz","|-damage|p2a: Diggersby|57/311|[from] item: Life Orb","|","|turn|17","|","|move|p1a: Mandibuzz|Foul Play|p2a: Diggersby","|-damage|p2a: Diggersby|0 fnt","|faint|p2a: Diggersby","|","|","|switch|p2a: Snorlax|Snorlax, M|523/523","|turn|18","|","|move|p1a: Mandibuzz|Toxic|p2a: Snorlax","|-immune|p2a: Snorlax|[msg]","|move|p2a: Snorlax|Curse|p2a: Snorlax","|-boost|p2a: Snorlax|atk|1","|-boost|p2a: Snorlax|def|1","|-unboost|p2a: Snorlax|spe|1","|","|turn|19","|","|switch|p1a: Pangoro|Pangoro, M|331/331","|move|p2a: Snorlax|Curse|p2a: Snorlax","|-boost|p2a: Snorlax|atk|1","|-boost|p2a: Snorlax|def|1","|-unboost|p2a: Snorlax|spe|1","|","|turn|20","|","|move|p1a: Pangoro|Parting Shot|p2a: Snorlax","|-unboost|p2a: Snorlax|atk|1","|-unboost|p2a: Snorlax|spa|1","|","|switch|p1a: Bisharp|Bisharp, M|333/333","|move|p2a: Snorlax|Curse|p2a: Snorlax","|-boost|p2a: Snorlax|atk|1","|-boost|p2a: Snorlax|def|1","|-unboost|p2a: Snorlax|spe|1","|","|turn|21","|","|move|p1a: Bisharp|Swords Dance|p1a: Bisharp","|-boost|p1a: Bisharp|atk|2","|move|p2a: Snorlax|Body Slam|p1a: Bisharp","|-resisted|p1a: Bisharp","|-damage|p1a: Bisharp|177/333","|-status|p1a: Bisharp|par","|","|turn|22","|","|cant|p1a: Bisharp|par","|move|p2a: Snorlax|Body Slam|p1a: Bisharp","|-resisted|p1a: Bisharp","|-damage|p1a: Bisharp|18/333 par","|","|turn|23","|","|move|p1a: Bisharp|Knock Off|p2a: Snorlax","|-damage|p2a: Snorlax|321/523","|-enditem|p2a: Snorlax|Leftovers|[from] move: Knock Off|[of] p1a: Bisharp","|move|p2a: Snorlax|Body Slam|p1a: Bisharp","|-resisted|p1a: Bisharp","|-damage|p1a: Bisharp|0 fnt","|faint|p1a: Bisharp","|","|","|switch|p1a: Hoopa-Unbound|Hoopa-Unbound|363/363","|turn|24","|","|move|p1a: Hoopa-Unbound|Hyperspace Fury|p2a: Snorlax","|-damage|p2a: Snorlax|129/523","|-unboost|p1a: Hoopa-Unbound|def|1","|move|p2a: Snorlax|Body Slam|p1a: Hoopa-Unbound","|-damage|p1a: Hoopa-Unbound|0 fnt","|faint|p1a: Hoopa-Unbound","|","|","|switch|p1a: Sharpedo|Sharpedo, F|281/281","|turn|25","|","|move|p1a: Sharpedo|Hydro Pump|p2a: Snorlax","|-damage|p2a: Snorlax|0 fnt","|-damage|p1a: Sharpedo|253/281|[from] item: Life Orb","|faint|p2a: Snorlax","|","|win|Alliance ♋ akaFila"],"p1rating":{"entryid":"6670496","serverid":"eos","formatid":"monotype","userid":"allianceakafila","username":"Alliance ♋ akaFila","w":16,"l":"17","t":"0","gxe":46.9,"r":"1445.7062702929","rd":"64.367365225347","sigma":"0","rptime":"1438419600","rpr":1475.9945149897,"rprd":61.562408043624,"rpsigma":"0","acre":1254.0479067188,"lacre":1254.0479067188,"oldacre":"1242.6380088203"},"p2rating":{"entryid":"7167721","serverid":"eos","formatid":"monotype","userid":"sapphirehusky3310","username":"Sapphire~Husky3310","w":"3","l":9,"t":"0","gxe":33.3,"r":"1384.9589342005","rd":"93.458289175417","sigma":"0","rptime":"1438419600","rpr":1365.3290867373,"rprd":83.479832318273,"rpsigma":"0","acre":1024.2768558906,"lacre":1024.2768558906,"oldacre":"1030.9603410304"},"endType":"normal"}