{"seed":[25968,39873,42857,47414],"turns":23,"p1":"Leade✘ Viewz","p2":"V Monocle","p1team":[{"name":"Ferrothorn","species":"Ferrothorn","item":"leftovers","ability":"Iron Barbs","moves":["stealthrock","leechseed","gyroball","protect"],"nature":"Relaxed","evs":{"hp":252,"atk":4,"def":252,"spa":0,"spd":0,"spe":0},"ivs":{"hp":31,"atk":31,"def":31,"spa":31,"spd":31,"spe":0}},{"name":"Heatran","species":"Heatran","item":"choicespecs","ability":"Flash Fire","moves":["fireblast","flamethrower","earthpower","flashcannon"],"nature":"Modest","evs":{"hp":248,"atk":0,"def":0,"spa":252,"spd":8,"spe":0},"ivs":{"hp":31,"atk":31,"def":31,"spa":31,"spd":31,"spe":31}},{"name":"Lucario","species":"Lucario","item":"focussash","ability":"Inner Focus","moves":["swordsdance","closecombat","extremespeed","icepunch"],"nature":"Jolly","evs":{"hp":0,"atk":252,"def":0,"spa":0,"spd":4,"spe":252},"ivs":{"hp":31,"atk":31,"def":31,"spa":31,"spd":31,"spe":31}},{"name":"Magnezone","species":"Magnezone","item":"choicescarf","ability":"Sturdy","moves":["voltswitch","thunderbolt","flashcannon","hiddenpowerice"],"nature":"Timid","evs":{"hp":0,"atk":0,"def":0,"spa":252,"spd":4,"spe":252},"ivs":{"hp":31,"atk":30,"def":30,"spa":31,"spd":31,"spe":31}},{"name":"Scizor","species":"Scizor","item":"scizorite","ability":"Technician","moves":["swordsdance","bulletpunch","knockoff","roost"],"nature":"Adamant","evs":{"hp":248,"atk":156,"def":9,"spa":0,"spd":8,"spe":0},"ivs":{"hp":31,"atk":31,"def":31,"spa":31,"spd":31,"spe":31}},{"name":"Empoleon","species":"Empoleon","item":"leftovers","ability":"Torrent","moves":["defog","scald","knockoff","roar"],"nature":"Calm","evs":{"hp":252,"atk":0,"def":0,"spa":4,"spd":252,"spe":0},"ivs":{"hp":31,"atk":31,"def":31,"spa":31,"spd":31,"spe":31}}],"p2team":[{"name":"Terrakion","species":"Terrakion","item":"choicescarf","ability":"Justified","moves":["earthquake","closecombat","stoneedge","poisonjab"],"nature":"Jolly","evs":{"hp":0,"atk":252,"def":0,"spa":0,"spd":4,"spe":252},"ivs":{"hp":31,"atk":31,"def":31,"spa":31,"spd":31,"spe":31}},{"name":"Aerodactyl","species":"Aerodactyl","item":"aerodactylite","ability":"Rock Head","moves":["dragonclaw","crunch","aerialace","icefang"],"nature":"Jolly","evs":{"hp":0,"atk":252,"def":0,"spa":0,"spd":4,"spe":252},"ivs":{"hp":31,"atk":31,"def":31,"spa":31,"spd":31,"spe":31}},{"name":"Carracosta","species":"Carracosta","item":"whiteherb","ability":"Sturdy","moves":["aquajet","shellsmash","knockoff","earthquake"],"nature":"Adamant","evs":{"hp":0,"atk":252,"def":0,"spa":0,"spd":4,"spe":252},"ivs":{"hp":31,"atk":31,"def":31,"spa":31,"spd":31,"spe":31}},{"name":"Cradily","species":"Cradily","item":"leftovers","ability":"Storm Drain","moves":["ancientpower","gigadrain","recover","toxic"],"nature":"Calm","evs":{"hp":252,"atk":0,"def":0,"spa":4,"spd":252,"spe":0},"ivs":{"hp":31,"atk":31,"def":31,"spa":31,"spd":31,"spe":31}},{"name":"Tyrantrum","species":"Tyrantrum","item":"choicescarf","ability":"Strong Jaw","moves":["crunch","icefang","firefang","dragonclaw"],"nature":"Jolly","evs":{"hp":0,"atk":252,"def":0,"spa":0,"spd":4,"spe":252},"ivs":{"hp":31,"atk":31,"def":31,"spa":31,"spd":31,"spe":31}},{"name":"Tyranitar","species":"Tyranitar","item":"focussash","ability":"Sand Stream","moves":["crunch","stealthrock","earthquake","superpower"],"nature":"Adamant","evs":{"hp":248,"atk":252,"def":0,"spa":0,"spd":8,"spe":0},"ivs":{"hp":31,"atk":31,"def":31,"spa":31,"spd":31,"spe":31}}],"log":["|player|p1|Leade✘ Viewz|266","|player|p2|V Monocle|169","|gametype|singles","|gen|6","|tier|Monotype","|rated","|rule|Baton Pass Clause: Limit one Baton Passer, can't pass Spe and other stats simultaneously","|rule|Swagger Clause: Swagger is banned","|rule|Same Type Clause: Pokémon in a team must share a type","|clearpoke","|poke|p1|Ferrothorn, M","|poke|p1|Heatran, F","|poke|p1|Lucario, M","|poke|p1|Magnezone","|poke|p1|Scizor, M","|poke|p1|Empoleon, F","|poke|p2|Terrakion","|poke|p2|Aerodactyl, M","|poke|p2|Carracosta, M","|poke|p2|Cradily, F","|poke|p2|Tyrantrum, M","|poke|p2|Tyranitar, M","|rule|Sleep Clause Mod: Limit one foe put to sleep","|rule|Species Clause: Limit one of each Pokémon","|rule|OHKO Clause: OHKO moves are banned","|rule|Moody Clause: Moody is banned","|rule|Evasion Moves Clause: Evasion moves are banned","|rule|Endless Battle Clause: Forcing endless battles is banned","|rule|HP Percentage Mod: HP is shown in percentages","|teampreview","|","|start","|switch|p1a: Ferrothorn|Ferrothorn, M|352/352","|switch|p2a: Tyranitar|Tyranitar, M|403/403","|-weather|Sandstorm","|turn|1","|","|move|p2a: Tyranitar|Stealth Rock|p1a: Ferrothorn","|-sidestart|p1: Leade✘ Viewz|move: Stealth Rock","|move|p1a: Ferrothorn|Stealth Rock|p2a: Tyranitar","|-sidestart|p2: V Monocle|move: Stealth Rock","|","|-weather|Sandstorm|[upkeep]","|turn|2","|","|move|p2a: Tyranitar|Superpower|p1a: Ferrothorn","|-supereffective|p1a: Ferrothorn","|-damage|p1a: Ferrothorn|148/352","|-damage|p2a: Tyranitar|353/403|[from] ability: Iron Barbs|[of] p1a: Ferrothorn","|-unboost|p2a: Tyranitar|atk|1","|-unboost|p2a: Tyranitar|def|1","|move|p1a: Ferrothorn|Gyro Ball|p2a: Tyranitar","|-supereffective|p2a: Tyranitar","|-damage|p2a: Tyranitar|69/403","|","|-weather|Sandstorm|[upkeep]","|-heal|p1a: Ferrothorn|170/352|[from] item: Leftovers","|turn|3","|","|move|p1a: Ferrothorn|Protect|p1a: Ferrothorn","|-singleturn|p1a: Ferrothorn|Protect","|move|p2a: Tyranitar|Superpower|p1a: Ferrothorn","|-activate|p1a: Ferrothorn|Protect","|","|-weather|Sandstorm|[upkeep]","|-heal|p1a: Ferrothorn|192/352|[from] item: Leftovers","|turn|4","|","|switch|p1a: Scizor|Scizor, M|343/343","|-damage|p1a: Scizor|301/343|[from] Stealth Rock","|move|p2a: Tyranitar|Superpower|p1a: Scizor","|-crit|p1a: Scizor","|-damage|p1a: Scizor|56/343","|-unboost|p2a: Tyranitar|atk|1","|-unboost|p2a: Tyranitar|def|1","|","|-weather|Sandstorm|[upkeep]","|turn|5","|","|detailschange|p1a: Scizor|Scizor-Mega, M","|-mega|p1a: Scizor|Scizor|Scizorite","|move|p1a: Scizor|Bullet Punch|p2a: Tyranitar","|-supereffective|p2a: Tyranitar","|-damage|p2a: Tyranitar|0 fnt","|faint|p2a: Tyranitar","|","|-weather|none","|","|switch|p2a: Carracosta|Carracosta, M|289/289","|-damage|p2a: Carracosta|253/289|[from] Stealth Rock","|turn|6","|","|move|p1a: Scizor|Knock Off|p2a: Carracosta","|-damage|p2a: Carracosta|155/289","|-enditem|p2a: Carracosta|White Herb|[from] move: Knock Off|[of] p1a: Scizor","|move|p2a: Carracosta|Knock Off|p1a: Scizor","|-damage|p1a: Scizor|3/343","|","|turn|7","|","|move|p1a: Scizor|Roost|p1a: Scizor","|-heal|p1a: Scizor|175/343","|move|p2a: Carracosta|Shell Smash|p2a: Carracosta","|-boost|p2a: Carracosta|atk|2","|-boost|p2a: Carracosta|spa|2","|-boost|p2a: Carracosta|spe|2","|-unboost|p2a: Carracosta|def|1","|-unboost|p2a: Carracosta|spd|1","|","|turn|8","|","|move|p1a: Scizor|Bullet Punch|p2a: Carracosta","|-crit|p2a: Carracosta","|-damage|p2a: Carracosta|0 fnt","|faint|p2a: Carracosta","|","|","|switch|p2a: Tyrantrum|Tyrantrum, M|305/305","|-damage|p2a: Tyrantrum|267/305|[from] Stealth Rock","|turn|9","|","|move|p1a: Scizor|Bullet Punch|p2a: Tyrantrum","|-supereffective|p2a: Tyrantrum","|-damage|p2a: Tyrantrum|49/305","|move|p2a: Tyrantrum|Fire Fang|p1a: Scizor","|-supereffective|p1a: Scizor","|-damage|p1a: Scizor|0 fnt","|faint|p1a: Scizor","|","|","|switch|p1a: Magnezone|Magnezone|281/281","|-damage|p1a: Magnezone|264/281|[from] Stealth Rock","|turn|10","|","|move|p2a: Tyrantrum|Fire Fang|p1a: Magnezone","|-supereffective|p1a: Magnezone","|-damage|p1a: Magnezone|56/281","|move|p1a: Magnezone|Volt Switch|p2a: Tyrantrum","|-resisted|p2a: Tyrantrum","|-damage|p2a: Tyrantrum|0 fnt","|faint|p2a: Tyrantrum","|","|switch|p1a: Ferrothorn|Ferrothorn, M|192/352","|-damage|p1a: Ferrothorn|170/352|[from] Stealth Rock","|","|-heal|p1a: Ferrothorn|192/352|[from] item: Leftovers","|","|switch|p2a: Terrakion|Terrakion|323/323","|-damage|p2a: Terrakion|303/323|[from] Stealth Rock","|turn|11","|","|move|p1a: Ferrothorn|Protect|p1a: Ferrothorn","|-singleturn|p1a: Ferrothorn|Protect","|move|p2a: Terrakion|Close Combat|p1a: Ferrothorn","|-activate|p1a: Ferrothorn|Protect","|","|-heal|p1a: Ferrothorn|214/352|[from] item: Leftovers","|turn|12","|","|move|p2a: Terrakion|Close Combat|p1a: Ferrothorn","|-supereffective|p1a: Ferrothorn","|-damage|p1a: Ferrothorn|0 fnt","|-damage|p2a: Terrakion|263/323|[from] ability: Iron Barbs|[of] p1a: Ferrothorn","|-unboost|p2a: Terrakion|def|1","|-unboost|p2a: Terrakion|spd|1","|faint|p1a: Ferrothorn","|","|","|switch|p1a: Magnezone|Magnezone|56/281","|-damage|p1a: Magnezone|39/281|[from] Stealth Rock","|turn|13","|","|move|p2a: Terrakion|Close Combat|p1a: Magnezone","|-supereffective|p1a: Magnezone","|-damage|p1a: Magnezone|0 fnt","|-unboost|p2a: Terrakion|def|1","|-unboost|p2a: Terrakion|spd|1","|faint|p1a: Magnezone","|","|","|switch|p1a: Empoleon|Empoleon, F|372/372","|-damage|p1a: Empoleon|349/372|[from] Stealth Rock","|turn|14","|","|switch|p2a: Cradily|Cradily, F|376/376","|-damage|p2a: Cradily|329/376|[from] Stealth Rock","|move|p1a: Empoleon|Scald|p2a: Cradily","|-boost|p2a: Cradily|spa|1|[from] ability: Storm Drain","|","|-heal|p1a: Empoleon|372/372|[from] item: Leftovers","|-heal|p2a: Cradily|352/376|[from] item: Leftovers","|turn|15","|","|move|p1a: Empoleon|Defog|p2a: Cradily","|-unboost|p2a: Cradily|evasion|1","|-sideend|p2: V Monocle|Stealth Rock|[from] move: Defog|[of] p2a: Cradily","|-sideend|p1: Leade✘ Viewz|Stealth Rock|[from] move: Defog|[of] p1a: Empoleon","|move|p2a: Cradily|Giga Drain|p1a: Empoleon","|-damage|p1a: Empoleon|290/372","|-heal|p2a: Cradily|376/376|[from] drain|[of] p1a: Empoleon","|","|-heal|p1a: Empoleon|313/372|[from] item: Leftovers","|turn|16","|","|move|p1a: Empoleon|Knock Off|p2a: Cradily","|-damage|p2a: Cradily|308/376","|-enditem|p2a: Cradily|Leftovers|[from] move: Knock Off|[of] p1a: Empoleon","|move|p2a: Cradily|Ancient Power|p1a: Empoleon","|-resisted|p1a: Empoleon","|-damage|p1a: Empoleon|283/372","|","|-heal|p1a: Empoleon|306/372|[from] item: Leftovers","|turn|17","|","|move|p2a: Cradily|Ancient Power|p1a: Empoleon","|-resisted|p1a: Empoleon","|-damage|p1a: Empoleon|273/372","|move|p1a: Empoleon|Roar|p2a: Cradily","|drag|p2a: Terrakion|Terrakion|263/323","|","|-heal|p1a: Empoleon|296/372|[from] item: Leftovers","|turn|18","|","|move|p2a: Terrakion|Close Combat|p1a: Empoleon","|-supereffective|p1a: Empoleon","|-damage|p1a: Empoleon|0 fnt","|-unboost|p2a: Terrakion|def|1","|-unboost|p2a: Terrakion|spd|1","|faint|p1a: Empoleon","|","|","|switch|p1a: Heatran|Heatran, F|385/385","|turn|19","|","|switch|p2a: Cradily|Cradily, F|308/376","|move|p1a: Heatran|Flash Cannon|p2a: Cradily","|-supereffective|p2a: Cradily","|-damage|p2a: Cradily|0 fnt","|faint|p2a: Cradily","|","|","|switch|p2a: Terrakion|Terrakion|263/323","|turn|20","|","|move|p2a: Terrakion|Earthquake|p1a: Heatran","|-supereffective|p1a: Heatran","|-damage|p1a: Heatran|0 fnt","|faint|p1a: Heatran","|","|","|switch|p1a: Lucario|Lucario, M|281/281","|turn|21","|","|switch|p2a: Aerodactyl|Aerodactyl, M|301/301","|move|p1a: Lucario|Close Combat|p2a: Aerodactyl","|-damage|p2a: Aerodactyl|21/301","|-unboost|p1a: Lucario|def|1","|-unboost|p1a: Lucario|spd|1","|","|turn|22","|","|detailschange|p2a: Aerodactyl|Aerodactyl-Mega, M","|-mega|p2a: Aerodactyl|Aerodactyl|Aerodactylite","|move|p1a: Lucario|Extreme Speed|p2a: Aerodactyl","|-resisted|p2a: Aerodactyl","|-damage|p2a: Aerodactyl|0 fnt","|faint|p2a: Aerodactyl","|","|","|switch|p2a: Terrakion|Terrakion|263/323","|turn|23","|","|move|p2a: Terrakion|Close Combat|p1a: Lucario","|-supereffective|p1a: Lucario","|-enditem|p1a: Lucario|Focus Sash","|-damage|p1a: Lucario|1/281","|-unboost|p2a: Terrakion|def|1","|-unboost|p2a: Terrakion|spd|1","|move|p1a: Lucario|Close Combat|p2a: Terrakion","|-supereffective|p2a: Terrakion","|-damage|p2a: Terrakion|0 fnt","|-unboost|p1a: Lucario|def|1","|-unboost|p1a: Lucario|spd|1","|faint|p2a: Terrakion","|","|win|Leade✘ Viewz"],"p1rating":{"entryid":"6898543","serverid":"eos","formatid":"monotype","userid":"leadeviewz","username":"Leade✘ Viewz","w":99,"l":"45","t":"0","gxe":70.8,"r":"1665.4081527152","rd":"34.578441122834","sigma":"0","rptime":"1438419600","rpr":1667.2273140931,"rprd":34.160059218586,"rpsigma":"0","acre":1327.5645569099,"lacre":1327.5645569099,"oldacre":"1320.9410488939"},"p2rating":{"entryid":"7320079","serverid":"eos","formatid":"monotype","userid":"vmonocle","username":"V Monocle","w":"1","l":1,"t":"0","gxe":51.3,"r":"1500","rd":"130","sigma":"0","rptime":"1438419600","rpr":1510.3740628619,"rprd":117.16332068328,"rpsigma":"0","acre":1034.7011935872,"lacre":1034.7011935872,"oldacre":"1040"},"endType":"normal"}