{"seed":[9735,28325,47647,15768],"turns":42,"p1":"Seven Swell","p2":"Champion Stormvy","p1team":[{"name":"Mew","species":"Mew","item":"leftovers","ability":"Synchronize","moves":["roost","toxic","healbell","aurasphere"],"nature":"Calm","evs":{"hp":252,"atk":0,"def":0,"spa":4,"spd":252,"spe":0},"ivs":{"hp":31,"atk":31,"def":31,"spa":31,"spd":31,"spe":31}},{"name":"Slowbro","species":"Slowbro","item":"rockyhelmet","ability":"Regenerator","moves":["scald","yawn","flamethrower","slackoff"],"nature":"Bold","evs":{"hp":252,"atk":0,"def":252,"spa":4,"spd":0,"spe":0},"ivs":{"hp":31,"atk":31,"def":31,"spa":31,"spd":31,"spe":31}},{"name":"Deoxys-Speed","species":"Deoxys-Speed","item":"focussash","ability":"Pressure","moves":["stealthrock","spikes","thunderwave","icebeam"],"nature":"Timid","evs":{"hp":252,"atk":0,"def":44,"spa":0,"spd":0,"spe":212},"ivs":{"hp":31,"atk":31,"def":31,"spa":31,"spd":31,"spe":31}},{"name":"Gardevoir","species":"Gardevoir","item":"gardevoirite","ability":"Trace","moves":["hypervoice","psyshock","destinybond","thunderbolt"],"nature":"Timid","evs":{"hp":0,"atk":0,"def":4,"spa":252,"spd":0,"spe":252},"ivs":{"hp":31,"atk":0,"def":31,"spa":31,"spd":31,"spe":31}},{"name":"Latias","species":"Latias","item":"leftovers","ability":"Levitate","moves":["dracometeor","psyshock","roost","defog"],"nature":"Timid","evs":{"hp":252,"atk":0,"def":0,"spa":4,"spd":0,"spe":252},"ivs":{"hp":31,"atk":31,"def":31,"spa":31,"spd":31,"spe":31}},{"name":"Hoopa-Unbound","species":"Hoopa-Unbound","item":"focussash","ability":"Magician","moves":["hyperspacefury","drainpunch","firepunch","gunkshot"],"nature":"Adamant","evs":{"hp":0,"atk":252,"def":0,"spa":0,"spd":4,"spe":252},"ivs":{"hp":31,"atk":31,"def":31,"spa":31,"spd":31,"spe":31}}],"p2team":[{"name":"Djinn","species":"hoopaunbound","item":"choicescarf","ability":"Magician","moves":["hyperspacefury","zenheadbutt","gunkshot","firepunch"],"nature":"Jolly","evs":{"hp":0,"atk":252,"def":4,"spa":0,"spd":0,"spe":252},"ivs":{"hp":31,"atk":31,"def":31,"spa":31,"spd":31,"spe":31}},{"name":"Princess Shuushuu","species":"gardevoir","item":"gardevoirite","ability":"Trace","moves":["hypervoice","focusblast","psyshock","shadowball"],"nature":"Timid","evs":{"hp":0,"atk":0,"def":4,"spa":252,"spd":0,"spe":252},"ivs":{"hp":31,"atk":31,"def":31,"spa":31,"spd":31,"spe":31}},{"name":"Hinata","species":"victini","item":"choicescarf","ability":"Victory Star","moves":["vcreate","boltstrike","zenheadbutt","uturn"],"nature":"Jolly","evs":{"hp":4,"atk":252,"def":0,"spa":0,"spd":0,"spe":252},"ivs":{"hp":31,"atk":31,"def":31,"spa":31,"spd":31,"spe":31}},{"name":"Ruri","species":"meloetta","item":"leftovers","ability":"Serene Grace","moves":["thunderwave","psyshock","hypervoice","focusblast"],"nature":"Modest","evs":{"hp":0,"atk":0,"def":4,"spa":252,"spd":252,"spe":0},"ivs":{"hp":31,"atk":31,"def":31,"spa":31,"spd":31,"spe":31}},{"name":"Kizuna","species":"mew","item":"leftovers","ability":"Synchronize","moves":["stealthrock","defog","willowisp","roost"],"nature":"Careful","evs":{"hp":32,"atk":0,"def":236,"spa":0,"spd":240,"spe":0},"shiny":true,"ivs":{"hp":31,"atk":31,"def":31,"spa":31,"spd":31,"spe":31}},{"name":"Noro","species":"slowbro","item":"leftovers","ability":"Regenerator","moves":["scald","psychic","grassknot","slackoff"],"nature":"Bold","evs":{"hp":0,"atk":0,"def":252,"spa":252,"spd":4,"spe":0},"shiny":true,"ivs":{"hp":31,"atk":31,"def":31,"spa":31,"spd":31,"spe":31}}],"log":["|player|p1|Seven Swell|sevenswell.png","|player|p2|Champion Stormvy|championstormvy.png","|gametype|singles","|gen|6","|tier|Monotype","|rated","|rule|Baton Pass Clause: Limit one Baton Passer, can't pass Spe and other stats simultaneously","|rule|Swagger Clause: Swagger is banned","|rule|Same Type Clause: Pokémon in a team must share a type","|clearpoke","|poke|p1|Mew","|poke|p1|Slowbro, F","|poke|p1|Deoxys-Speed","|poke|p1|Gardevoir, M","|poke|p1|Latias, F","|poke|p1|Hoopa-Unbound","|poke|p2|Hoopa-Unbound","|poke|p2|Gardevoir, F","|poke|p2|Victini","|poke|p2|Meloetta","|poke|p2|Mew, shiny","|poke|p2|Slowbro, M, shiny","|rule|Sleep Clause Mod: Limit one foe put to sleep","|rule|Species Clause: Limit one of each Pokémon","|rule|OHKO Clause: OHKO moves are banned","|rule|Moody Clause: Moody is banned","|rule|Evasion Moves Clause: Evasion moves are banned","|rule|Endless Battle Clause: Forcing endless battles is banned","|rule|HP Percentage Mod: HP is shown in percentages","|teampreview","|","|start","|switch|p1a: Gardevoir|Gardevoir, M|277/277","|switch|p2a: Hinata|Victini|342/342","|-ability|p1a: Gardevoir|Victory Star|[from] ability: Trace|[of] p2a: Hinata","|turn|1","|","|switch|p1a: Slowbro|Slowbro, F|394/394","|move|p2a: Hinata|V-create|p1a: Slowbro","|-resisted|p1a: Slowbro","|-damage|p1a: Slowbro|302/394","|-damage|p2a: Hinata|285/342|[from] item: Rocky Helmet|[of] p1a: Slowbro","|-unboost|p2a: Hinata|def|1","|-unboost|p2a: Hinata|spd|1","|-unboost|p2a: Hinata|spe|1","|","|turn|2","|","|switch|p2a: Ruri|Meloetta|341/341","|move|p1a: Slowbro|Scald|p2a: Ruri","|-crit|p2a: Ruri","|-damage|p2a: Ruri|248/341","|","|-heal|p2a: Ruri|269/341|[from] item: Leftovers","|turn|3","|","|switch|p1a: Hoopa-Unbound|Hoopa-Unbound|301/301","|move|p2a: Ruri|Hyper Voice|p1a: Hoopa-Unbound","|-damage|p1a: Hoopa-Unbound|174/301","|","|-heal|p2a: Ruri|290/341|[from] item: Leftovers","|turn|4","|","|switch|p2a: Djinn|Hoopa-Unbound|301/301","|move|p1a: Hoopa-Unbound|Hyperspace Fury|p2a: Djinn","|-damage|p2a: Djinn|0 fnt","|-unboost|p1a: Hoopa-Unbound|def|1","|faint|p2a: Djinn","|","|","|switch|p2a: Hinata|Victini|285/342","|turn|5","|","|switch|p1a: Slowbro|Slowbro, F|394/394","|move|p2a: Hinata|U-turn|p1a: Slowbro","|-supereffective|p1a: Slowbro","|-damage|p1a: Slowbro|306/394","|-damage|p2a: Hinata|228/342|[from] item: Rocky Helmet|[of] p1a: Slowbro","|","|switch|p2a: Princess Shuushuu|Gardevoir, F|277/277","|-ability|p2a: Princess Shuushuu|Regenerator|[from] ability: Trace|[of] p1a: Slowbro","|","|turn|6","|","|switch|p1a: Mew|Mew|404/404","|detailschange|p2a: Princess Shuushuu|Gardevoir-Mega, F","|-mega|p2a: Princess Shuushuu|Gardevoir|Gardevoirite","|move|p2a: Princess Shuushuu|Shadow Ball|p1a: Mew","|-supereffective|p1a: Mew","|-damage|p1a: Mew|242/404","|","|-heal|p1a: Mew|267/404|[from] item: Leftovers","|turn|7","|","|switch|p2a: Hinata|Victini|228/342","|move|p1a: Mew|Roost|p1a: Mew","|-heal|p1a: Mew|404/404","|","|turn|8","|","|switch|p1a: Slowbro|Slowbro, F|394/394","|move|p2a: Hinata|U-turn|p1a: Slowbro","|-crit|p1a: Slowbro","|-supereffective|p1a: Slowbro","|-damage|p1a: Slowbro|242/394","|-damage|p2a: Hinata|171/342|[from] item: Rocky Helmet|[of] p1a: Slowbro","|","|switch|p2a: Kizuna|Mew, shiny|349/349","|","|turn|9","|","|switch|p1a: Mew|Mew|404/404","|move|p2a: Kizuna|Will-O-Wisp|p1a: Mew","|-status|p1a: Mew|brn","|-status|p2a: Kizuna|brn","|","|-damage|p1a: Mew|354/404 brn|[from] brn","|-damage|p2a: Kizuna|306/349 brn|[from] brn","|turn|10","|","|move|p1a: Mew|Heal Bell|p1a: Mew","|-cureteam|p1a: Mew|[from] move: HealBell","|move|p2a: Kizuna|Stealth Rock|p1a: Mew","|-sidestart|p1: Seven Swell|move: Stealth Rock","|","|-heal|p2a: Kizuna|327/349 brn|[from] item: Leftovers","|-heal|p1a: Mew|379/404|[from] item: Leftovers","|-damage|p2a: Kizuna|284/349 brn|[from] brn","|turn|11","|","|switch|p1a: Gardevoir|Gardevoir, M|277/277","|-damage|p1a: Gardevoir|243/277|[from] Stealth Rock","|-ability|p1a: Gardevoir|Synchronize|[from] ability: Trace|[of] p2a: Kizuna","|switch|p2a: Ruri|Meloetta|290/341","|","|-heal|p2a: Ruri|311/341|[from] item: Leftovers","|turn|12","|","|detailschange|p1a: Gardevoir|Gardevoir-Mega, M","|-mega|p1a: Gardevoir|Gardevoir|Gardevoirite","|move|p1a: Gardevoir|Hyper Voice|p2a: Ruri","|-damage|p2a: Ruri|154/341","|move|p2a: Ruri|Hyper Voice|p1a: Gardevoir","|-damage|p1a: Gardevoir|99/277","|","|-heal|p2a: Ruri|175/341|[from] item: Leftovers","|turn|13","|","|move|p1a: Gardevoir|Destiny Bond|p1a: Gardevoir","|-singlemove|p1a: Gardevoir|Destiny Bond","|move|p2a: Ruri|Hyper Voice|p1a: Gardevoir","|-damage|p1a: Gardevoir|0 fnt","|faint|p1a: Gardevoir","|-activate|p1a: Gardevoir|Destiny Bond","|faint|p2a: Ruri","|","|","|switch|p2a: Hinata|Victini|171/342","|switch|p1a: Hoopa-Unbound|Hoopa-Unbound|174/301","|-damage|p1a: Hoopa-Unbound|137/301|[from] Stealth Rock","|turn|14","|","|switch|p1a: Slowbro|Slowbro, F|373/394","|-damage|p1a: Slowbro|324/394|[from] Stealth Rock","|move|p2a: Hinata|U-turn|p1a: Slowbro","|-supereffective|p1a: Slowbro","|-damage|p1a: Slowbro|222/394","|-damage|p2a: Hinata|114/342|[from] item: Rocky Helmet|[of] p1a: Slowbro","|","|switch|p2a: Princess Shuushuu|Gardevoir-Mega, F|277/277","|","|turn|15","|","|switch|p1a: Latias|Latias, F|364/364","|-damage|p1a: Latias|319/364|[from] Stealth Rock","|move|p2a: Princess Shuushuu|Hyper Voice|p1a: Latias","|-supereffective|p1a: Latias","|-damage|p1a: Latias|0 fnt","|faint|p1a: Latias","|","|","|switch|p1a: Deoxys-Speed|Deoxys-Speed|304/304","|-damage|p1a: Deoxys-Speed|266/304|[from] Stealth Rock","|-ability|p1a: Deoxys-Speed|Pressure","|turn|16","|","|move|p1a: Deoxys-Speed|Thunder Wave|p2a: Princess Shuushuu","|-status|p2a: Princess Shuushuu|par","|move|p2a: Princess Shuushuu|Shadow Ball|p1a: Deoxys-Speed","|-supereffective|p1a: Deoxys-Speed","|-damage|p1a: Deoxys-Speed|6/304","|-unboost|p1a: Deoxys-Speed|spd|1","|","|turn|17","|","|move|p1a: Deoxys-Speed|Stealth Rock|p2a: Princess Shuushuu","|-sidestart|p2: Champion Stormvy|move: Stealth Rock","|move|p2a: Princess Shuushuu|Shadow Ball|p1a: Deoxys-Speed","|-supereffective|p1a: Deoxys-Speed","|-damage|p1a: Deoxys-Speed|0 fnt","|faint|p1a: Deoxys-Speed","|","|","|switch|p1a: Hoopa-Unbound|Hoopa-Unbound|137/301","|-damage|p1a: Hoopa-Unbound|100/301|[from] Stealth Rock","|turn|18","|","|switch|p2a: Kizuna|Mew, shiny|284/349 brn","|-damage|p2a: Kizuna|241/349 brn|[from] Stealth Rock","|move|p1a: Hoopa-Unbound|Gunk Shot|p2a: Kizuna","|-damage|p2a: Kizuna|102/349 brn","|","|-heal|p2a: Kizuna|123/349 brn|[from] item: Leftovers","|-damage|p2a: Kizuna|80/349 brn|[from] brn","|turn|19","|","|switch|p1a: Mew|Mew|379/404","|-damage|p1a: Mew|329/404|[from] Stealth Rock","|move|p2a: Kizuna|Roost|p2a: Kizuna","|-heal|p2a: Kizuna|255/349 brn","|","|-heal|p1a: Mew|354/404|[from] item: Leftovers","|-heal|p2a: Kizuna|276/349 brn|[from] item: Leftovers","|-damage|p2a: Kizuna|233/349 brn|[from] brn","|turn|20","|","|move|p1a: Mew|Aura Sphere|p2a: Kizuna","|-resisted|p2a: Kizuna","|-damage|p2a: Kizuna|211/349 brn","|move|p2a: Kizuna|Defog|p1a: Mew","|-unboost|p1a: Mew|evasion|1","|-sideend|p1: Seven Swell|Stealth Rock|[from] move: Defog|[of] p1a: Mew","|-sideend|p2: Champion Stormvy|Stealth Rock|[from] move: Defog|[of] p2a: Kizuna","|","|-heal|p1a: Mew|379/404|[from] item: Leftovers","|-heal|p2a: Kizuna|232/349 brn|[from] item: Leftovers","|-damage|p2a: Kizuna|189/349 brn|[from] brn","|turn|21","|","|move|p2a: Kizuna|Will-O-Wisp|p1a: Mew","|-status|p1a: Mew|brn","|move|p1a: Mew|Roost|p1a: Mew","|-heal|p1a: Mew|404/404 brn","|","|-heal|p2a: Kizuna|210/349 brn|[from] item: Leftovers","|-damage|p1a: Mew|354/404 brn|[from] brn","|-damage|p2a: Kizuna|167/349 brn|[from] brn","|turn|22","|","|move|p2a: Kizuna|Roost|p2a: Kizuna","|-heal|p2a: Kizuna|342/349 brn","|move|p1a: Mew|Heal Bell|p1a: Mew","|-cureteam|p1a: Mew|[from] move: HealBell","|","|-heal|p1a: Mew|379/404|[from] item: Leftovers","|-heal|p2a: Kizuna|349/349 brn|[from] item: Leftovers","|-damage|p2a: Kizuna|306/349 brn|[from] brn","|turn|23","|","|switch|p1a: Hoopa-Unbound|Hoopa-Unbound|100/301","|move|p2a: Kizuna|Stealth Rock|p1a: Hoopa-Unbound","|-sidestart|p1: Seven Swell|move: Stealth Rock","|","|-heal|p2a: Kizuna|327/349 brn|[from] item: Leftovers","|-damage|p2a: Kizuna|284/349 brn|[from] brn","|turn|24","|","|switch|p2a: Noro|Slowbro, M, shiny|331/331","|move|p1a: Hoopa-Unbound|Hyperspace Fury|p2a: Noro","|-supereffective|p2a: Noro","|-damage|p2a: Noro|19/331","|-unboost|p1a: Hoopa-Unbound|def|1","|","|-heal|p2a: Noro|39/331|[from] item: Leftovers","|turn|25","|","|move|p1a: Hoopa-Unbound|Hyperspace Fury|p2a: Noro","|-supereffective|p2a: Noro","|-damage|p2a: Noro|0 fnt","|-unboost|p1a: Hoopa-Unbound|def|1","|faint|p2a: Noro","|","|","|switch|p2a: Hinata|Victini|114/342","|turn|26","|","|switch|p1a: Slowbro|Slowbro, F|353/394","|-damage|p1a: Slowbro|304/394|[from] Stealth Rock","|move|p2a: Hinata|Bolt Strike|p1a: Slowbro","|-supereffective|p1a: Slowbro","|-damage|p1a: Slowbro|142/394","|-damage|p2a: Hinata|57/342|[from] item: Rocky Helmet|[of] p1a: Slowbro","|-status|p1a: Slowbro|par","|","|turn|27","|","|switch|p1a: Mew|Mew|379/404","|-damage|p1a: Mew|329/404|[from] Stealth Rock","|move|p2a: Hinata|Bolt Strike|p1a: Mew","|-damage|p1a: Mew|199/404","|","|-heal|p1a: Mew|224/404|[from] item: Leftovers","|turn|28","|","|switch|p2a: Princess Shuushuu|Gardevoir-Mega, F|277/277 par","|move|p1a: Mew|Aura Sphere|p2a: Princess Shuushuu","|-resisted|p2a: Princess Shuushuu","|-damage|p2a: Princess Shuushuu|264/277 par","|","|-heal|p1a: Mew|249/404|[from] item: Leftovers","|turn|29","|","|move|p1a: Mew|Roost|p1a: Mew","|-heal|p1a: Mew|404/404","|move|p2a: Princess Shuushuu|Hyper Voice|p1a: Mew","|-damage|p1a: Mew|218/404","|","|-heal|p1a: Mew|243/404|[from] item: Leftovers","|turn|30","|","|move|p1a: Mew|Aura Sphere|p2a: Princess Shuushuu","|-resisted|p2a: Princess Shuushuu","|-damage|p2a: Princess Shuushuu|253/277 par","|move|p2a: Princess Shuushuu|Hyper Voice|p1a: Mew","|-damage|p1a: Mew|63/404","|","|-heal|p1a: Mew|88/404|[from] item: Leftovers","|turn|31","|","|move|p1a: Mew|Roost|p1a: Mew","|-heal|p1a: Mew|290/404","|move|p2a: Princess Shuushuu|Shadow Ball|p1a: Mew","|-supereffective|p1a: Mew","|-damage|p1a: Mew|120/404","|","|-heal|p1a: Mew|145/404|[from] item: Leftovers","|turn|32","|","|move|p1a: Mew|Roost|p1a: Mew","|-heal|p1a: Mew|347/404","|move|p2a: Princess Shuushuu|Shadow Ball|p1a: Mew","|-supereffective|p1a: Mew","|-damage|p1a: Mew|179/404","|","|-heal|p1a: Mew|204/404|[from] item: Leftovers","|turn|33","|","|move|p1a: Mew|Aura Sphere|p2a: Princess Shuushuu","|-crit|p2a: Princess Shuushuu","|-resisted|p2a: Princess Shuushuu","|-damage|p2a: Princess Shuushuu|236/277 par","|move|p2a: Princess Shuushuu|Hyper Voice|p1a: Mew","|-damage|p1a: Mew|33/404","|","|-heal|p1a: Mew|58/404|[from] item: Leftovers","|turn|34","|","|move|p1a: Mew|Roost|p1a: Mew","|-heal|p1a: Mew|260/404","|move|p2a: Princess Shuushuu|Hyper Voice|p1a: Mew","|-damage|p1a: Mew|77/404","|","|-heal|p1a: Mew|102/404|[from] item: Leftovers","|turn|35","|","|move|p1a: Mew|Roost|p1a: Mew","|-heal|p1a: Mew|304/404","|move|p2a: Princess Shuushuu|Shadow Ball|p1a: Mew","|-supereffective|p1a: Mew","|-damage|p1a: Mew|150/404","|","|-heal|p1a: Mew|175/404|[from] item: Leftovers","|turn|36","|","|move|p1a: Mew|Roost|p1a: Mew","|-heal|p1a: Mew|377/404","|move|p2a: Princess Shuushuu|Hyper Voice|p1a: Mew","|-damage|p1a: Mew|200/404","|","|-heal|p1a: Mew|225/404|[from] item: Leftovers","|turn|37","|","|move|p1a: Mew|Roost|p1a: Mew","|-heal|p1a: Mew|404/404","|cant|p2a: Princess Shuushuu|par","|","|turn|38","|","|move|p1a: Mew|Aura Sphere|p2a: Princess Shuushuu","|-resisted|p2a: Princess Shuushuu","|-damage|p2a: Princess Shuushuu|223/277 par","|move|p2a: Princess Shuushuu|Shadow Ball|p1a: Mew","|-supereffective|p1a: Mew","|-damage|p1a: Mew|244/404","|","|-heal|p1a: Mew|269/404|[from] item: Leftovers","|turn|39","|","|move|p1a: Mew|Roost|p1a: Mew","|-heal|p1a: Mew|404/404","|cant|p2a: Princess Shuushuu|par","|","|turn|40","|","|move|p1a: Mew|Aura Sphere|p2a: Princess Shuushuu","|-resisted|p2a: Princess Shuushuu","|-damage|p2a: Princess Shuushuu|212/277 par","|move|p2a: Princess Shuushuu|Hyper Voice|p1a: Mew","|-damage|p1a: Mew|212/404","|","|-heal|p1a: Mew|237/404|[from] item: Leftovers","|turn|41","|","|move|p1a: Mew|Roost|p1a: Mew","|-heal|p1a: Mew|404/404","|move|p2a: Princess Shuushuu|Shadow Ball|p1a: Mew","|-supereffective|p1a: Mew","|-damage|p1a: Mew|238/404","|","|-heal|p1a: Mew|263/404|[from] item: Leftovers","|turn|42","|","|switch|p1a: Hoopa-Unbound|Hoopa-Unbound|100/301","|-damage|p1a: Hoopa-Unbound|63/301|[from] Stealth Rock","|move|p2a: Princess Shuushuu|Shadow Ball|p1a: Hoopa-Unbound","|-damage|p1a: Hoopa-Unbound|0 fnt","|faint|p1a: Hoopa-Unbound","|","|","|win|Champion Stormvy"],"p1rating":{"entryid":"7267988","serverid":"eos","formatid":"monotype","userid":"sevenswell","username":"Seven Swell","w":"22","l":13,"t":"0","gxe":62.9,"r":"1567.1915192808","rd":"73.69736110994","sigma":"0","rptime":"1438419600","rpr":1600.8916943325,"rprd":57.453803192705,"rpsigma":"0","acre":1205.742374711,"lacre":1205.742374711,"oldacre":"1239.8963043958"},"p2rating":{"entryid":"6626924","serverid":"eos","formatid":"monotype","userid":"championstormvy","username":"Champion Stormvy","w":7,"l":"5","t":"0","gxe":58.3,"r":"1540.5303390788","rd":"106.83113664422","sigma":"0","rptime":"1438419600","rpr":1564.8994028736,"rprd":84.576873225814,"rpsigma":"0","acre":1140.6425935839,"lacre":1140.6425935839,"oldacre":"1106.4886638991"},"endType":"forfeit"}