{"seed":[57880,33737,60723,10769],"turns":21,"p1":"Guard Wanderer","p2":"Alliance ♋ akaFila","p1team":[{"name":"Weezing","species":"Weezing","item":"sitrusberry","ability":"Levitate","moves":["toxicspikes","willowisp","memento","thief"],"nature":"Careful","evs":{"hp":248,"atk":8,"def":0,"spa":0,"spd":252,"spe":0},"ivs":{"hp":31,"atk":31,"def":31,"spa":31,"spd":31,"spe":31}},{"name":"Tentacruel","species":"Tentacruel","item":"assaultvest","ability":"Liquid Ooze","moves":["scald","acidspray","gigadrain","hex"],"nature":"Timid","evs":{"hp":0,"atk":0,"def":4,"spa":252,"spd":0,"spe":252},"ivs":{"hp":31,"atk":31,"def":31,"spa":31,"spd":31,"spe":31}},{"name":"Skuntank","species":"Skuntank","item":"","ability":"Stench","moves":["snatch","thief","suckerpunch","poisonjab"],"nature":"Adamant","evs":{"hp":248,"atk":252,"def":0,"spa":0,"spd":8,"spe":0},"ivs":{"hp":31,"atk":31,"def":31,"spa":31,"spd":31,"spe":31}},{"name":"Crobat","species":"Crobat","item":"whiteherb","ability":"Infiltrator","moves":["curse","acrobatics","roost","superfang"],"nature":"Jolly","evs":{"hp":248,"atk":8,"def":0,"spa":0,"spd":0,"spe":252},"ivs":{"hp":31,"atk":31,"def":31,"spa":31,"spd":31,"spe":31}},{"name":"Gengar","species":"Gengar","item":"choicescarf","ability":"Levitate","moves":["trick","destinybond","venoshock","hex"],"nature":"Timid","evs":{"hp":0,"atk":0,"def":0,"spa":252,"spd":4,"spe":252},"ivs":{"hp":31,"atk":31,"def":31,"spa":31,"spd":31,"spe":31}},{"name":"Amoonguss","species":"Amoonguss","item":"blacksludge","ability":"Regenerator","moves":["spore","gigadrain","gastroacid","stunspore"],"nature":"Calm","evs":{"hp":248,"atk":0,"def":0,"spa":8,"spd":252,"spe":0},"shiny":true,"ivs":{"hp":31,"atk":31,"def":31,"spa":31,"spd":31,"spe":31}}],"p2team":[{"name":"Hoopa-Unbound","species":"Hoopa-Unbound","item":"choiceband","ability":"Magician","moves":["hyperspacefury","facade","icepunch","drainpunch"],"nature":"Adamant","evs":{"hp":248,"atk":252,"def":0,"spa":0,"spd":8,"spe":0},"ivs":{"hp":31,"atk":31,"def":31,"spa":31,"spd":31,"spe":31}},{"name":"Sharpedo","species":"Sharpedo","item":"lifeorb","ability":"Speed Boost","moves":["hydropump","darkpulse","destinybond","protect"],"nature":"Modest","evs":{"hp":0,"atk":0,"def":0,"spa":252,"spd":4,"spe":252},"ivs":{"hp":31,"atk":31,"def":31,"spa":31,"spd":31,"spe":31}},{"name":"Pangoro","species":"Pangoro","item":"choicescarf","ability":"Iron Fist","moves":["drainpunch","knockoff","earthquake","partingshot"],"nature":"Jolly","evs":{"hp":0,"atk":252,"def":0,"spa":0,"spd":4,"spe":252},"ivs":{"hp":31,"atk":31,"def":31,"spa":31,"spd":31,"spe":31}},{"name":"Mandibuzz","species":"Mandibuzz","item":"rockyhelmet","ability":"Overcoat","moves":["foulplay","toxic","roost","defog"],"nature":"Bold","evs":{"hp":248,"atk":0,"def":252,"spa":0,"spd":8,"spe":0},"ivs":{"hp":31,"atk":31,"def":31,"spa":31,"spd":31,"spe":31}},{"name":"Tyranitar","species":"Tyranitar","item":"assaultvest","ability":"Sand Stream","moves":["crunch","earthquake","stoneedge","fireblast"],"nature":"Sassy","evs":{"hp":252,"atk":0,"def":6,"spa":0,"spd":252,"spe":0},"ivs":{"hp":31,"atk":31,"def":31,"spa":31,"spd":31,"spe":31}},{"name":"Bisharp","species":"Bisharp","item":"focussash","ability":"Defiant","moves":["swordsdance","knockoff","ironhead","suckerpunch"],"nature":"Adamant","evs":{"hp":248,"atk":252,"def":0,"spa":0,"spd":8,"spe":0},"ivs":{"hp":31,"atk":31,"def":31,"spa":31,"spd":31,"spe":31}}],"log":["|player|p1|Guard Wanderer|235","|player|p2|Alliance ♋ akaFila|allianceakafila.gif","|gametype|singles","|gen|6","|tier|Monotype","|rated","|rule|Baton Pass Clause: Limit one Baton Passer, can't pass Spe and other stats simultaneously","|rule|Swagger Clause: Swagger is banned","|rule|Same Type Clause: Pokémon in a team must share a type","|clearpoke","|poke|p1|Weezing, F","|poke|p1|Tentacruel, F","|poke|p1|Skuntank, M","|poke|p1|Crobat, F","|poke|p1|Gengar, F","|poke|p1|Amoonguss, F, shiny","|poke|p2|Hoopa-Unbound","|poke|p2|Sharpedo, M","|poke|p2|Pangoro, F","|poke|p2|Mandibuzz, F","|poke|p2|Tyranitar, F","|poke|p2|Bisharp, F","|rule|Sleep Clause Mod: Limit one foe put to sleep","|rule|Species Clause: Limit one of each Pokémon","|rule|OHKO Clause: OHKO moves are banned","|rule|Moody Clause: Moody is banned","|rule|Evasion Moves Clause: Evasion moves are banned","|rule|Endless Battle Clause: Forcing endless battles is banned","|rule|HP Percentage Mod: HP is shown in percentages","|teampreview","|","|start","|switch|p1a: Weezing|Weezing, F|333/333","|switch|p2a: Sharpedo|Sharpedo, M|281/281","|turn|1","|","|move|p2a: Sharpedo|Hydro Pump|p1a: Weezing","|-damage|p1a: Weezing|117/333","|-damage|p2a: Sharpedo|253/281|[from] item: Life Orb","|-enditem|p1a: Weezing|Sitrus Berry|[eat]","|-heal|p1a: Weezing|200/333|[from] item: Sitrus Berry","|move|p1a: Weezing|Toxic Spikes|p2a: Sharpedo","|-sidestart|p2: Alliance ♋ akaFila|move: Toxic Spikes","|","|-boost|p2a: Sharpedo|spe|1|[from] ability: Speed Boost","|turn|2","|","|switch|p1a: Tentacruel|Tentacruel, F|301/301","|move|p2a: Sharpedo|Hydro Pump|p1a: Tentacruel","|-resisted|p1a: Tentacruel","|-damage|p1a: Tentacruel|236/301","|-damage|p2a: Sharpedo|225/281|[from] item: Life Orb","|","|-boost|p2a: Sharpedo|spe|1|[from] ability: Speed Boost","|turn|3","|","|switch|p2a: Tyranitar|Tyranitar, F|404/404","|-status|p2a: Tyranitar|psn","|-weather|Sandstorm","|move|p1a: Tentacruel|Giga Drain|p2a: Tyranitar","|-supereffective|p2a: Tyranitar","|-damage|p2a: Tyranitar|362/404 psn","|-heal|p1a: Tentacruel|257/301|[from] drain|[of] p2a: Tyranitar","|","|-weather|Sandstorm|[upkeep]","|-damage|p1a: Tentacruel|239/301|[from] sandstorm","|-damage|p2a: Tyranitar|312/404 psn|[from] psn","|turn|4","|","|switch|p1a: Weezing|Weezing, F|200/333","|move|p2a: Tyranitar|Crunch|p1a: Weezing","|-crit|p1a: Weezing","|-damage|p1a: Weezing|38/333","|","|-weather|Sandstorm|[upkeep]","|-damage|p1a: Weezing|18/333|[from] sandstorm","|-damage|p2a: Tyranitar|262/404 psn|[from] psn","|turn|5","|","|switch|p1a: Crobat|Crobat, F|373/373","|move|p2a: Tyranitar|Crunch|p1a: Crobat","|-damage|p1a: Crobat|220/373","|","|-weather|Sandstorm|[upkeep]","|-damage|p1a: Crobat|197/373|[from] sandstorm","|-damage|p2a: Tyranitar|212/404 psn|[from] psn","|turn|6","|","|switch|p2a: Mandibuzz|Mandibuzz, F|423/423","|move|p1a: Crobat|Curse|p1a: Crobat","|-boost|p1a: Crobat|atk|1","|-boost|p1a: Crobat|def|1","|-unboost|p1a: Crobat|spe|1","|-enditem|p1a: Crobat|White Herb","|-restoreboost|p1a: Crobat|[silent]","|","|-weather|Sandstorm|[upkeep]","|-damage|p1a: Crobat|174/373|[from] sandstorm","|turn|7","|","|move|p1a: Crobat|Super Fang|p2a: Mandibuzz","|-damage|p2a: Mandibuzz|212/423","|-damage|p1a: Crobat|112/373|[from] item: Rocky Helmet|[of] p2a: Mandibuzz","|move|p2a: Mandibuzz|Foul Play|p1a: Crobat","|-damage|p1a: Crobat|0 fnt","|faint|p1a: Crobat","|","|-weather|none","|","|switch|p1a: Skuntank|Skuntank, M|409/409","|turn|8","|","|move|p1a: Skuntank|Poison Jab|p2a: Mandibuzz","|-damage|p2a: Mandibuzz|122/423","|-damage|p1a: Skuntank|341/409|[from] item: Rocky Helmet|[of] p2a: Mandibuzz","|-status|p2a: Mandibuzz|psn","|move|p2a: Mandibuzz|Roost|p2a: Mandibuzz","|-heal|p2a: Mandibuzz|334/423 psn","|","|-damage|p2a: Mandibuzz|282/423 psn|[from] psn","|turn|9","|","|move|p1a: Skuntank|Thief|p2a: Mandibuzz","|-resisted|p2a: Mandibuzz","|-damage|p2a: Mandibuzz|250/423 psn","|-damage|p1a: Skuntank|273/409|[from] item: Rocky Helmet|[of] p2a: Mandibuzz","|-item|p1a: Skuntank|Rocky Helmet|[from] move: Thief|[of] p2a: Mandibuzz","|move|p2a: Mandibuzz|Defog|p1a: Skuntank","|-unboost|p1a: Skuntank|evasion|1","|-sideend|p2: Alliance ♋ akaFila|Toxic Spikes|[from] move: Defog|[of] p2a: Mandibuzz","|","|-damage|p2a: Mandibuzz|198/423 psn|[from] psn","|turn|10","|","|move|p1a: Skuntank|Snatch|p1a: Skuntank","|-singleturn|p1a: Skuntank|Snatch","|move|p2a: Mandibuzz|Foul Play|p1a: Skuntank","|-crit|p1a: Skuntank","|-resisted|p1a: Skuntank","|-damage|p1a: Skuntank|119/409","|-damage|p2a: Mandibuzz|128/423 psn|[from] item: Rocky Helmet|[of] p1a: Skuntank","|","|-damage|p2a: Mandibuzz|76/423 psn|[from] psn","|turn|11","|","|move|p1a: Skuntank|Snatch|p1a: Skuntank","|-singleturn|p1a: Skuntank|Snatch","|move|p2a: Mandibuzz|Foul Play|p1a: Skuntank","|-resisted|p1a: Skuntank","|-damage|p1a: Skuntank|21/409","|-damage|p2a: Mandibuzz|6/423 psn|[from] item: Rocky Helmet|[of] p1a: Skuntank","|","|-damage|p2a: Mandibuzz|0 fnt|[from] psn","|faint|p2a: Mandibuzz","|","|switch|p2a: Pangoro|Pangoro, F|331/331","|turn|12","|","|switch|p1a: Amoonguss|Amoonguss, F, shiny|431/431","|move|p2a: Pangoro|Knock Off|p1a: Amoonguss","|-damage|p1a: Amoonguss|202/431","|-enditem|p1a: Amoonguss|Black Sludge|[from] move: Knock Off|[of] p2a: Pangoro","|","|turn|13","|","|switch|p2a: Tyranitar|Tyranitar, F|212/404 psn","|-weather|Sandstorm","|move|p1a: Amoonguss|Spore|p2a: Tyranitar","|-fail|p2a: Tyranitar","|","|-weather|Sandstorm|[upkeep]","|-damage|p1a: Amoonguss|176/431|[from] sandstorm","|-damage|p2a: Tyranitar|162/404 psn|[from] psn","|turn|14","|","|move|p2a: Tyranitar|Earthquake|p1a: Amoonguss","|-damage|p1a: Amoonguss|41/431","|move|p1a: Amoonguss|Giga Drain|p2a: Tyranitar","|-supereffective|p2a: Tyranitar","|-damage|p2a: Tyranitar|114/404 psn","|-heal|p1a: Amoonguss|65/431|[from] drain|[of] p2a: Tyranitar","|","|-weather|Sandstorm|[upkeep]","|-damage|p1a: Amoonguss|39/431|[from] sandstorm","|-damage|p2a: Tyranitar|64/404 psn|[from] psn","|turn|15","|","|switch|p1a: Gengar|Gengar, F|261/261","|move|p2a: Tyranitar|Crunch|p1a: Gengar","|-supereffective|p1a: Gengar","|-damage|p1a: Gengar|0 fnt","|faint|p1a: Gengar","|","|-weather|Sandstorm|[upkeep]","|-damage|p2a: Tyranitar|14/404 psn|[from] psn","|","|switch|p1a: Tentacruel|Tentacruel, F|239/301","|turn|16","|","|move|p1a: Tentacruel|Scald|p2a: Tyranitar","|-supereffective|p2a: Tyranitar","|-damage|p2a: Tyranitar|0 fnt","|faint|p2a: Tyranitar","|","|-weather|Sandstorm|[upkeep]","|-damage|p1a: Tentacruel|221/301|[from] sandstorm","|","|switch|p2a: Pangoro|Pangoro, F|331/331","|turn|17","|","|switch|p1a: Skuntank|Skuntank, M|21/409","|move|p2a: Pangoro|Earthquake|p1a: Skuntank","|-supereffective|p1a: Skuntank","|-damage|p1a: Skuntank|0 fnt","|faint|p1a: Skuntank","|","|-weather|none","|","|switch|p1a: Weezing|Weezing, F|18/333","|turn|18","|","|switch|p2a: Hoopa-Unbound|Hoopa-Unbound|363/363","|move|p1a: Weezing|Toxic Spikes|p2a: Hoopa-Unbound","|-sidestart|p2: Alliance ♋ akaFila|move: Toxic Spikes","|","|turn|19","|","|move|p2a: Hoopa-Unbound|Hyperspace Fury|p1a: Weezing","|-damage|p1a: Weezing|0 fnt","|-unboost|p2a: Hoopa-Unbound|def|1","|faint|p1a: Weezing","|","|","|switch|p1a: Tentacruel|Tentacruel, F|221/301","|turn|20","|","|move|p1a: Tentacruel|Scald|p2a: Hoopa-Unbound","|-damage|p2a: Hoopa-Unbound|273/363","|move|p2a: Hoopa-Unbound|Hyperspace Fury|p1a: Tentacruel","|-damage|p1a: Tentacruel|0 fnt","|-unboost|p2a: Hoopa-Unbound|def|1","|faint|p1a: Tentacruel","|","|","|switch|p1a: Amoonguss|Amoonguss, F, shiny|182/431","|turn|21","|","|move|p2a: Hoopa-Unbound|Hyperspace Fury|p1a: Amoonguss","|-damage|p1a: Amoonguss|0 fnt","|-unboost|p2a: Hoopa-Unbound|def|1","|faint|p1a: Amoonguss","|","|win|Alliance ♋ akaFila"],"p1rating":{"entryid":"6731189","serverid":"eos","formatid":"monotype","userid":"guardwanderer","username":"Guard Wanderer","w":"72","l":103,"t":"0","gxe":39.1,"r":"1419.3229163761","rd":"31.120178144835","sigma":"0","rptime":"1438419600","rpr":1416.600984369,"rprd":29.723108086368,"rpsigma":"0","acre":1037.86070801,"lacre":1037.86070801,"oldacre":"1047.3394237778"},"p2rating":{"entryid":"6670496","serverid":"eos","formatid":"monotype","userid":"allianceakafila","username":"Alliance ♋ akaFila","w":14,"l":"17","t":"0","gxe":44.3,"r":"1445.7062702929","rd":"64.367365225347","sigma":"0","rptime":"1438419600","rpr":1456.31968595,"rprd":63.306443916574,"rpsigma":"0","acre":1227.7379048966,"lacre":1227.7379048966,"oldacre":"1213.8808736175"},"endType":"normal"}