{"seed":[52249,27388,42596,58808],"turns":28,"p1":"Wаrden Arguѕ","p2":"Seven Swell","p1team":[{"name":"Sableye","species":"Sableye","item":"leftovers","ability":"Prankster","moves":["knockoff","willowisp","recover","taunt"],"nature":"Bold","evs":{"hp":228,"atk":0,"def":252,"spa":0,"spd":0,"spe":28},"gender":"M","ivs":{"hp":31,"atk":0,"def":31,"spa":31,"spd":31,"spe":31}},{"name":"Aegislash","species":"Aegislash","item":"weaknesspolicy","ability":"Stance Change","moves":["kingsshield","sacredsword","shadowball","shadowsneak"],"nature":"Lonely","evs":{"hp":0,"atk":252,"def":0,"spa":240,"spd":0,"spe":16},"gender":"M","shiny":true,"ivs":{"hp":31,"atk":31,"def":31,"spa":31,"spd":31,"spe":31}},{"name":"Jellicent","species":"Jellicent","item":"leftovers","ability":"Cursed Body","moves":["toxic","scald","recover","acidarmor"],"nature":"Calm","evs":{"hp":252,"atk":0,"def":0,"spa":0,"spd":252,"spe":4},"gender":"M","ivs":{"hp":31,"atk":0,"def":31,"spa":31,"spd":31,"spe":31},"shiny":true},{"name":"Golurk","species":"Golurk","item":"focussash","ability":"No Guard","moves":["stealthrock","stoneedge","dynamicpunch","curse"],"nature":"Adamant","evs":{"hp":0,"atk":252,"def":0,"spa":0,"spd":4,"spe":252},"shiny":true,"ivs":{"hp":31,"atk":31,"def":31,"spa":31,"spd":31,"spe":31}},{"name":"Chandelure","species":"Chandelure","item":"choicescarf","ability":"Infiltrator","moves":["flamethrower","shadowball","energyball","trick"],"nature":"Modest","evs":{"hp":0,"atk":0,"def":0,"spa":252,"spd":4,"spe":252},"gender":"F","ivs":{"hp":31,"atk":0,"def":31,"spa":31,"spd":31,"spe":31}},{"name":"Gengar","species":"Gengar","item":"focussash","ability":"Levitate","moves":["destinybond","sludgebomb","shadowball","energyball"],"nature":"Timid","evs":{"hp":0,"atk":0,"def":0,"spa":252,"spd":4,"spe":252},"gender":"F","ivs":{"hp":31,"atk":0,"def":31,"spa":31,"spd":31,"spe":31},"shiny":true}],"p2team":[{"name":"Mew","species":"Mew","item":"leftovers","ability":"Synchronize","moves":["roost","toxic","healbell","aurasphere"],"nature":"Calm","evs":{"hp":252,"atk":0,"def":0,"spa":4,"spd":252,"spe":0},"ivs":{"hp":31,"atk":31,"def":31,"spa":31,"spd":31,"spe":31}},{"name":"Slowbro","species":"Slowbro","item":"rockyhelmet","ability":"Regenerator","moves":["scald","yawn","flamethrower","slackoff"],"nature":"Bold","evs":{"hp":252,"atk":0,"def":252,"spa":4,"spd":0,"spe":0},"ivs":{"hp":31,"atk":31,"def":31,"spa":31,"spd":31,"spe":31}},{"name":"Deoxys-Speed","species":"Deoxys-Speed","item":"focussash","ability":"Pressure","moves":["stealthrock","spikes","thunderwave","icebeam"],"nature":"Timid","evs":{"hp":252,"atk":0,"def":44,"spa":0,"spd":0,"spe":212},"ivs":{"hp":31,"atk":31,"def":31,"spa":31,"spd":31,"spe":31}},{"name":"Gardevoir","species":"Gardevoir","item":"gardevoirite","ability":"Trace","moves":["hypervoice","psyshock","destinybond","thunderbolt"],"nature":"Timid","evs":{"hp":0,"atk":0,"def":4,"spa":252,"spd":0,"spe":252},"ivs":{"hp":31,"atk":0,"def":31,"spa":31,"spd":31,"spe":31}},{"name":"Latias","species":"Latias","item":"leftovers","ability":"Levitate","moves":["dracometeor","psyshock","roost","defog"],"nature":"Timid","evs":{"hp":252,"atk":0,"def":0,"spa":4,"spd":0,"spe":252},"ivs":{"hp":31,"atk":31,"def":31,"spa":31,"spd":31,"spe":31}},{"name":"Hoopa-Unbound","species":"Hoopa-Unbound","item":"focussash","ability":"Magician","moves":["hyperspacefury","drainpunch","firepunch","gunkshot"],"nature":"Adamant","evs":{"hp":0,"atk":252,"def":0,"spa":0,"spd":4,"spe":252},"ivs":{"hp":31,"atk":31,"def":31,"spa":31,"spd":31,"spe":31}}],"log":["|player|p1|Wаrden Arguѕ|argus2spooky.png","|player|p2|Seven Swell|sevenswell.png","|gametype|singles","|gen|6","|tier|Monotype","|rated","|rule|Baton Pass Clause: Limit one Baton Passer, can't pass Spe and other stats simultaneously","|rule|Swagger Clause: Swagger is banned","|rule|Same Type Clause: Pokémon in a team must share a type","|clearpoke","|poke|p1|Sableye, M","|poke|p1|Aegislash, M, shiny","|poke|p1|Jellicent, M, shiny","|poke|p1|Golurk, shiny","|poke|p1|Chandelure, F","|poke|p1|Gengar, F, shiny","|poke|p2|Mew","|poke|p2|Slowbro, M","|poke|p2|Deoxys-Speed","|poke|p2|Gardevoir, F","|poke|p2|Latias, F","|poke|p2|Hoopa-Unbound","|rule|Sleep Clause Mod: Limit one foe put to sleep","|rule|Species Clause: Limit one of each Pokémon","|rule|OHKO Clause: OHKO moves are banned","|rule|Moody Clause: Moody is banned","|rule|Evasion Moves Clause: Evasion moves are banned","|rule|Endless Battle Clause: Forcing endless battles is banned","|rule|HP Percentage Mod: HP is shown in percentages","|teampreview","|","|start","|switch|p1a: Aegislash|Aegislash, M, shiny|261/261","|switch|p2a: Mew|Mew|404/404","|turn|1","|","|switch|p2a: Slowbro|Slowbro, M|394/394","|switch|p1a: Chandelure|Chandelure, F|261/261","|","|turn|2","|","|move|p1a: Chandelure|Shadow Ball|p2a: Slowbro","|-supereffective|p2a: Slowbro","|-damage|p2a: Slowbro|10/394","|-unboost|p2a: Slowbro|spd|1","|move|p2a: Slowbro|Scald|p1a: Chandelure","|-supereffective|p1a: Chandelure","|-damage|p1a: Chandelure|55/261","|","|turn|3","|","|switch|p2a: Mew|Mew|404/404","|move|p1a: Chandelure|Shadow Ball|p2a: Mew","|-supereffective|p2a: Mew","|-damage|p2a: Mew|164/404","|-unboost|p2a: Mew|spd|1","|","|-heal|p2a: Mew|189/404|[from] item: Leftovers","|turn|4","|","|move|p1a: Chandelure|Shadow Ball|p2a: Mew","|-supereffective|p2a: Mew","|-damage|p2a: Mew|0 fnt","|faint|p2a: Mew","|","|","|switch|p2a: Latias|Latias, F|364/364","|turn|5","|","|move|p1a: Chandelure|Shadow Ball|p2a: Latias","|-supereffective|p2a: Latias","|-damage|p2a: Latias|112/364","|-unboost|p2a: Latias|spd|1","|move|p2a: Latias|Psyshock|p1a: Chandelure","|-crit|p1a: Chandelure","|-damage|p1a: Chandelure|0 fnt","|faint|p1a: Chandelure","|","|-heal|p2a: Latias|134/364|[from] item: Leftovers","|","|switch|p1a: Aegislash|Aegislash, M, shiny|261/261","|turn|6","|","|move|p2a: Latias|Draco Meteor|p1a: Aegislash","|-resisted|p1a: Aegislash","|-damage|p1a: Aegislash|198/261","|-unboost|p2a: Latias|spa|2","|-formechange|p1a: Aegislash|Aegislash-Blade","|move|p1a: Aegislash|Shadow Ball|p2a: Latias","|-supereffective|p2a: Latias","|-damage|p2a: Latias|0 fnt","|faint|p2a: Latias","|","|","|switch|p2a: Hoopa-Unbound|Hoopa-Unbound|301/301","|turn|7","|","|move|p1a: Aegislash|Shadow Sneak|p2a: Hoopa-Unbound","|-damage|p2a: Hoopa-Unbound|174/301","|move|p2a: Hoopa-Unbound|Hyperspace Fury|p1a: Aegislash","|-supereffective|p1a: Aegislash","|-damage|p1a: Aegislash|0 fnt","|-unboost|p2a: Hoopa-Unbound|def|1","|faint|p1a: Aegislash","|","|","|switch|p1a: Sableye|Sableye, M|298/298","|turn|8","|","|switch|p2a: Gardevoir|Gardevoir, F|277/277","|-ability|p2a: Gardevoir|Prankster|[from] ability: Trace|[of] p1a: Sableye","|move|p1a: Sableye|Knock Off|p2a: Gardevoir","|-damage|p2a: Gardevoir|208/277","|","|turn|9","|","|switch|p1a: Jellicent|Jellicent, M, shiny|404/404","|detailschange|p2a: Gardevoir|Gardevoir-Mega, F","|-mega|p2a: Gardevoir|Gardevoir|Gardevoirite","|move|p2a: Gardevoir|Psyshock|p1a: Jellicent","|-damage|p1a: Jellicent|175/404","|-start|p2a: Gardevoir|Disable|Psyshock","|","|-heal|p1a: Jellicent|200/404|[from] item: Leftovers","|turn|10","|","|move|p2a: Gardevoir|Thunderbolt|p1a: Jellicent","|-supereffective|p1a: Jellicent","|-damage|p1a: Jellicent|32/404","|-status|p1a: Jellicent|par","|move|p1a: Jellicent|Recover|p1a: Jellicent","|-heal|p1a: Jellicent|234/404 par","|","|-heal|p1a: Jellicent|259/404 par|[from] item: Leftovers","|turn|11","|","|move|p2a: Gardevoir|Hyper Voice|p1a: Jellicent","|-damage|p1a: Jellicent|94/404 par","|move|p1a: Jellicent|Toxic|p2a: Gardevoir|[miss]","|-miss|p1a: Jellicent|p2a: Gardevoir","|","|-heal|p1a: Jellicent|119/404 par|[from] item: Leftovers","|turn|12","|","|move|p2a: Gardevoir|Hyper Voice|p1a: Jellicent","|-crit|p1a: Jellicent","|-damage|p1a: Jellicent|0 fnt","|faint|p1a: Jellicent","|","|","|switch|p1a: Gengar|Gengar, F, shiny|261/261","|turn|13","|","|switch|p2a: Slowbro|Slowbro, M|141/394","|move|p1a: Gengar|Sludge Bomb|p2a: Slowbro","|-damage|p2a: Slowbro|0 fnt","|faint|p2a: Slowbro","|","|","|switch|p2a: Deoxys-Speed|Deoxys-Speed|304/304","|-ability|p2a: Deoxys-Speed|Pressure","|turn|14","|","|switch|p1a: Golurk|Golurk, shiny|319/319","|move|p2a: Deoxys-Speed|Thunder Wave|p1a: Golurk","|-immune|p1a: Golurk|[msg]","|","|turn|15","|","|move|p2a: Deoxys-Speed|Ice Beam|p1a: Golurk","|-supereffective|p1a: Golurk","|-damage|p1a: Golurk|157/319","|move|p1a: Golurk|Stealth Rock|p2a: Deoxys-Speed","|-sidestart|p2: Seven Swell|move: Stealth Rock","|","|turn|16","|","|move|p2a: Deoxys-Speed|Ice Beam|p1a: Golurk","|-supereffective|p1a: Golurk","|-damage|p1a: Golurk|7/319","|move|p1a: Golurk|Stone Edge|p2a: Deoxys-Speed","|-damage|p2a: Deoxys-Speed|177/304","|","|turn|17","|","|move|p2a: Deoxys-Speed|Ice Beam|p1a: Golurk","|-supereffective|p1a: Golurk","|-damage|p1a: Golurk|0 fnt","|faint|p1a: Golurk","|","|","|switch|p1a: Sableye|Sableye, M|298/298","|turn|18","|","|switch|p2a: Gardevoir|Gardevoir-Mega, F|208/277","|-damage|p2a: Gardevoir|174/277|[from] Stealth Rock","|move|p1a: Sableye|Knock Off|p2a: Gardevoir","|-damage|p2a: Gardevoir|105/277","|","|turn|19","|","|switch|p1a: Gengar|Gengar, F, shiny|261/261","|move|p2a: Gardevoir|Hyper Voice|p1a: Gengar","|-resisted|p1a: Gengar","|-damage|p1a: Gengar|108/261","|","|turn|20","|","|switch|p2a: Hoopa-Unbound|Hoopa-Unbound|174/301","|-damage|p2a: Hoopa-Unbound|137/301|[from] Stealth Rock","|move|p1a: Gengar|Shadow Ball|p2a: Hoopa-Unbound","|-damage|p2a: Hoopa-Unbound|22/301","|-unboost|p2a: Hoopa-Unbound|spd|1","|","|turn|21","|","|move|p1a: Gengar|Shadow Ball|p2a: Hoopa-Unbound","|-damage|p2a: Hoopa-Unbound|0 fnt","|faint|p2a: Hoopa-Unbound","|","|","|switch|p2a: Deoxys-Speed|Deoxys-Speed|177/304","|-damage|p2a: Deoxys-Speed|139/304|[from] Stealth Rock","|-ability|p2a: Deoxys-Speed|Pressure","|turn|22","|","|switch|p1a: Sableye|Sableye, M|298/298","|move|p2a: Deoxys-Speed|Thunder Wave|p1a: Sableye","|-status|p1a: Sableye|par","|","|turn|23","|","|move|p2a: Deoxys-Speed|Stealth Rock|p1a: Sableye","|-sidestart|p1: Wаrden Arguѕ|move: Stealth Rock","|move|p1a: Sableye|Knock Off|p2a: Deoxys-Speed","|-supereffective|p2a: Deoxys-Speed","|-damage|p2a: Deoxys-Speed|11/304","|-enditem|p2a: Deoxys-Speed|Focus Sash|[from] move: Knock Off|[of] p1a: Sableye","|","|turn|24","|","|cant|p1a: Sableye|par","|move|p2a: Deoxys-Speed|Ice Beam|p1a: Sableye","|-damage|p1a: Sableye|199/298 par","|","|-heal|p1a: Sableye|217/298 par|[from] item: Leftovers","|turn|25","|","|cant|p1a: Sableye|par","|move|p2a: Deoxys-Speed|Ice Beam|p1a: Sableye","|-damage|p1a: Sableye|119/298 par","|","|-heal|p1a: Sableye|137/298 par|[from] item: Leftovers","|turn|26","|","|move|p2a: Deoxys-Speed|Ice Beam|p1a: Sableye","|-crit|p1a: Sableye","|-damage|p1a: Sableye|5/298 par","|move|p1a: Sableye|Knock Off|p2a: Deoxys-Speed","|-supereffective|p2a: Deoxys-Speed","|-damage|p2a: Deoxys-Speed|0 fnt","|faint|p2a: Deoxys-Speed","|","|-heal|p1a: Sableye|23/298 par|[from] item: Leftovers","|","|switch|p2a: Gardevoir|Gardevoir-Mega, F|105/277","|-damage|p2a: Gardevoir|71/277|[from] Stealth Rock","|turn|27","|","|move|p1a: Sableye|Will-O-Wisp|p2a: Gardevoir|[miss]","|-miss|p1a: Sableye|p2a: Gardevoir","|move|p2a: Gardevoir|Hyper Voice|p1a: Sableye","|-supereffective|p1a: Sableye","|-damage|p1a: Sableye|0 fnt","|faint|p1a: Sableye","|","|","|switch|p1a: Gengar|Gengar, F, shiny|108/261","|-damage|p1a: Gengar|76/261|[from] Stealth Rock","|turn|28","|","|move|p1a: Gengar|Shadow Ball|p2a: Gardevoir","|-supereffective|p2a: Gardevoir","|-damage|p2a: Gardevoir|0 fnt","|faint|p2a: Gardevoir","|","|win|Wаrden Arguѕ"],"p1rating":{"entryid":"7252450","serverid":"eos","formatid":"monotype","userid":"wrdenargu","username":"Wаrden Arguѕ","w":48,"l":"7","t":"0","gxe":80.7,"r":"1766.0751645349","rd":"49.547882247279","sigma":"0","rptime":"1438419600","rpr":1772.0546089874,"rprd":48.894610333073,"rpsigma":"0","acre":1490.197788274,"lacre":1490.197788274,"oldacre":"1482.1063883992"},"p2rating":{"entryid":"7267988","serverid":"eos","formatid":"monotype","userid":"sevenswell","username":"Seven Swell","w":"19","l":10,"t":"0","gxe":63.4,"r":"1567.1915192808","rd":"73.69736110994","sigma":"0","rptime":"1438419600","rpr":1605.2375029455,"rprd":62.070945506901,"rpsigma":"0","acre":1233.6385037199,"lacre":1233.6385037199,"oldacre":"1243.7527535634"},"endType":"normal"}