{"seed":[4938,58820,28836,27188],"turns":42,"p1":"MasterMonocle","p2":"AdviserBoo","p1team":[{"name":"Terrakion","species":"Terrakion","item":"choicescarf","ability":"Justified","moves":["earthquake","closecombat","xscissor","poisonjab"],"nature":"Jolly","evs":{"hp":0,"atk":252,"def":0,"spa":0,"spd":4,"spe":252},"ivs":{"hp":31,"atk":31,"def":31,"spa":31,"spd":31,"spe":31}},{"name":"Aerodactyl","species":"Aerodactyl","item":"aerodactylite","ability":"Rock Head","moves":["dragonclaw","roost","aquatail","icefang"],"nature":"Jolly","evs":{"hp":0,"atk":252,"def":0,"spa":0,"spd":4,"spe":252},"ivs":{"hp":31,"atk":31,"def":31,"spa":31,"spd":31,"spe":31}},{"name":"Carracosta","species":"Carracosta","item":"whiteherb","ability":"Sturdy","moves":["aquajet","shellsmash","knockoff","earthquake"],"nature":"Adamant","evs":{"hp":0,"atk":252,"def":0,"spa":0,"spd":4,"spe":252},"ivs":{"hp":31,"atk":31,"def":31,"spa":31,"spd":31,"spe":31}},{"name":"Cradily","species":"Cradily","item":"leftovers","ability":"Storm Drain","moves":["ancientpower","gigadrain","recover","toxic"],"nature":"Calm","evs":{"hp":252,"atk":0,"def":0,"spa":4,"spd":252,"spe":0},"ivs":{"hp":31,"atk":31,"def":31,"spa":31,"spd":31,"spe":31}},{"name":"Tyrantrum","species":"Tyrantrum","item":"choicescarf","ability":"Strong Jaw","moves":["crunch","icefang","firefang","dragonclaw"],"nature":"Jolly","evs":{"hp":0,"atk":252,"def":0,"spa":0,"spd":4,"spe":252},"ivs":{"hp":31,"atk":31,"def":31,"spa":31,"spd":31,"spe":31}},{"name":"Tyranitar","species":"Tyranitar","item":"focussash","ability":"Sand Stream","moves":["crunch","stealthrock","earthquake","superpower"],"nature":"Adamant","evs":{"hp":248,"atk":252,"def":0,"spa":0,"spd":8,"spe":0},"ivs":{"hp":31,"atk":31,"def":31,"spa":31,"spd":31,"spe":31}}],"p2team":[{"name":"Magnemite","species":"Magnemite","item":"berryjuice","ability":"Sturdy","moves":["toxic","recycle","protect","doubleedge"],"nature":"Impish","evs":{"hp":248,"atk":8,"def":252,"spa":0,"spd":0,"spe":0},"level":1,"ivs":{"hp":31,"atk":31,"def":31,"spa":31,"spd":31,"spe":31}},{"name":"Magneton","species":"Magneton","item":"eviolite","ability":"Sturdy","moves":["toxic","protect","substitute","endure"],"nature":"Bold","evs":{"hp":248,"atk":0,"def":252,"spa":0,"spd":8,"spe":0},"ivs":{"hp":31,"atk":31,"def":31,"spa":31,"spd":31,"spe":31}},{"name":"Magnezone","species":"Magnezone","item":"choicescarf","ability":"Sturdy","moves":["thunderbolt","voltswitch","hiddenpowerice","flashcannon"],"nature":"Timid","evs":{"hp":0,"atk":0,"def":0,"spa":252,"spd":4,"spe":252},"ivs":{"hp":31,"atk":30,"def":30,"spa":31,"spd":31,"spe":31}},{"name":"Pachirisu","species":"Pachirisu","item":"leftovers","ability":"Volt Absorb","moves":["nuzzle","lightscreen","substitute","superfang"],"nature":"Careful","evs":{"hp":248,"atk":8,"def":0,"spa":0,"spd":252,"spe":0},"ivs":{"hp":31,"atk":31,"def":31,"spa":31,"spd":31,"spe":31}},{"name":"Zapdos","species":"Zapdos","item":"leftovers","ability":"Pressure","moves":["roost","toxic","thunderbolt","defog"],"nature":"Timid","evs":{"hp":252,"atk":0,"def":8,"spa":0,"spd":0,"spe":248},"ivs":{"hp":31,"atk":31,"def":31,"spa":31,"spd":31,"spe":31}},{"name":"Minun","species":"Minun","item":"focussash","ability":"Volt Absorb","moves":["nuzzle","toxic","protect","switcheroo"],"nature":"Jolly","evs":{"hp":248,"atk":8,"def":0,"spa":0,"spd":0,"spe":252},"ivs":{"hp":31,"atk":31,"def":31,"spa":31,"spd":31,"spe":31}}],"log":["|player|p1|MasterMonocle|102","|player|p2|AdviserBoo|3","|gametype|singles","|gen|6","|tier|Monotype","|rated","|rule|Baton Pass Clause: Limit one Baton Passer, can't pass Spe and other stats simultaneously","|rule|Swagger Clause: Swagger is banned","|rule|Same Type Clause: Pokémon in a team must share a type","|clearpoke","|poke|p1|Terrakion","|poke|p1|Aerodactyl, F","|poke|p1|Carracosta, M","|poke|p1|Cradily, F","|poke|p1|Tyrantrum, M","|poke|p1|Tyranitar, F","|poke|p2|Magnemite, L1","|poke|p2|Magneton","|poke|p2|Magnezone","|poke|p2|Pachirisu, F","|poke|p2|Zapdos","|poke|p2|Minun, F","|rule|Sleep Clause Mod: Limit one foe put to sleep","|rule|Species Clause: Limit one of each Pokémon","|rule|OHKO Clause: OHKO moves are banned","|rule|Moody Clause: Moody is banned","|rule|Evasion Moves Clause: Evasion moves are banned","|rule|Endless Battle Clause: Forcing endless battles is banned","|rule|HP Percentage Mod: HP is shown in percentages","|teampreview","|","|start","|switch|p1a: Tyranitar|Tyranitar, F|403/403","|switch|p2a: Magnemite|Magnemite, L1|12/12","|-weather|Sandstorm","|turn|1","|","|move|p1a: Tyranitar|Stealth Rock|p2a: Magnemite","|-sidestart|p2: AdviserBoo|move: Stealth Rock","|move|p2a: Magnemite|Toxic|p1a: Tyranitar|[miss]","|-miss|p2a: Magnemite|p1a: Tyranitar","|","|-weather|Sandstorm|[upkeep]","|turn|2","|","|move|p1a: Tyranitar|Earthquake|p2a: Magnemite","|-supereffective|p2a: Magnemite","|-activate|p2a: Magnemite|Sturdy","|-damage|p2a: Magnemite|1/12","|-enditem|p2a: Magnemite|Berry Juice","|-heal|p2a: Magnemite|12/12|[from] item: Berry Juice","|move|p2a: Magnemite|Toxic|p1a: Tyranitar","|-status|p1a: Tyranitar|tox","|","|-weather|Sandstorm|[upkeep]","|-damage|p1a: Tyranitar|378/403 tox|[from] psn","|turn|3","|","|move|p1a: Tyranitar|Earthquake|p2a: Magnemite","|-supereffective|p2a: Magnemite","|-activate|p2a: Magnemite|Sturdy","|-damage|p2a: Magnemite|1/12","|move|p2a: Magnemite|Recycle|p2a: Magnemite","|-item|p2a: Magnemite|Berry Juice|[from] move: Recycle","|-enditem|p2a: Magnemite|Berry Juice","|-heal|p2a: Magnemite|12/12|[from] item: Berry Juice","|","|-weather|Sandstorm|[upkeep]","|-damage|p1a: Tyranitar|328/403 tox|[from] psn","|turn|4","|","|switch|p1a: Tyrantrum|Tyrantrum, M|305/305","|move|p2a: Magnemite|Recycle|p2a: Magnemite","|-item|p2a: Magnemite|Berry Juice|[from] move: Recycle","|","|-weather|Sandstorm|[upkeep]","|turn|5","|","|move|p1a: Tyrantrum|Fire Fang|p2a: Magnemite","|-supereffective|p2a: Magnemite","|-activate|p2a: Magnemite|Sturdy","|-damage|p2a: Magnemite|1/12","|-enditem|p2a: Magnemite|Berry Juice","|-heal|p2a: Magnemite|12/12|[from] item: Berry Juice","|move|p2a: Magnemite|Toxic|p1a: Tyrantrum","|-status|p1a: Tyrantrum|tox","|","|-weather|none","|-damage|p1a: Tyrantrum|286/305 tox|[from] psn","|turn|6","|","|move|p1a: Tyrantrum|Fire Fang|p2a: Magnemite","|-supereffective|p2a: Magnemite","|-activate|p2a: Magnemite|Sturdy","|-damage|p2a: Magnemite|1/12","|move|p2a: Magnemite|Recycle|p2a: Magnemite","|-item|p2a: Magnemite|Berry Juice|[from] move: Recycle","|-enditem|p2a: Magnemite|Berry Juice","|-heal|p2a: Magnemite|12/12|[from] item: Berry Juice","|","|-damage|p1a: Tyrantrum|248/305 tox|[from] psn","|turn|7","|","|move|p1a: Tyrantrum|Fire Fang|p2a: Magnemite","|-supereffective|p2a: Magnemite","|-activate|p2a: Magnemite|Sturdy","|-damage|p2a: Magnemite|1/12","|move|p2a: Magnemite|Recycle|p2a: Magnemite","|-item|p2a: Magnemite|Berry Juice|[from] move: Recycle","|-enditem|p2a: Magnemite|Berry Juice","|-heal|p2a: Magnemite|12/12|[from] item: Berry Juice","|","|-damage|p1a: Tyrantrum|191/305 tox|[from] psn","|turn|8","|","|move|p2a: Magnemite|Protect|p2a: Magnemite","|-singleturn|p2a: Magnemite|Protect","|move|p1a: Tyrantrum|Fire Fang|p2a: Magnemite","|-activate|p2a: Magnemite|Protect","|","|-damage|p1a: Tyrantrum|115/305 tox|[from] psn","|turn|9","|","|switch|p1a: Aerodactyl|Aerodactyl, F|301/301","|move|p2a: Magnemite|Recycle|p2a: Magnemite","|-item|p2a: Magnemite|Berry Juice|[from] move: Recycle","|","|turn|10","|","|detailschange|p1a: Aerodactyl|Aerodactyl-Mega, F","|-mega|p1a: Aerodactyl|Aerodactyl|Aerodactylite","|move|p1a: Aerodactyl|Ice Fang|p2a: Magnemite","|-resisted|p2a: Magnemite","|-activate|p2a: Magnemite|Sturdy","|-damage|p2a: Magnemite|1/12","|-enditem|p2a: Magnemite|Berry Juice","|-heal|p2a: Magnemite|12/12|[from] item: Berry Juice","|move|p2a: Magnemite|Toxic|p1a: Aerodactyl","|-status|p1a: Aerodactyl|tox","|","|-damage|p1a: Aerodactyl|283/301 tox|[from] psn","|turn|11","|","|move|p1a: Aerodactyl|Ice Fang|p2a: Magnemite","|-resisted|p2a: Magnemite","|-activate|p2a: Magnemite|Sturdy","|-damage|p2a: Magnemite|1/12","|move|p2a: Magnemite|Recycle|p2a: Magnemite","|-item|p2a: Magnemite|Berry Juice|[from] move: Recycle","|-enditem|p2a: Magnemite|Berry Juice","|-heal|p2a: Magnemite|12/12|[from] item: Berry Juice","|","|-damage|p1a: Aerodactyl|247/301 tox|[from] psn","|turn|12","|","|move|p2a: Magnemite|Protect|p2a: Magnemite","|-singleturn|p2a: Magnemite|Protect","|move|p1a: Aerodactyl|Ice Fang|p2a: Magnemite","|-activate|p2a: Magnemite|Protect","|","|-damage|p1a: Aerodactyl|193/301 tox|[from] psn","|turn|13","|","|move|p1a: Aerodactyl|Ice Fang|p2a: Magnemite","|-resisted|p2a: Magnemite","|-activate|p2a: Magnemite|Sturdy","|-damage|p2a: Magnemite|1/12","|move|p2a: Magnemite|Recycle|p2a: Magnemite","|-item|p2a: Magnemite|Berry Juice|[from] move: Recycle","|-enditem|p2a: Magnemite|Berry Juice","|-heal|p2a: Magnemite|12/12|[from] item: Berry Juice","|","|-damage|p1a: Aerodactyl|121/301 tox|[from] psn","|turn|14","|","|move|p1a: Aerodactyl|Ice Fang|p2a: Magnemite","|-resisted|p2a: Magnemite","|-activate|p2a: Magnemite|Sturdy","|-damage|p2a: Magnemite|1/12","|move|p2a: Magnemite|Recycle|p2a: Magnemite","|-item|p2a: Magnemite|Berry Juice|[from] move: Recycle","|-enditem|p2a: Magnemite|Berry Juice","|-heal|p2a: Magnemite|12/12|[from] item: Berry Juice","|","|-damage|p1a: Aerodactyl|31/301 tox|[from] psn","|turn|15","|","|move|p2a: Magnemite|Protect|p2a: Magnemite","|-singleturn|p2a: Magnemite|Protect","|move|p1a: Aerodactyl|Ice Fang|p2a: Magnemite","|-activate|p2a: Magnemite|Protect","|","|-damage|p1a: Aerodactyl|0 fnt|[from] psn","|faint|p1a: Aerodactyl","|","|switch|p1a: Carracosta|Carracosta, M|289/289","|turn|16","|","|move|p1a: Carracosta|Knock Off|p2a: Magnemite","|-activate|p2a: Magnemite|Sturdy","|-damage|p2a: Magnemite|1/12","|move|p2a: Magnemite|Recycle|p2a: Magnemite","|-item|p2a: Magnemite|Berry Juice|[from] move: Recycle","|-enditem|p2a: Magnemite|Berry Juice","|-heal|p2a: Magnemite|12/12|[from] item: Berry Juice","|","|turn|17","|","|switch|p2a: Minun|Minun, F|323/323","|-damage|p2a: Minun|283/323|[from] Stealth Rock","|move|p1a: Carracosta|Knock Off|p2a: Minun","|-damage|p2a: Minun|83/323","|-enditem|p2a: Minun|Focus Sash|[from] move: Knock Off|[of] p1a: Carracosta","|","|turn|18","|","|switch|p1a: Tyranitar|Tyranitar, F|328/403 tox","|-weather|Sandstorm","|move|p2a: Minun|Nuzzle|p1a: Tyranitar","|-damage|p1a: Tyranitar|316/403 tox","|","|-weather|Sandstorm|[upkeep]","|-damage|p2a: Minun|63/323|[from] sandstorm","|-damage|p1a: Tyranitar|291/403 tox|[from] psn","|turn|19","|","|move|p2a: Minun|Switcheroo|p1a: Tyranitar","|-activate|p2a: Minun|move: Trick|[of] p1a: Tyranitar","|-item|p2a: Minun|Focus Sash|[from] Trick","|move|p1a: Tyranitar|Earthquake|p2a: Minun","|-supereffective|p2a: Minun","|-damage|p2a: Minun|0 fnt","|faint|p2a: Minun","|","|-weather|Sandstorm|[upkeep]","|-damage|p1a: Tyranitar|241/403 tox|[from] psn","|","|switch|p2a: Zapdos|Zapdos|384/384","|-damage|p2a: Zapdos|288/384|[from] Stealth Rock","|-ability|p2a: Zapdos|Pressure","|turn|20","|","|switch|p1a: Tyrantrum|Tyrantrum, M|115/305 tox","|move|p2a: Zapdos|Defog|p1a: Tyrantrum","|-unboost|p1a: Tyrantrum|evasion|1","|-sideend|p2: AdviserBoo|Stealth Rock|[from] move: Defog|[of] p2a: Zapdos","|","|-weather|Sandstorm|[upkeep]","|-damage|p2a: Zapdos|264/384|[from] sandstorm","|-heal|p2a: Zapdos|288/384|[from] item: Leftovers","|-damage|p1a: Tyrantrum|96/305 tox|[from] psn","|turn|21","|","|switch|p2a: Magneton|Magneton|303/303","|move|p1a: Tyrantrum|Ice Fang|p2a: Magneton","|-resisted|p2a: Magneton","|-damage|p2a: Magneton|276/303","|","|-weather|Sandstorm|[upkeep]","|-damage|p1a: Tyrantrum|58/305 tox|[from] psn","|turn|22","|","|switch|p1a: Terrakion|Terrakion|323/323","|move|p2a: Magneton|Protect|p2a: Magneton","|-fail|p2a: Magneton","|","|-weather|none","|turn|23","|","|move|p1a: Terrakion|Close Combat|p2a: Magneton","|-supereffective|p2a: Magneton","|-damage|p2a: Magneton|66/303","|-unboost|p1a: Terrakion|def|1","|-unboost|p1a: Terrakion|spd|1","|move|p2a: Magneton|Toxic|p1a: Terrakion","|-status|p1a: Terrakion|tox","|","|-damage|p1a: Terrakion|303/323 tox|[from] psn","|turn|24","|","|move|p2a: Magneton|Endure|p2a: Magneton","|-singleturn|p2a: Magneton|move: Endure","|move|p1a: Terrakion|Close Combat|p2a: Magneton","|-supereffective|p2a: Magneton","|-activate|p2a: Magneton|move: Endure","|-damage|p2a: Magneton|1/303","|-unboost|p1a: Terrakion|def|1","|-unboost|p1a: Terrakion|spd|1","|","|-damage|p1a: Terrakion|263/323 tox|[from] psn","|turn|25","|","|switch|p1a: Carracosta|Carracosta, M|289/289","|move|p2a: Magneton|Protect|p2a: Magneton","|-fail|p2a: Magneton","|","|turn|26","|","|move|p1a: Carracosta|Aqua Jet|p2a: Magneton","|-damage|p2a: Magneton|0 fnt","|faint|p2a: Magneton","|","|","|switch|p2a: Magnezone|Magnezone|281/281","|turn|27","|","|move|p2a: Magnezone|Thunderbolt|p1a: Carracosta","|-supereffective|p1a: Carracosta","|-activate|p1a: Carracosta|Sturdy","|-damage|p1a: Carracosta|1/289","|move|p1a: Carracosta|Earthquake|p2a: Magnezone","|-supereffective|p2a: Magnezone","|-activate|p2a: Magnezone|Sturdy","|-damage|p2a: Magnezone|1/281","|","|turn|28","|","|move|p1a: Carracosta|Aqua Jet|p2a: Magnezone","|-damage|p2a: Magnezone|0 fnt","|faint|p2a: Magnezone","|","|","|switch|p2a: Pachirisu|Pachirisu, F|323/323","|turn|29","|","|switch|p1a: Tyrantrum|Tyrantrum, M|58/305 tox","|move|p2a: Pachirisu|Nuzzle|p1a: Tyrantrum","|-resisted|p1a: Tyrantrum","|-damage|p1a: Tyrantrum|52/305 tox","|","|-damage|p1a: Tyrantrum|33/305 tox|[from] psn","|turn|30","|","|move|p1a: Tyrantrum|Fire Fang|p2a: Pachirisu","|-damage|p2a: Pachirisu|168/323","|-status|p2a: Pachirisu|brn","|move|p2a: Pachirisu|Substitute|p2a: Pachirisu","|-start|p2a: Pachirisu|Substitute","|-damage|p2a: Pachirisu|88/323 brn","|","|-heal|p2a: Pachirisu|108/323 brn|[from] item: Leftovers","|-damage|p1a: Tyrantrum|0 fnt|[from] psn","|-damage|p2a: Pachirisu|68/323 brn|[from] brn","|faint|p1a: Tyrantrum","|","|switch|p1a: Tyranitar|Tyranitar, F|241/403 tox","|-weather|Sandstorm","|turn|31","|","|move|p2a: Pachirisu|Super Fang|p1a: Tyranitar","|-damage|p1a: Tyranitar|121/403 tox","|move|p1a: Tyranitar|Crunch|p2a: Pachirisu","|-end|p2a: Pachirisu|Substitute","|","|-weather|Sandstorm|[upkeep]","|-damage|p2a: Pachirisu|48/323 brn|[from] sandstorm","|-heal|p2a: Pachirisu|68/323 brn|[from] item: Leftovers","|-damage|p2a: Pachirisu|28/323 brn|[from] brn","|-damage|p1a: Tyranitar|96/403 tox|[from] psn","|turn|32","|","|move|p2a: Pachirisu|Super Fang|p1a: Tyranitar","|-damage|p1a: Tyranitar|48/403 tox","|move|p1a: Tyranitar|Crunch|p2a: Pachirisu","|-damage|p2a: Pachirisu|0 fnt","|faint|p2a: Pachirisu","|","|-weather|Sandstorm|[upkeep]","|-damage|p1a: Tyranitar|0 fnt|[from] psn","|faint|p1a: Tyranitar","|","|switch|p2a: Zapdos|Zapdos|288/384","|switch|p1a: Carracosta|Carracosta, M|1/289","|-ability|p2a: Zapdos|Pressure","|turn|33","|","|switch|p1a: Cradily|Cradily, F|376/376","|move|p2a: Zapdos|Thunderbolt|p1a: Cradily","|-resisted|p1a: Cradily","|-damage|p1a: Cradily|345/376","|","|-weather|Sandstorm|[upkeep]","|-damage|p2a: Zapdos|264/384|[from] sandstorm","|-heal|p2a: Zapdos|288/384|[from] item: Leftovers","|-heal|p1a: Cradily|368/376|[from] item: Leftovers","|turn|34","|","|move|p2a: Zapdos|Toxic|p1a: Cradily","|-status|p1a: Cradily|tox","|move|p1a: Cradily|Ancient Power|p2a: Zapdos","|-supereffective|p2a: Zapdos","|-damage|p2a: Zapdos|150/384","|","|-weather|Sandstorm|[upkeep]","|-damage|p2a: Zapdos|126/384|[from] sandstorm","|-heal|p2a: Zapdos|150/384|[from] item: Leftovers","|-heal|p1a: Cradily|376/376 tox|[from] item: Leftovers","|-damage|p1a: Cradily|353/376 tox|[from] psn","|turn|35","|","|move|p2a: Zapdos|Roost|p2a: Zapdos","|-heal|p2a: Zapdos|342/384","|move|p1a: Cradily|Ancient Power|p2a: Zapdos","|-damage|p2a: Zapdos|278/384","|","|-weather|none","|-heal|p2a: Zapdos|302/384|[from] item: Leftovers","|-heal|p1a: Cradily|376/376 tox|[from] item: Leftovers","|-damage|p1a: Cradily|330/376 tox|[from] psn","|turn|36","|","|move|p2a: Zapdos|Roost|p2a: Zapdos","|-heal|p2a: Zapdos|384/384","|move|p1a: Cradily|Toxic|p2a: Zapdos","|-status|p2a: Zapdos|tox","|","|-heal|p1a: Cradily|353/376 tox|[from] item: Leftovers","|-damage|p2a: Zapdos|360/384 tox|[from] psn","|-damage|p1a: Cradily|284/376 tox|[from] psn","|turn|37","|","|switch|p1a: Terrakion|Terrakion|263/323 tox","|move|p2a: Zapdos|Thunderbolt|p1a: Terrakion","|-damage|p1a: Terrakion|122/323 tox","|","|-heal|p2a: Zapdos|384/384 tox|[from] item: Leftovers","|-damage|p1a: Terrakion|102/323 tox|[from] psn","|-damage|p2a: Zapdos|336/384 tox|[from] psn","|turn|38","|","|move|p1a: Terrakion|Close Combat|p2a: Zapdos","|-resisted|p2a: Zapdos","|-damage|p2a: Zapdos|205/384 tox","|-unboost|p1a: Terrakion|def|1","|-unboost|p1a: Terrakion|spd|1","|move|p2a: Zapdos|Thunderbolt|p1a: Terrakion","|-damage|p1a: Terrakion|0 fnt","|faint|p1a: Terrakion","|","|-heal|p2a: Zapdos|229/384 tox|[from] item: Leftovers","|-damage|p2a: Zapdos|157/384 tox|[from] psn","|","|switch|p1a: Cradily|Cradily, F|284/376 tox","|turn|39","|","|move|p2a: Zapdos|Roost|p2a: Zapdos","|-heal|p2a: Zapdos|349/384 tox","|move|p1a: Cradily|Recover|p1a: Cradily","|-heal|p1a: Cradily|376/376 tox","|","|-heal|p2a: Zapdos|373/384 tox|[from] item: Leftovers","|-damage|p2a: Zapdos|277/384 tox|[from] psn","|-damage|p1a: Cradily|353/376 tox|[from] psn","|turn|40","|","|move|p2a: Zapdos|Thunderbolt|p1a: Cradily","|-resisted|p1a: Cradily","|-damage|p1a: Cradily|307/376 tox","|move|p1a: Cradily|Ancient Power|p2a: Zapdos","|-supereffective|p2a: Zapdos","|-damage|p2a: Zapdos|143/384 tox","|","|-heal|p2a: Zapdos|167/384 tox|[from] item: Leftovers","|-heal|p1a: Cradily|330/376 tox|[from] item: Leftovers","|-damage|p2a: Zapdos|47/384 tox|[from] psn","|-damage|p1a: Cradily|284/376 tox|[from] psn","|turn|41","|","|move|p2a: Zapdos|Roost|p2a: Zapdos","|-heal|p2a: Zapdos|239/384 tox","|move|p1a: Cradily|Giga Drain|p2a: Zapdos","|-damage|p2a: Zapdos|157/384 tox","|-heal|p1a: Cradily|325/376 tox|[from] drain|[of] p2a: Zapdos","|","|-heal|p2a: Zapdos|181/384 tox|[from] item: Leftovers","|-heal|p1a: Cradily|348/376 tox|[from] item: Leftovers","|-damage|p2a: Zapdos|37/384 tox|[from] psn","|-damage|p1a: Cradily|279/376 tox|[from] psn","|turn|42","|","|win|MasterMonocle"],"p1rating":{"entryid":"7284071","serverid":"eos","formatid":"monotype","userid":"mastermonocle","username":"MasterMonocle","w":8,"l":"0","t":"0","gxe":71.9,"r":"1536.2287903847","rd":"122.94759854436","sigma":"0","rptime":"1438333200","rpr":1682.9170496767,"rprd":92.037074396188,"rpsigma":"0","acre":1204.9662788466,"lacre":1204.9662788466,"oldacre":"1181.6686096113"},"p2rating":{"entryid":"7083956","serverid":"eos","formatid":"monotype","userid":"adviserboo","username":"Adviser♕Boo","w":"72","l":44,"t":"0","gxe":60.8,"r":"1598.1779220658","rd":"35.961550529897","sigma":"0","rptime":"1438333200","rpr":1582.857842343,"rprd":34.900058093391,"rpsigma":"0","acre":1134.6762619353,"lacre":1134.6762619353,"oldacre":"1157.9739311706"},"endType":"forfeit"}