{"seed":[7363,15167,62436,46568],"turns":26,"p1":"Carnie KeySein","p2":"Inferno Overclass","p1team":[{"name":"Hawlucha","species":"Hawlucha","item":"sitrusberry","ability":"Unburden","moves":["substitute","swordsdance","highjumpkick","acrobatics"],"nature":"Jolly","evs":{"hp":12,"atk":252,"def":0,"spa":0,"spd":0,"spe":244},"ivs":{"hp":31,"atk":31,"def":31,"spa":31,"spd":31,"spe":31}},{"name":"Gliscor","species":"Gliscor","item":"toxicorb","ability":"Poison Heal","moves":["substitute","protect","earthquake","toxic"],"nature":"Jolly","evs":{"hp":252,"atk":0,"def":4,"spa":0,"spd":0,"spe":252},"ivs":{"hp":31,"atk":31,"def":31,"spa":31,"spd":31,"spe":31}},{"name":"Gyarados","species":"Gyarados","item":"gyaradosite","ability":"Moxie","moves":["dragondance","waterfall","crunch","taunt"],"nature":"Jolly","evs":{"hp":4,"atk":252,"def":0,"spa":0,"spd":0,"spe":252},"ivs":{"hp":31,"atk":30,"def":31,"spa":30,"spd":31,"spe":30}},{"name":"Landorus","species":"Landorus","item":"lifeorb","ability":"Sheer Force","moves":["earthpower","sludgewave","psychic","hiddenpowerice"],"nature":"","evs":{"hp":0,"atk":252,"def":0,"spa":0,"spd":0,"spe":0},"ivs":{"hp":31,"atk":30,"def":30,"spa":31,"spd":31,"spe":31}},{"name":"Togekiss","species":"Togekiss","item":"lumberry","ability":"Serene Grace","moves":["thunderwave","airslash","roost","zenheadbutt"],"nature":"Calm","evs":{"hp":252,"atk":0,"def":0,"spa":0,"spd":160,"spe":96},"ivs":{"hp":31,"atk":31,"def":31,"spa":31,"spd":31,"spe":31}},{"name":"Salamence","species":"Salamence","item":"choicescarf","ability":"Moxie","moves":["outrage","earthquake","crunch","brickbreak"],"nature":"Jolly","evs":{"hp":0,"atk":252,"def":0,"spa":0,"spd":4,"spe":252},"ivs":{"hp":31,"atk":31,"def":31,"spa":31,"spd":31,"spe":31}}],"p2team":[{"name":"Weezing","species":"Weezing","item":"blacksludge","ability":"Levitate","moves":["clearsmog","stockpile","rest","sleeptalk"],"nature":"Bold","evs":{"hp":252,"atk":0,"def":252,"spa":4,"spd":0,"spe":0},"gender":"M","shiny":true,"ivs":{"hp":31,"atk":31,"def":31,"spa":31,"spd":31,"spe":31}},{"name":"Nidoking","species":"Nidoking","item":"lifeorb","ability":"Sheer Force","moves":["sludgewave","earthpower","icebeam"],"nature":"Timid","evs":{"hp":0,"atk":0,"def":4,"spa":252,"spd":0,"spe":252},"shiny":true,"ivs":{"hp":31,"atk":31,"def":31,"spa":31,"spd":31,"spe":31}},{"name":"Gengar","species":"Gengar","item":"blacksludge","ability":"Levitate","moves":["psychic","taunt","willowisp","sludgewave"],"nature":"Timid","evs":{"hp":8,"atk":0,"def":0,"spa":248,"spd":0,"spe":252},"ivs":{"hp":31,"atk":31,"def":31,"spa":31,"spd":31,"spe":31}},{"name":"Toxicroak","species":"Toxicroak","item":"focussash","ability":"Poison Touch","moves":["swordsdance","fakeout","drainpunch","suckerpunch"],"nature":"Adamant","evs":{"hp":8,"atk":248,"def":0,"spa":0,"spd":0,"spe":252},"ivs":{"hp":31,"atk":31,"def":31,"spa":31,"spd":31,"spe":31}},{"name":"Venusaur","species":"Venusaur","item":"venusaurite","ability":"Chlorophyll","moves":["sleeppowder","gigadrain","leechseed","growth"],"nature":"Bold","evs":{"hp":252,"atk":0,"def":252,"spa":0,"spd":4,"spe":0},"ivs":{"hp":31,"atk":31,"def":31,"spa":31,"spd":31,"spe":31}},{"name":"Skuntank","species":"Skuntank","item":"liechiberry","ability":"Aftermath","moves":["foulplay","suckerpunch","poisonjab","defog"],"nature":"Adamant","evs":{"hp":16,"atk":228,"def":0,"spa":0,"spd":252,"spe":12},"ivs":{"hp":31,"atk":31,"def":31,"spa":31,"spd":31,"spe":31}}],"log":["|player|p1|Carnie KeySein|167","|player|p2|Inferno Overclass|110","|gametype|singles","|gen|6","|tier|Monotype","|rated","|rule|Baton Pass Clause: Limit one Baton Passer, can't pass Spe and other stats simultaneously","|rule|Swagger Clause: Swagger is banned","|rule|Same Type Clause: Pokémon in a team must share a type","|clearpoke","|poke|p1|Hawlucha, F","|poke|p1|Gliscor, M","|poke|p1|Gyarados, F","|poke|p1|Landorus, M","|poke|p1|Togekiss, M","|poke|p1|Salamence, M","|poke|p2|Weezing, M, shiny","|poke|p2|Nidoking, M, shiny","|poke|p2|Gengar, M","|poke|p2|Toxicroak, M","|poke|p2|Venusaur, M","|poke|p2|Skuntank, F","|rule|Sleep Clause Mod: Limit one foe put to sleep","|rule|Species Clause: Limit one of each Pokémon","|rule|OHKO Clause: OHKO moves are banned","|rule|Moody Clause: Moody is banned","|rule|Evasion Moves Clause: Evasion moves are banned","|rule|Endless Battle Clause: Forcing endless battles is banned","|rule|HP Percentage Mod: HP is shown in percentages","|teampreview","|","|start","|switch|p1a: Gyarados|Gyarados, F|332/332","|switch|p2a: Toxicroak|Toxicroak, M|309/309","|turn|1","|","|detailschange|p1a: Gyarados|Gyarados-Mega, F","|-mega|p1a: Gyarados|Gyarados|Gyaradosite","|-ability|p1a: Gyarados|Mold Breaker","|move|p2a: Toxicroak|Fake Out|p1a: Gyarados","|-damage|p1a: Gyarados|289/332","|cant|p1a: Gyarados|flinch","|","|turn|2","|","|move|p1a: Gyarados|Dragon Dance|p1a: Gyarados","|-boost|p1a: Gyarados|atk|1","|-boost|p1a: Gyarados|spe|1","|move|p2a: Toxicroak|Drain Punch|p1a: Gyarados","|-supereffective|p1a: Gyarados","|-damage|p1a: Gyarados|35/332","|-status|p1a: Gyarados|psn","|","|-damage|p1a: Gyarados|0 fnt|[from] psn","|faint|p1a: Gyarados","|","|switch|p1a: Salamence|Salamence, M|331/331","|turn|3","|","|move|p1a: Salamence|Outrage|p2a: Toxicroak","|-enditem|p2a: Toxicroak|Focus Sash","|-damage|p2a: Toxicroak|1/309","|move|p2a: Toxicroak|Swords Dance|p2a: Toxicroak","|-boost|p2a: Toxicroak|atk|2","|","|turn|4","|","|move|p2a: Toxicroak|Sucker Punch|p1a: Salamence","|-damage|p1a: Salamence|111/331","|move|p1a: Salamence|Outrage|p2a: Toxicroak","|-damage|p2a: Toxicroak|0 fnt","|faint|p2a: Toxicroak","|-boost|p1a: Salamence|atk|1|[from] ability: Moxie","|","|","|switch|p2a: Skuntank|Skuntank, F|351/351","|turn|5","|","|move|p1a: Salamence|Outrage|p2a: Skuntank","|-damage|p2a: Skuntank|0 fnt","|-damage|p1a: Salamence|29/331|[from] ability: Aftermath|[of] p2a: Skuntank","|-start|p1a: Salamence|confusion|[fatigue]","|faint|p2a: Skuntank","|-boost|p1a: Salamence|atk|1|[from] ability: Moxie","|","|","|switch|p2a: Nidoking|Nidoking, M, shiny|303/303","|turn|6","|","|-activate|p1a: Salamence|confusion","|-damage|p1a: Salamence|0 fnt|[from] confusion","|faint|p1a: Salamence","|move|p2a: Nidoking|Ice Beam|p1: Salamence|[notarget]","|-notarget","|","|","|switch|p1a: Gliscor|Gliscor, M|354/354","|turn|7","|","|move|p1a: Gliscor|Earthquake|p2a: Nidoking","|-supereffective|p2a: Nidoking","|-damage|p2a: Nidoking|1/303","|move|p2a: Nidoking|Ice Beam|p1a: Gliscor","|-supereffective|p1a: Gliscor","|-damage|p1a: Gliscor|0 fnt","|faint|p1a: Gliscor","|","|","|switch|p1a: Hawlucha|Hawlucha, F|300/300","|turn|8","|","|switch|p2a: Gengar|Gengar, M|263/263","|move|p1a: Hawlucha|Acrobatics|p2a: Gengar","|-damage|p2a: Gengar|140/263","|","|-heal|p2a: Gengar|156/263|[from] item: Black Sludge","|turn|9","|","|move|p1a: Hawlucha|Substitute|p1a: Hawlucha","|-start|p1a: Hawlucha|Substitute","|-damage|p1a: Hawlucha|225/300","|move|p2a: Gengar|Psychic|p1a: Hawlucha","|-supereffective|p1a: Hawlucha","|-end|p1a: Hawlucha|Substitute","|","|-heal|p2a: Gengar|172/263|[from] item: Black Sludge","|turn|10","|","|move|p1a: Hawlucha|Swords Dance|p1a: Hawlucha","|-boost|p1a: Hawlucha|atk|2","|move|p2a: Gengar|Taunt|p1a: Hawlucha","|-start|p1a: Hawlucha|move: Taunt","|","|-heal|p2a: Gengar|188/263|[from] item: Black Sludge","|turn|11","|","|move|p1a: Hawlucha|Acrobatics|p2a: Gengar","|-damage|p2a: Gengar|0 fnt","|faint|p2a: Gengar","|","|","|switch|p2a: Weezing|Weezing, M, shiny|334/334","|turn|12","|","|move|p1a: Hawlucha|Acrobatics|p2a: Weezing","|-damage|p2a: Weezing|232/334","|move|p2a: Weezing|Stockpile|p2a: Weezing","|-start|p2a: Weezing|stockpile1","|-boost|p2a: Weezing|def|1","|-boost|p2a: Weezing|spd|1","|","|-heal|p2a: Weezing|252/334|[from] item: Black Sludge","|turn|13","|","|move|p1a: Hawlucha|High Jump Kick|p2a: Weezing","|-resisted|p2a: Weezing","|-damage|p2a: Weezing|174/334","|move|p2a: Weezing|Clear Smog|p1a: Hawlucha","|-damage|p1a: Hawlucha|147/300","|-clearboost|p1a: Hawlucha","|-enditem|p1a: Hawlucha|Sitrus Berry|[eat]","|-heal|p1a: Hawlucha|222/300|[from] item: Sitrus Berry","|","|-heal|p2a: Weezing|194/334|[from] item: Black Sludge","|-end|p1a: Hawlucha|move: Taunt","|turn|14","|","|move|p1a: Hawlucha|Swords Dance|p1a: Hawlucha","|-boost|p1a: Hawlucha|atk|2","|move|p2a: Weezing|Stockpile|p2a: Weezing","|-start|p2a: Weezing|stockpile2","|-boost|p2a: Weezing|def|1","|-boost|p2a: Weezing|spd|1","|","|-heal|p2a: Weezing|214/334|[from] item: Black Sludge","|turn|15","|","|move|p1a: Hawlucha|High Jump Kick|p2a: Weezing","|-resisted|p2a: Weezing","|-damage|p2a: Weezing|159/334","|move|p2a: Weezing|Clear Smog|p1a: Hawlucha","|-damage|p1a: Hawlucha|143/300","|-clearboost|p1a: Hawlucha","|","|-heal|p2a: Weezing|179/334|[from] item: Black Sludge","|turn|16","|","|move|p1a: Hawlucha|Acrobatics|p2a: Weezing","|-damage|p2a: Weezing|131/334","|move|p2a: Weezing|Clear Smog|p1a: Hawlucha","|-damage|p1a: Hawlucha|61/300","|-clearboost|p1a: Hawlucha","|","|-heal|p2a: Weezing|151/334|[from] item: Black Sludge","|turn|17","|","|move|p1a: Hawlucha|Acrobatics|p2a: Weezing","|-damage|p2a: Weezing|96/334","|move|p2a: Weezing|Clear Smog|p1a: Hawlucha","|-damage|p1a: Hawlucha|0 fnt","|-clearboost|p1a: Hawlucha","|faint|p1a: Hawlucha","|","|-heal|p2a: Weezing|116/334|[from] item: Black Sludge","|","|switch|p1a: Landorus|Landorus, M|319/319","|turn|18","|","|move|p1a: Landorus|Earth Power|p2a: Weezing","|-immune|p2a: Weezing|[msg]","|move|p2a: Weezing|Rest|p2a: Weezing","|-status|p2a: Weezing|slp","|-heal|p2a: Weezing|334/334 slp|[silent]","|-status|p2a: Weezing|slp|[from] move: Rest","|","|turn|19","|","|move|p1a: Landorus|Psychic|p2a: Weezing","|-supereffective|p2a: Weezing","|-damage|p2a: Weezing|157/334 slp","|cant|p2a: Weezing|slp","|","|-heal|p2a: Weezing|177/334 slp|[from] item: Black Sludge","|turn|20","|","|move|p1a: Landorus|Psychic|p2a: Weezing","|-supereffective|p2a: Weezing","|-damage|p2a: Weezing|0 fnt","|faint|p2a: Weezing","|","|","|switch|p2a: Nidoking|Nidoking, M, shiny|1/303","|turn|21","|","|move|p2a: Nidoking|Ice Beam|p1a: Landorus","|-supereffective|p1a: Landorus","|-damage|p1a: Landorus|0 fnt","|faint|p1a: Landorus","|","|","|switch|p1a: Togekiss|Togekiss, M|374/374","|turn|22","|","|move|p2a: Nidoking|Ice Beam|p1a: Togekiss","|-supereffective|p1a: Togekiss","|-damage|p1a: Togekiss|176/374","|move|p1a: Togekiss|Air Slash|p2a: Nidoking","|-damage|p2a: Nidoking|0 fnt","|faint|p2a: Nidoking","|","|","|switch|p2a: Venusaur|Venusaur, M|364/364","|turn|23","|","|detailschange|p2a: Venusaur|Venusaur-Mega, M","|-mega|p2a: Venusaur|Venusaur|Venusaurite","|move|p1a: Togekiss|Thunder Wave|p2a: Venusaur","|-status|p2a: Venusaur|par","|move|p2a: Venusaur|Sleep Powder|p1a: Togekiss","|-status|p1a: Togekiss|slp","|-enditem|p1a: Togekiss|Lum Berry|[eat]","|-curestatus|p1a: Togekiss|slp","|","|turn|24","|","|move|p1a: Togekiss|Air Slash|p2a: Venusaur","|-supereffective|p2a: Venusaur","|-damage|p2a: Venusaur|196/364 par","|cant|p2a: Venusaur|flinch","|","|turn|25","|","|move|p1a: Togekiss|Air Slash|p2a: Venusaur","|-supereffective|p2a: Venusaur","|-damage|p2a: Venusaur|28/364 par","|cant|p2a: Venusaur|flinch","|","|turn|26","|","|move|p1a: Togekiss|Air Slash|p2a: Venusaur","|-supereffective|p2a: Venusaur","|-damage|p2a: Venusaur|0 fnt","|faint|p2a: Venusaur","|","|win|Carnie KeySein"],"p1rating":{"entryid":"7324336","serverid":"eos","formatid":"monotype","userid":"carniekeysein","username":"Carnie KeySein","w":1,"l":"1","t":"0","gxe":46.8,"r":"1500","rd":"130","sigma":"0","rptime":"1438419600","rpr":1474.7462712186,"rprd":116.59048233267,"rpsigma":"0","acre":1046.3119630454,"lacre":1046.3119630454,"oldacre":"1000"},"p2rating":{"entryid":"7012653","serverid":"eos","formatid":"monotype","userid":"infernooverclass","username":"Inferno OverClass","w":"12","l":24,"t":"0","gxe":35.2,"r":"1380.8744206227","rd":"59.594180407476","sigma":"0","rptime":"1438419600","rpr":1384.0472785385,"rprd":58.116096587196,"rpsigma":"0","acre":1034.1073187169,"lacre":1034.1073187169,"oldacre":"1055.2869940782"},"endType":"normal"}