{"seed":[28763,62216,27995,61502],"turns":24,"p1":"runndude22","p2":"Crystal☪Zeno","p1team":[{"name":"Hariyama","species":"Hariyama","item":"flameorb","ability":"Guts","moves":["icepunch","knockoff","fakeout","closecombat"],"nature":"Adamant","evs":{"hp":252,"atk":252,"def":4,"spa":0,"spd":0,"spe":0},"ivs":{"hp":31,"atk":31,"def":31,"spa":31,"spd":31,"spe":31}},{"name":"Conkeldurr","species":"Conkeldurr","item":"assaultvest","ability":"Guts","moves":["drainpunch","firepunch","knockoff","icepunch"],"nature":"Adamant","evs":{"hp":20,"atk":244,"def":16,"spa":0,"spd":228,"spe":0},"ivs":{"hp":31,"atk":31,"def":31,"spa":31,"spd":31,"spe":31}},{"name":"Gallade","species":"Gallade","item":"expertbelt","ability":"Steadfast","moves":["trickroom","drainpunch","knockoff","icepunch"],"nature":"Brave","evs":{"hp":252,"atk":252,"def":0,"spa":0,"spd":4,"spe":0},"ivs":{"hp":31,"atk":31,"def":31,"spa":31,"spd":31,"spe":0}},{"name":"Heracross","species":"Heracross","item":"heracronite","ability":"Moxie","moves":["bulletseed","rockblast","armthrust","pinmissile"],"nature":"Careful","evs":{"hp":224,"atk":252,"def":0,"spa":0,"spd":32,"spe":0},"ivs":{"hp":31,"atk":31,"def":31,"spa":31,"spd":31,"spe":31}},{"name":"Infernape","species":"Infernape","item":"lifeorb","ability":"Iron Fist","moves":["firepunch","closecombat","earthquake","machpunch"],"nature":"Adamant","evs":{"hp":4,"atk":252,"def":0,"spa":0,"spd":0,"spe":252},"ivs":{"hp":31,"atk":31,"def":31,"spa":31,"spd":31,"spe":31}},{"name":"Hawlucha","species":"Hawlucha","item":"powerherb","ability":"Unburden","moves":["skyattack","highjumpkick","acrobatics","swordsdance"],"nature":"Adamant","evs":{"hp":4,"atk":252,"def":0,"spa":0,"spd":0,"spe":252},"ivs":{"hp":31,"atk":31,"def":31,"spa":31,"spd":31,"spe":31}}],"p2team":[{"name":"Hoopa-Unbound","species":"Hoopa-Unbound","item":"choicescarf","ability":"Magician","moves":["gunkshot","hyperspacefury","zenheadbutt","drainpunch"],"nature":"Jolly","evs":{"hp":0,"atk":252,"def":0,"spa":0,"spd":4,"spe":252},"ivs":{"hp":31,"atk":31,"def":31,"spa":31,"spd":31,"spe":31}},{"name":"Mandibuzz","species":"Mandibuzz","item":"leftovers","ability":"Overcoat","moves":["defog","foulplay","roost","toxic"],"nature":"Bold","evs":{"hp":252,"atk":0,"def":252,"spa":0,"spd":4,"spe":0},"ivs":{"hp":31,"atk":31,"def":31,"spa":31,"spd":31,"spe":31}},{"name":"Bisharp","species":"Bisharp","item":"lifeorb","ability":"Defiant","moves":["ironhead","poisonjab","suckerpunch","swordsdance"],"nature":"Jolly","evs":{"hp":0,"atk":252,"def":0,"spa":0,"spd":4,"spe":252},"ivs":{"hp":31,"atk":31,"def":31,"spa":31,"spd":31,"spe":31}},{"name":"Houndoom","species":"Houndoom","item":"houndoominite","ability":"Flash Fire","moves":["flamethrower","darkpulse","sludgebomb","destinybond"],"nature":"Timid","evs":{"hp":0,"atk":0,"def":0,"spa":252,"spd":4,"spe":252},"ivs":{"hp":31,"atk":31,"def":31,"spa":31,"spd":31,"spe":31}},{"name":"Hydreigon","species":"Hydreigon","item":"choicescarf","ability":"Levitate","moves":["darkpulse","earthpower","uturn","dracometeor"],"nature":"Timid","evs":{"hp":0,"atk":0,"def":0,"spa":252,"spd":4,"spe":252},"ivs":{"hp":31,"atk":31,"def":31,"spa":31,"spd":31,"spe":31}},{"name":"Sableye","species":"Sableye","item":"leftovers","ability":"Prankster","moves":["willowisp","recover","taunt","foulplay"],"nature":"Calm","evs":{"hp":252,"atk":0,"def":4,"spa":0,"spd":252,"spe":0},"ivs":{"hp":31,"atk":31,"def":31,"spa":31,"spd":31,"spe":31}}],"log":["|player|p1|runndude22|151","|player|p2|Crystal☪Zeno|63","|gametype|singles","|gen|6","|tier|Monotype","|rated","|rule|Baton Pass Clause: Limit one Baton Passer, can't pass Spe and other stats simultaneously","|rule|Swagger Clause: Swagger is banned","|rule|Same Type Clause: Pokémon in a team must share a type","|clearpoke","|poke|p1|Hariyama, M","|poke|p1|Conkeldurr, M","|poke|p1|Gallade, M","|poke|p1|Heracross, F","|poke|p1|Infernape, F","|poke|p1|Hawlucha, M","|poke|p2|Hoopa-Unbound","|poke|p2|Mandibuzz, F","|poke|p2|Bisharp, F","|poke|p2|Houndoom, M","|poke|p2|Hydreigon, M","|poke|p2|Sableye, F","|rule|Sleep Clause Mod: Limit one foe put to sleep","|rule|Species Clause: Limit one of each Pokémon","|rule|OHKO Clause: OHKO moves are banned","|rule|Moody Clause: Moody is banned","|rule|Evasion Moves Clause: Evasion moves are banned","|rule|Endless Battle Clause: Forcing endless battles is banned","|rule|HP Percentage Mod: HP is shown in percentages","|teampreview","|","|start","|switch|p1a: Gallade|Gallade, M|340/340","|switch|p2a: Hoopa-Unbound|Hoopa-Unbound|301/301","|turn|1","|","|switch|p2a: Mandibuzz|Mandibuzz, F|424/424","|move|p1a: Gallade|Trick Room|p1a: Gallade","|-fieldstart|move: Trick Room|[of] p1a: Gallade","|","|turn|2","|","|move|p1a: Gallade|Ice Punch|p2a: Mandibuzz","|-supereffective|p2a: Mandibuzz","|-damage|p2a: Mandibuzz|256/424","|move|p2a: Mandibuzz|Foul Play|p1a: Gallade","|-damage|p1a: Gallade|103/340","|","|-heal|p2a: Mandibuzz|282/424|[from] item: Leftovers","|turn|3","|","|switch|p1a: Heracross|Heracross, F|357/357","|move|p2a: Mandibuzz|Roost|p2a: Mandibuzz","|-heal|p2a: Mandibuzz|424/424","|","|turn|4","|","|detailschange|p1a: Heracross|Heracross-Mega, F","|-mega|p1a: Heracross|Heracross|Heracronite","|move|p2a: Mandibuzz|Toxic|p1a: Heracross","|-status|p1a: Heracross|tox","|move|p1a: Heracross|Arm Thrust|p2a: Mandibuzz","|-damage|p2a: Mandibuzz|397/424","|-damage|p2a: Mandibuzz|370/424","|-damage|p2a: Mandibuzz|345/424","|-damage|p2a: Mandibuzz|320/424","|-damage|p2a: Mandibuzz|296/424","|-hitcount|p2a: Mandibuzz|5","|","|-heal|p2a: Mandibuzz|322/424|[from] item: Leftovers","|-damage|p1a: Heracross|335/357 tox|[from] psn","|turn|5","|","|move|p1a: Heracross|Rock Blast|p2a: Mandibuzz","|-supereffective|p2a: Mandibuzz","|-damage|p2a: Mandibuzz|270/424","|-supereffective|p2a: Mandibuzz","|-damage|p2a: Mandibuzz|218/424","|-supereffective|p2a: Mandibuzz","|-damage|p2a: Mandibuzz|160/424","|-supereffective|p2a: Mandibuzz","|-damage|p2a: Mandibuzz|104/424","|-supereffective|p2a: Mandibuzz","|-damage|p2a: Mandibuzz|46/424","|-hitcount|p2a: Mandibuzz|5","|move|p2a: Mandibuzz|Foul Play|p1a: Heracross","|-resisted|p1a: Heracross","|-damage|p1a: Heracross|238/357 tox","|","|-heal|p2a: Mandibuzz|72/424|[from] item: Leftovers","|-damage|p1a: Heracross|194/357 tox|[from] psn","|-fieldend|move: Trick Room","|turn|6","|","|move|p2a: Mandibuzz|Roost|p2a: Mandibuzz","|-heal|p2a: Mandibuzz|284/424","|move|p1a: Heracross|Arm Thrust|p2a: Mandibuzz","|-crit|p2a: Mandibuzz","|-supereffective|p2a: Mandibuzz","|-damage|p2a: Mandibuzz|210/424","|-supereffective|p2a: Mandibuzz","|-damage|p2a: Mandibuzz|160/424","|-supereffective|p2a: Mandibuzz","|-damage|p2a: Mandibuzz|106/424","|-supereffective|p2a: Mandibuzz","|-damage|p2a: Mandibuzz|56/424","|-supereffective|p2a: Mandibuzz","|-damage|p2a: Mandibuzz|8/424","|-hitcount|p2a: Mandibuzz|5","|","|-heal|p2a: Mandibuzz|34/424|[from] item: Leftovers","|-damage|p1a: Heracross|128/357 tox|[from] psn","|turn|7","|","|switch|p1a: Hariyama|Hariyama, M|492/492","|move|p2a: Mandibuzz|Foul Play|p1a: Hariyama","|-resisted|p1a: Hariyama","|-damage|p1a: Hariyama|352/492","|","|-heal|p2a: Mandibuzz|60/424|[from] item: Leftovers","|-status|p1a: Hariyama|brn|[from] item: Flame Orb","|turn|8","|","|move|p1a: Hariyama|Fake Out|p2a: Mandibuzz","|-damage|p2a: Mandibuzz|7/424","|cant|p2a: Mandibuzz|flinch","|","|-heal|p2a: Mandibuzz|33/424|[from] item: Leftovers","|-damage|p1a: Hariyama|291/492 brn|[from] brn","|turn|9","|","|switch|p2a: Sableye|Sableye, F|304/304","|move|p1a: Hariyama|Close Combat|p2a: Sableye","|-immune|p2a: Sableye|[msg]","|","|-damage|p1a: Hariyama|230/492 brn|[from] brn","|turn|10","|","|move|p2a: Sableye|Foul Play|p1a: Hariyama","|-resisted|p1a: Hariyama","|-damage|p1a: Hariyama|98/492 brn","|move|p1a: Hariyama|Knock Off|p2a: Sableye","|-damage|p2a: Sableye|86/304","|-enditem|p2a: Sableye|Leftovers|[from] move: Knock Off|[of] p1a: Hariyama","|","|-damage|p1a: Hariyama|37/492 brn|[from] brn","|turn|11","|","|move|p2a: Sableye|Recover|p2a: Sableye","|-heal|p2a: Sableye|238/304","|move|p1a: Hariyama|Knock Off|p2a: Sableye","|-damage|p2a: Sableye|83/304","|","|-damage|p1a: Hariyama|0 fnt|[from] brn","|faint|p1a: Hariyama","|","|switch|p1a: Hawlucha|Hawlucha, M|298/298","|turn|12","|","|move|p2a: Sableye|Will-O-Wisp|p1a: Hawlucha","|-status|p1a: Hawlucha|brn","|move|p1a: Hawlucha|Acrobatics|p2a: Sableye","|-damage|p2a: Sableye|29/304","|","|-damage|p1a: Hawlucha|261/298 brn|[from] brn","|turn|13","|","|move|p2a: Sableye|Recover|p2a: Sableye","|-heal|p2a: Sableye|181/304","|move|p1a: Hawlucha|Acrobatics|p2a: Sableye","|-damage|p2a: Sableye|128/304","|","|-damage|p1a: Hawlucha|224/298 brn|[from] brn","|turn|14","|","|move|p2a: Sableye|Recover|p2a: Sableye","|-heal|p2a: Sableye|280/304","|move|p1a: Hawlucha|Sky Attack|p2a: Sableye|[still]","|-prepare|p1a: Hawlucha|Sky Attack|p2a: Sableye","|-enditem|p1a: Hawlucha|Power Herb","|-anim|p1a: Hawlucha|Sky Attack|p2a: Sableye","|-damage|p2a: Sableye|152/304","|","|-damage|p1a: Hawlucha|187/298 brn|[from] brn","|turn|15","|","|move|p1a: Hawlucha|Acrobatics|p2a: Sableye","|-damage|p2a: Sableye|50/304","|move|p2a: Sableye|Foul Play|p1a: Hawlucha","|-resisted|p1a: Hawlucha","|-damage|p1a: Hawlucha|102/298 brn","|","|-damage|p1a: Hawlucha|65/298 brn|[from] brn","|turn|16","|","|move|p2a: Sableye|Recover|p2a: Sableye","|-heal|p2a: Sableye|202/304","|move|p1a: Hawlucha|Acrobatics|p2a: Sableye","|-damage|p2a: Sableye|102/304","|","|-damage|p1a: Hawlucha|28/298 brn|[from] brn","|turn|17","|","|switch|p1a: Conkeldurr|Conkeldurr, M|356/356","|move|p2a: Sableye|Recover|p2a: Sableye","|-heal|p2a: Sableye|254/304","|","|turn|18","|","|move|p2a: Sableye|Will-O-Wisp|p1a: Conkeldurr","|-status|p1a: Conkeldurr|brn","|move|p1a: Conkeldurr|Knock Off|p2a: Sableye","|-damage|p2a: Sableye|88/304","|","|-damage|p1a: Conkeldurr|312/356 brn|[from] brn","|turn|19","|","|switch|p2a: Mandibuzz|Mandibuzz, F|33/424","|move|p1a: Conkeldurr|Knock Off|p2a: Mandibuzz","|-resisted|p2a: Mandibuzz","|-damage|p2a: Mandibuzz|0 fnt","|-enditem|p2a: Mandibuzz|Leftovers|[from] move: Knock Off|[of] p1a: Conkeldurr","|faint|p2a: Mandibuzz","|","|-damage|p1a: Conkeldurr|268/356 brn|[from] brn","|","|switch|p2a: Hoopa-Unbound|Hoopa-Unbound|301/301","|turn|20","|","|move|p2a: Hoopa-Unbound|Zen Headbutt|p1a: Conkeldurr","|-supereffective|p1a: Conkeldurr","|-damage|p1a: Conkeldurr|0 fnt","|faint|p1a: Conkeldurr","|","|","|switch|p1a: Gallade|Gallade, M|103/340","|turn|21","|","|move|p2a: Hoopa-Unbound|Zen Headbutt|p1a: Gallade","|-damage|p1a: Gallade|0 fnt","|faint|p1a: Gallade","|","|","|switch|p1a: Infernape|Infernape, F|294/294","|turn|22","|","|move|p2a: Hoopa-Unbound|Zen Headbutt|p1a: Infernape","|-supereffective|p1a: Infernape","|-damage|p1a: Infernape|0 fnt","|faint|p1a: Infernape","|","|","|switch|p1a: Hawlucha|Hawlucha, M|28/298 brn","|turn|23","|","|switch|p2a: Sableye|Sableye, F|88/304","|move|p1a: Hawlucha|Acrobatics|p2a: Sableye","|-damage|p2a: Sableye|0 fnt","|faint|p2a: Sableye","|","|-damage|p1a: Hawlucha|0 fnt|[from] brn","|faint|p1a: Hawlucha","|","|switch|p2a: Houndoom|Houndoom, M|291/291","|switch|p1a: Heracross|Heracross-Mega, F|128/357 tox","|turn|24","|","|detailschange|p2a: Houndoom|Houndoom-Mega, M","|-mega|p2a: Houndoom|Houndoom|Houndoominite","|move|p2a: Houndoom|Flamethrower|p1a: Heracross","|-supereffective|p1a: Heracross","|-damage|p1a: Heracross|0 fnt","|faint|p1a: Heracross","|","|win|Crystal☪Zeno"],"p1rating":{"entryid":"7307758","serverid":"eos","formatid":"monotype","userid":"runndude22","username":"runndude22","w":"4","l":4,"t":"0","gxe":49.5,"r":"1528.1351692769","rd":"102.83219891053","sigma":"0","rptime":"1438419600","rpr":1496.3123255092,"rprd":92.278608146943,"rpsigma":"0","acre":1072.4553957745,"lacre":1072.4553957745,"oldacre":"1094.9833551578"},"p2rating":{"entryid":"7132953","serverid":"eos","formatid":"monotype","userid":"crystalzeno","username":"Crystal☪Zeno","w":11,"l":"9","t":"0","gxe":52.9,"r":"1507.5370355783","rd":"71.881249287336","sigma":"0","rptime":"1438419600","rpr":1521.9162419271,"rprd":70.53417798225,"rpsigma":"0","acre":1142.8907318838,"lacre":1142.8907318838,"oldacre":"1119.6636400787"},"endType":"normal"}