{"seed":[29962,10534,16904,18561],"turns":26,"p1":"Im Slash","p2":"Sovereign♕Cactus","p1team":[{"name":"Kiwi","species":"gardevoir","item":"gardevoirite","ability":"Trace","moves":["hypervoice","psyshock","focusblast","calmmind"],"nature":"Timid","evs":{"hp":0,"atk":4,"def":0,"spa":252,"spd":0,"spe":252},"shiny":true,"ivs":{"hp":31,"atk":31,"def":31,"spa":31,"spd":31,"spe":31}},{"name":"Victini","species":"Victini","item":"choicescarf","ability":"Victory Star","moves":["vcreate","uturn","boltstrike","trick"],"nature":"Jolly","evs":{"hp":0,"atk":252,"def":0,"spa":0,"spd":4,"spe":252},"ivs":{"hp":31,"atk":31,"def":31,"spa":31,"spd":31,"spe":31}},{"name":"Soul Train","species":"latias","item":"lifeorb","ability":"Levitate","moves":["dracometeor","psyshock","defog","healingwish"],"nature":"Timid","evs":{"hp":0,"atk":0,"def":0,"spa":252,"spd":4,"spe":252},"ivs":{"hp":31,"atk":31,"def":31,"spa":31,"spd":31,"spe":31}},{"name":"First Class","species":"metagross","item":"assaultvest","ability":"Clear Body","moves":["meteormash","bulletpunch","zenheadbutt","earthquake"],"nature":"Adamant","evs":{"hp":248,"atk":252,"def":0,"spa":0,"spd":8,"spe":0},"shiny":true,"ivs":{"hp":31,"atk":31,"def":31,"spa":31,"spd":31,"spe":31}},{"name":"BigPapaLongDong","species":"slowbro","item":"rockyhelmet","ability":"Regenerator","moves":["scald","thunderwave","icebeam","slackoff"],"nature":"Bold","evs":{"hp":248,"atk":0,"def":252,"spa":8,"spd":0,"spe":0},"ivs":{"hp":31,"atk":31,"def":31,"spa":31,"spd":31,"spe":31}},{"name":"McBiggleDiggles","species":"meloetta","item":"choicespecs","ability":"Serene Grace","moves":["shadowball","hypervoice","dazzlinggleam","psyshock"],"nature":"Modest","evs":{"hp":248,"atk":0,"def":0,"spa":252,"spd":8,"spe":0},"ivs":{"hp":31,"atk":31,"def":31,"spa":31,"spd":31,"spe":31}}],"p2team":[{"name":"Quagmire","species":"quagsire","item":"leftovers","ability":"Water Absorb","moves":["yawn","scald","recover","stockpile"],"nature":"Bold","evs":{"hp":252,"atk":0,"def":252,"spa":0,"spd":4,"spe":0},"ivs":{"hp":31,"atk":31,"def":31,"spa":31,"spd":31,"spe":31}},{"name":"Barney&Dragons","species":"garchomp","item":"choicescarf","ability":"Rough Skin","moves":["earthquake","dragonclaw","ironhead","stoneedge"],"nature":"Jolly","evs":{"hp":0,"atk":252,"def":0,"spa":0,"spd":4,"spe":252},"gender":"M","ivs":{"hp":31,"atk":31,"def":31,"spa":31,"spd":31,"spe":31}},{"name":"DigDug","species":"excadrill","item":"assaultvest","ability":"Mold Breaker","moves":["earthquake","xscissor","rockslide","ironhead"],"nature":"Adamant","evs":{"hp":0,"atk":252,"def":0,"spa":0,"spd":4,"spe":252},"shiny":true,"ivs":{"hp":31,"atk":31,"def":31,"spa":31,"spd":31,"spe":31}},{"name":"Manny","species":"mamoswine","item":"choicescarf","ability":"Thick Fat","moves":["earthquake","iceshard","iciclecrash","superpower"],"nature":"Jolly","evs":{"hp":0,"atk":248,"def":0,"spa":0,"spd":4,"spe":252},"ivs":{"hp":31,"atk":31,"def":31,"spa":31,"spd":31,"spe":31}},{"name":"Orange Hulk","species":"landorus","item":"lifeorb","ability":"Sheer Force","moves":["earthpower","focusblast","psychic","gravity"],"nature":"Timid","evs":{"hp":0,"atk":0,"def":0,"spa":252,"spd":4,"spe":252},"shiny":true,"ivs":{"hp":31,"atk":31,"def":31,"spa":31,"spd":31,"spe":31}},{"name":"\"Solid\" Snake","species":"steelix","item":"steelixite","ability":"Rock Head","moves":["earthquake","toxic","ironhead","roar"],"nature":"Impish","evs":{"hp":248,"atk":8,"def":252,"spa":0,"spd":0,"spe":0},"ivs":{"hp":31,"atk":31,"def":31,"spa":31,"spd":31,"spe":31}}],"log":["|player|p1|Im Slash|1","|player|p2|Sovereign♕Cactus|251","|gametype|singles","|gen|6","|tier|Monotype","|rated","|rule|Baton Pass Clause: Limit one Baton Passer, can't pass Spe and other stats simultaneously","|rule|Swagger Clause: Swagger is banned","|rule|Same Type Clause: Pokémon in a team must share a type","|clearpoke","|poke|p1|Gardevoir, M, shiny","|poke|p1|Victini","|poke|p1|Latias, F","|poke|p1|Metagross, shiny","|poke|p1|Slowbro, F","|poke|p1|Meloetta","|poke|p2|Quagsire, F","|poke|p2|Garchomp, M","|poke|p2|Excadrill, M, shiny","|poke|p2|Mamoswine, M","|poke|p2|Landorus, M, shiny","|poke|p2|Steelix, F","|rule|Sleep Clause Mod: Limit one foe put to sleep","|rule|Species Clause: Limit one of each Pokémon","|rule|OHKO Clause: OHKO moves are banned","|rule|Moody Clause: Moody is banned","|rule|Evasion Moves Clause: Evasion moves are banned","|rule|Endless Battle Clause: Forcing endless battles is banned","|rule|HP Percentage Mod: HP is shown in percentages","|teampreview","|","|start","|switch|p1a: BigPapaLongDong|Slowbro, F|393/393","|switch|p2a: \"Solid\" Snake|Steelix, F|353/353","|turn|1","|","|detailschange|p2a: \"Solid\" Snake|Steelix-Mega, F","|-mega|p2a: \"Solid\" Snake|Steelix|Steelixite","|move|p1a: BigPapaLongDong|Scald|p2a: \"Solid\" Snake","|-supereffective|p2a: \"Solid\" Snake","|-damage|p2a: \"Solid\" Snake|149/353","|move|p2a: \"Solid\" Snake|Toxic|p1a: BigPapaLongDong","|-status|p1a: BigPapaLongDong|tox","|","|-damage|p1a: BigPapaLongDong|369/393 tox|[from] psn","|turn|2","|","|switch|p2a: Quagmire|Quagsire, F|394/394","|move|p1a: BigPapaLongDong|Scald|p2a: Quagmire","|-immune|p2a: Quagmire|[msg]","|","|-damage|p1a: BigPapaLongDong|321/393 tox|[from] psn","|turn|3","|","|switch|p1a: Kiwi|Gardevoir, M, shiny|277/277","|-ability|p1a: Kiwi|Water Absorb|[from] ability: Trace|[of] p2a: Quagmire","|move|p2a: Quagmire|Stockpile|p2a: Quagmire","|-start|p2a: Quagmire|stockpile1","|-boost|p2a: Quagmire|def|1","|-boost|p2a: Quagmire|spd|1","|","|turn|4","|","|detailschange|p1a: Kiwi|Gardevoir-Mega, M, shiny","|-mega|p1a: Kiwi|Gardevoir|Gardevoirite","|move|p1a: Kiwi|Calm Mind|p1a: Kiwi","|-boost|p1a: Kiwi|spa|1","|-boost|p1a: Kiwi|spd|1","|move|p2a: Quagmire|Yawn|p1a: Kiwi","|-start|p1a: Kiwi|move: Yawn|[of] p2a: Quagmire","|","|turn|5","|","|switch|p2a: \"Solid\" Snake|Steelix-Mega, F|149/353","|move|p1a: Kiwi|Hyper Voice|p2a: \"Solid\" Snake","|-resisted|p2a: \"Solid\" Snake","|-damage|p2a: \"Solid\" Snake|0 fnt","|faint|p2a: \"Solid\" Snake","|","|-end|p1a: Kiwi|move: Yawn|[silent]","|-status|p1a: Kiwi|slp","|","|switch|p2a: Barney&Dragons|Garchomp, M|357/357","|turn|6","|","|switch|p1a: BigPapaLongDong|Slowbro, F|393/393 tox","|move|p2a: Barney&Dragons|Iron Head|p1a: BigPapaLongDong","|-resisted|p1a: BigPapaLongDong","|-damage|p1a: BigPapaLongDong|359/393 tox","|-damage|p2a: Barney&Dragons|298/357|[from] item: Rocky Helmet|[of] p1a: BigPapaLongDong","|","|-damage|p1a: BigPapaLongDong|335/393 tox|[from] psn","|turn|7","|","|switch|p2a: Quagmire|Quagsire, F|394/394","|move|p1a: BigPapaLongDong|Ice Beam|p2a: Quagmire","|-damage|p2a: Quagmire|292/394","|","|-heal|p2a: Quagmire|316/394|[from] item: Leftovers","|-damage|p1a: BigPapaLongDong|287/393 tox|[from] psn","|turn|8","|","|switch|p1a: Soul Train|Latias, F|301/301","|move|p2a: Quagmire|Stockpile|p2a: Quagmire","|-start|p2a: Quagmire|stockpile1","|-boost|p2a: Quagmire|def|1","|-boost|p2a: Quagmire|spd|1","|","|-heal|p2a: Quagmire|340/394|[from] item: Leftovers","|turn|9","|","|move|p1a: Soul Train|Draco Meteor|p2a: Quagmire","|-damage|p2a: Quagmire|83/394","|-unboost|p1a: Soul Train|spa|2","|-damage|p1a: Soul Train|271/301|[from] item: Life Orb","|move|p2a: Quagmire|Scald|p1a: Soul Train","|-resisted|p1a: Soul Train","|-damage|p1a: Soul Train|245/301","|-status|p1a: Soul Train|brn","|","|-heal|p2a: Quagmire|107/394|[from] item: Leftovers","|-damage|p1a: Soul Train|208/301 brn|[from] brn","|turn|10","|","|switch|p2a: Manny|Mamoswine, M|361/361","|move|p1a: Soul Train|Draco Meteor|p2a: Manny","|-damage|p2a: Manny|173/361","|-unboost|p1a: Soul Train|spa|2","|-damage|p1a: Soul Train|178/301 brn|[from] item: Life Orb","|","|-damage|p1a: Soul Train|141/301 brn|[from] brn","|turn|11","|","|switch|p1a: BigPapaLongDong|Slowbro, F|393/393 tox","|move|p2a: Manny|Icicle Crash|p1a: BigPapaLongDong","|-resisted|p1a: BigPapaLongDong","|-damage|p1a: BigPapaLongDong|342/393 tox","|","|-damage|p1a: BigPapaLongDong|318/393 tox|[from] psn","|turn|12","|","|switch|p2a: Quagmire|Quagsire, F|107/394","|switch|p1a: McBiggleDiggles|Meloetta|403/403","|","|-heal|p2a: Quagmire|131/394|[from] item: Leftovers","|turn|13","|","|move|p1a: McBiggleDiggles|Hyper Voice|p2a: Quagmire","|-damage|p2a: Quagmire|0 fnt","|faint|p2a: Quagmire","|","|","|switch|p2a: Manny|Mamoswine, M|173/361","|turn|14","|","|switch|p1a: BigPapaLongDong|Slowbro, F|393/393 tox","|move|p2a: Manny|Earthquake|p1a: BigPapaLongDong","|-damage|p1a: BigPapaLongDong|284/393 tox","|","|-damage|p1a: BigPapaLongDong|260/393 tox|[from] psn","|turn|15","|","|switch|p2a: DigDug|Excadrill, M, shiny|361/361","|-ability|p2a: DigDug|Mold Breaker","|move|p1a: BigPapaLongDong|Scald|p2a: DigDug","|-supereffective|p2a: DigDug","|-damage|p2a: DigDug|173/361","|","|-damage|p1a: BigPapaLongDong|212/393 tox|[from] psn","|turn|16","|","|move|p2a: DigDug|X-Scissor|p1a: BigPapaLongDong","|-supereffective|p1a: BigPapaLongDong","|-damage|p1a: BigPapaLongDong|62/393 tox","|-damage|p2a: DigDug|113/361|[from] item: Rocky Helmet|[of] p1a: BigPapaLongDong","|move|p1a: BigPapaLongDong|Scald|p2a: DigDug","|-supereffective|p2a: DigDug","|-damage|p2a: DigDug|0 fnt","|faint|p2a: DigDug","|","|-damage|p1a: BigPapaLongDong|0 fnt|[from] psn","|faint|p1a: BigPapaLongDong","|","|switch|p2a: Manny|Mamoswine, M|173/361","|switch|p1a: First Class|Metagross, shiny|363/363","|turn|17","|","|move|p1a: First Class|Bullet Punch|p2a: Manny","|-supereffective|p2a: Manny","|-damage|p2a: Manny|0 fnt","|faint|p2a: Manny","|","|","|switch|p2a: Barney&Dragons|Garchomp, M|298/357","|turn|18","|","|switch|p1a: Soul Train|Latias, F|141/301 brn","|move|p2a: Barney&Dragons|Earthquake|p1a: Soul Train","|-immune|p1a: Soul Train|[msg]","|","|-damage|p1a: Soul Train|104/301 brn|[from] brn","|turn|19","|","|switch|p2a: Orange Hulk|Landorus, M, shiny|319/319","|move|p1a: Soul Train|Draco Meteor|p2a: Orange Hulk","|-damage|p2a: Orange Hulk|15/319","|-unboost|p1a: Soul Train|spa|2","|-damage|p1a: Soul Train|74/301 brn|[from] item: Life Orb","|","|-damage|p1a: Soul Train|37/301 brn|[from] brn","|turn|20","|","|move|p1a: Soul Train|Healing Wish|p1a: Soul Train","|faint|p1a: Soul Train","|move|p2a: Orange Hulk|Gravity|p2a: Orange Hulk","|-fieldstart|move: Gravity","|","|","|switch|p1a: Kiwi|Gardevoir-Mega, M, shiny|277/277 slp","|-heal|p1a: Kiwi|277/277|[from] move: Healing Wish","|turn|21","|","|switch|p1a: McBiggleDiggles|Meloetta|403/403","|move|p2a: Orange Hulk|Earth Power|p1a: McBiggleDiggles","|-damage|p1a: McBiggleDiggles|216/403","|","|turn|22","|","|move|p2a: Orange Hulk|Earth Power|p1a: McBiggleDiggles","|-crit|p1a: McBiggleDiggles","|-damage|p1a: McBiggleDiggles|0 fnt","|faint|p1a: McBiggleDiggles","|","|","|switch|p1a: First Class|Metagross, shiny|363/363","|turn|23","|","|move|p1a: First Class|Bullet Punch|p2a: Orange Hulk","|-damage|p2a: Orange Hulk|0 fnt","|faint|p2a: Orange Hulk","|","|","|switch|p2a: Barney&Dragons|Garchomp, M|298/357","|turn|24","|","|move|p2a: Barney&Dragons|Earthquake|p1a: First Class","|-supereffective|p1a: First Class","|-damage|p1a: First Class|85/363","|move|p1a: First Class|Meteor Mash|p2a: Barney&Dragons","|-damage|p2a: Barney&Dragons|123/357","|-damage|p1a: First Class|40/363|[from] ability: Rough Skin|[of] p2a: Barney&Dragons","|","|-fieldend|move: Gravity","|turn|25","|","|move|p1a: First Class|Bullet Punch|p2a: Barney&Dragons","|-damage|p2a: Barney&Dragons|36/357","|-damage|p1a: First Class|0 fnt|[from] ability: Rough Skin|[of] p2a: Barney&Dragons","|faint|p1a: First Class","|move|p2a: Barney&Dragons|Earthquake|p1: First Class|[notarget]","|-notarget","|","|","|switch|p1a: Kiwi|Gardevoir-Mega, M, shiny|277/277","|turn|26","|","|move|p2a: Barney&Dragons|Earthquake|p1a: Kiwi","|-damage|p1a: Kiwi|45/277","|move|p1a: Kiwi|Hyper Voice|p2a: Barney&Dragons","|-supereffective|p2a: Barney&Dragons","|-damage|p2a: Barney&Dragons|0 fnt","|faint|p2a: Barney&Dragons","|","|win|Im Slash"],"p1rating":{"entryid":"7172051","serverid":"eos","formatid":"monotype","userid":"imslash","username":"Im Slash","w":9,"l":"1","t":"0","gxe":70.3,"r":"1582.0219995806","rd":"103.69240753173","sigma":"0","rptime":"1438419600","rpr":1667.1910648151,"rprd":88.105930757703,"rpsigma":"0","acre":1217.0461018884,"lacre":1217.0461018884,"oldacre":"1195.9157079169"},"p2rating":{"entryid":"6867552","serverid":"eos","formatid":"monotype","userid":"sovereigncactus","username":"Sovereign♕Cactus","w":"50","l":62,"t":"0","gxe":44.6,"r":"1460.5508031088","rd":"35.753247470272","sigma":"0","rptime":"1438419600","rpr":1459.0613271838,"rprd":34.251146281892,"rpsigma":"0","acre":1120.5720088119,"lacre":1120.5720088119,"oldacre":"1141.7024027834"},"endType":"normal"}