{"seed":[51140,21011,38374,44296],"turns":38,"p1":"Emg GL Twizzler","p2":"V Monocle","p1team":[{"name":"Magnezone","species":"Magnezone","item":"leftovers","ability":"Sturdy","moves":["flashcannon","thunderbolt","protect","hiddenpowerice"],"nature":"Modest","evs":{"hp":76,"atk":0,"def":180,"spa":252,"spd":0,"spe":0},"ivs":{"hp":31,"atk":30,"def":30,"spa":31,"spd":31,"spe":31}},{"name":"Zapdos","species":"Zapdos","item":"leftovers","ability":"Pressure","moves":["discharge","heatwave","toxic","roost"],"nature":"Bold","evs":{"hp":4,"atk":0,"def":252,"spa":0,"spd":252,"spe":0},"ivs":{"hp":31,"atk":31,"def":31,"spa":31,"spd":31,"spe":31}},{"name":"Ampharos","species":"Ampharos","item":"ampharosite","ability":"Static","moves":["cottonguard","rest","sleeptalk","dragonpulse"],"nature":"Bold","evs":{"hp":0,"atk":0,"def":252,"spa":136,"spd":120,"spe":0},"ivs":{"hp":31,"atk":31,"def":31,"spa":31,"spd":31,"spe":31}},{"name":"Raikou","species":"Raikou","item":"leftovers","ability":"Pressure","moves":["calmmind","extrasensory","thunderbolt","substitute"],"nature":"Timid","evs":{"hp":0,"atk":0,"def":0,"spa":252,"spd":4,"spe":252},"ivs":{"hp":31,"atk":31,"def":31,"spa":31,"spd":31,"spe":31}},{"name":"Rotom-Wash","species":"Rotom-Wash","item":"choicescarf","ability":"Levitate","moves":["voltswitch","hydropump","willowisp","trick"],"nature":"Timid","evs":{"hp":0,"atk":0,"def":0,"spa":252,"spd":4,"spe":252},"ivs":{"hp":31,"atk":31,"def":31,"spa":31,"spd":31,"spe":31}},{"name":"Condom","species":"eelektross","item":"assaultvest","ability":"Levitate","moves":["gigadrain","thunderbolt","drainpunch","knockoff"],"nature":"Quiet","evs":{"hp":3,"atk":136,"def":0,"spa":108,"spd":252,"spe":0},"ivs":{"hp":31,"atk":31,"def":31,"spa":31,"spd":31,"spe":31}}],"p2team":[{"name":"Terrakion","species":"Terrakion","item":"choicescarf","ability":"Justified","moves":["earthquake","closecombat","stoneedge","poisonjab"],"nature":"Jolly","evs":{"hp":0,"atk":252,"def":0,"spa":0,"spd":4,"spe":252},"ivs":{"hp":31,"atk":31,"def":31,"spa":31,"spd":31,"spe":31}},{"name":"Aerodactyl","species":"Aerodactyl","item":"aerodactylite","ability":"Rock Head","moves":["dragonclaw","crunch","aerialace","icefang"],"nature":"Jolly","evs":{"hp":0,"atk":252,"def":0,"spa":0,"spd":4,"spe":252},"ivs":{"hp":31,"atk":31,"def":31,"spa":31,"spd":31,"spe":31}},{"name":"Carracosta","species":"Carracosta","item":"whiteherb","ability":"Sturdy","moves":["aquajet","shellsmash","knockoff","earthquake"],"nature":"Adamant","evs":{"hp":0,"atk":252,"def":0,"spa":0,"spd":4,"spe":252},"ivs":{"hp":31,"atk":31,"def":31,"spa":31,"spd":31,"spe":31}},{"name":"Cradily","species":"Cradily","item":"leftovers","ability":"Storm Drain","moves":["ancientpower","gigadrain","recover","toxic"],"nature":"Calm","evs":{"hp":252,"atk":0,"def":0,"spa":4,"spd":252,"spe":0},"ivs":{"hp":31,"atk":31,"def":31,"spa":31,"spd":31,"spe":31}},{"name":"Tyrantrum","species":"Tyrantrum","item":"choicescarf","ability":"Strong Jaw","moves":["crunch","icefang","firefang","dragonclaw"],"nature":"Jolly","evs":{"hp":0,"atk":252,"def":0,"spa":0,"spd":4,"spe":252},"ivs":{"hp":31,"atk":31,"def":31,"spa":31,"spd":31,"spe":31}},{"name":"Tyranitar","species":"Tyranitar","item":"focussash","ability":"Sand Stream","moves":["crunch","stealthrock","earthquake","superpower"],"nature":"Adamant","evs":{"hp":248,"atk":252,"def":0,"spa":0,"spd":8,"spe":0},"ivs":{"hp":31,"atk":31,"def":31,"spa":31,"spd":31,"spe":31}}],"log":["|player|p1|Emg GL Twizzler|209","|player|p2|V Monocle|vmonocle.png","|gametype|singles","|gen|6","|tier|Monotype","|rated","|rule|Baton Pass Clause: Limit one Baton Passer, can't pass Spe and other stats simultaneously","|rule|Swagger Clause: Swagger is banned","|rule|Same Type Clause: Pokémon in a team must share a type","|clearpoke","|poke|p1|Magnezone","|poke|p1|Zapdos","|poke|p1|Ampharos, F","|poke|p1|Raikou","|poke|p1|Rotom-Wash","|poke|p1|Eelektross, M","|poke|p2|Terrakion","|poke|p2|Aerodactyl, F","|poke|p2|Carracosta, M","|poke|p2|Cradily, M","|poke|p2|Tyrantrum, F","|poke|p2|Tyranitar, F","|rule|Sleep Clause Mod: Limit one foe put to sleep","|rule|Species Clause: Limit one of each Pokémon","|rule|OHKO Clause: OHKO moves are banned","|rule|Moody Clause: Moody is banned","|rule|Evasion Moves Clause: Evasion moves are banned","|rule|Endless Battle Clause: Forcing endless battles is banned","|rule|HP Percentage Mod: HP is shown in percentages","|teampreview","|","|start","|switch|p1a: Rotom-Wash|Rotom-Wash|241/241","|switch|p2a: Tyranitar|Tyranitar, F|403/403","|-weather|Sandstorm","|turn|1","|","|move|p1a: Rotom-Wash|Will-O-Wisp|p2a: Tyranitar","|-status|p2a: Tyranitar|brn","|move|p2a: Tyranitar|Stealth Rock|p1a: Rotom-Wash","|-sidestart|p1: Emg GL Twizzler|move: Stealth Rock","|","|-weather|Sandstorm|[upkeep]","|-damage|p1a: Rotom-Wash|226/241|[from] sandstorm","|-damage|p2a: Tyranitar|353/403 brn|[from] brn","|turn|2","|","|switch|p1a: Magnezone|Magnezone|300/300","|-damage|p1a: Magnezone|282/300|[from] Stealth Rock","|move|p2a: Tyranitar|Crunch|p1a: Magnezone","|-damage|p1a: Magnezone|222/300","|","|-weather|Sandstorm|[upkeep]","|-heal|p1a: Magnezone|240/300|[from] item: Leftovers","|-damage|p2a: Tyranitar|303/403 brn|[from] brn","|turn|3","|","|move|p1a: Magnezone|Protect|p1a: Magnezone","|-singleturn|p1a: Magnezone|Protect","|move|p2a: Tyranitar|Earthquake|p1a: Magnezone","|-activate|p1a: Magnezone|Protect","|","|-weather|Sandstorm|[upkeep]","|-heal|p1a: Magnezone|258/300|[from] item: Leftovers","|-damage|p2a: Tyranitar|253/403 brn|[from] brn","|turn|4","|","|switch|p1a: Rotom-Wash|Rotom-Wash|226/241","|-damage|p1a: Rotom-Wash|196/241|[from] Stealth Rock","|move|p2a: Tyranitar|Earthquake|p1a: Rotom-Wash","|-immune|p1a: Rotom-Wash|[msg]","|","|-weather|Sandstorm|[upkeep]","|-damage|p1a: Rotom-Wash|181/241|[from] sandstorm","|-damage|p2a: Tyranitar|203/403 brn|[from] brn","|turn|5","|","|move|p1a: Rotom-Wash|Volt Switch|p2a: Tyranitar","|-damage|p2a: Tyranitar|125/403 brn","|","|switch|p1a: Magnezone|Magnezone|258/300","|-damage|p1a: Magnezone|240/300|[from] Stealth Rock","|move|p2a: Tyranitar|Superpower|p1a: Magnezone","|-crit|p1a: Magnezone","|-supereffective|p1a: Magnezone","|-damage|p1a: Magnezone|43/300","|-unboost|p2a: Tyranitar|atk|1","|-unboost|p2a: Tyranitar|def|1","|","|-weather|none","|-heal|p1a: Magnezone|61/300|[from] item: Leftovers","|-damage|p2a: Tyranitar|75/403 brn|[from] brn","|turn|6","|","|move|p1a: Magnezone|Protect|p1a: Magnezone","|-singleturn|p1a: Magnezone|Protect","|move|p2a: Tyranitar|Superpower|p1a: Magnezone","|-activate|p1a: Magnezone|Protect","|","|-heal|p1a: Magnezone|79/300|[from] item: Leftovers","|-damage|p2a: Tyranitar|25/403 brn|[from] brn","|turn|7","|","|switch|p1a: Ampharos|Ampharos, F|321/321","|-damage|p1a: Ampharos|281/321|[from] Stealth Rock","|move|p2a: Tyranitar|Superpower|p1a: Ampharos","|-damage|p1a: Ampharos|238/321","|-unboost|p2a: Tyranitar|atk|1","|-unboost|p2a: Tyranitar|def|1","|","|-damage|p2a: Tyranitar|0 fnt|[from] brn","|faint|p2a: Tyranitar","|","|switch|p2a: Terrakion|Terrakion|323/323","|turn|8","|","|switch|p1a: Magnezone|Magnezone|79/300","|-damage|p1a: Magnezone|61/300|[from] Stealth Rock","|move|p2a: Terrakion|Poison Jab|p1a: Magnezone","|-immune|p1a: Magnezone|[msg]","|","|-heal|p1a: Magnezone|79/300|[from] item: Leftovers","|turn|9","|","|switch|p2a: Tyrantrum|Tyrantrum, F|305/305","|move|p1a: Magnezone|Flash Cannon|p2a: Tyrantrum","|-supereffective|p2a: Tyrantrum","|-damage|p2a: Tyrantrum|0 fnt","|faint|p2a: Tyrantrum","|","|-heal|p1a: Magnezone|97/300|[from] item: Leftovers","|","|switch|p2a: Terrakion|Terrakion|323/323","|turn|10","|","|move|p1a: Magnezone|Protect|p1a: Magnezone","|-singleturn|p1a: Magnezone|Protect","|move|p2a: Terrakion|Close Combat|p1a: Magnezone","|-activate|p1a: Magnezone|Protect","|","|-heal|p1a: Magnezone|115/300|[from] item: Leftovers","|turn|11","|","|switch|p1a: Raikou|Raikou|321/321","|-damage|p1a: Raikou|281/321|[from] Stealth Rock","|-ability|p1a: Raikou|Pressure","|move|p2a: Terrakion|Close Combat|p1a: Raikou","|-damage|p1a: Raikou|10/321","|-unboost|p2a: Terrakion|def|1","|-unboost|p2a: Terrakion|spd|1","|","|-heal|p1a: Raikou|30/321|[from] item: Leftovers","|turn|12","|","|switch|p2a: Cradily|Cradily, M|376/376","|move|p1a: Raikou|Thunderbolt|p2a: Cradily","|-resisted|p2a: Cradily","|-damage|p2a: Cradily|322/376","|","|-heal|p1a: Raikou|50/321|[from] item: Leftovers","|-heal|p2a: Cradily|345/376|[from] item: Leftovers","|turn|13","|","|move|p1a: Raikou|Extrasensory|p2a: Cradily","|-damage|p2a: Cradily|280/376","|move|p2a: Cradily|Ancient Power|p1a: Raikou","|-damage|p1a: Raikou|0 fnt","|faint|p1a: Raikou","|","|-heal|p2a: Cradily|303/376|[from] item: Leftovers","|","|switch|p1a: Magnezone|Magnezone|115/300","|-damage|p1a: Magnezone|97/300|[from] Stealth Rock","|turn|14","|","|switch|p2a: Carracosta|Carracosta, M|289/289","|move|p1a: Magnezone|Protect|p1a: Magnezone","|-fail|p1a: Magnezone","|","|-heal|p1a: Magnezone|115/300|[from] item: Leftovers","|turn|15","|","|move|p2a: Carracosta|Shell Smash|p2a: Carracosta","|-boost|p2a: Carracosta|atk|2","|-boost|p2a: Carracosta|spa|2","|-boost|p2a: Carracosta|spe|2","|-unboost|p2a: Carracosta|def|1","|-unboost|p2a: Carracosta|spd|1","|-enditem|p2a: Carracosta|White Herb","|-restoreboost|p2a: Carracosta|[silent]","|move|p1a: Magnezone|Thunderbolt|p2a: Carracosta","|-supereffective|p2a: Carracosta","|-activate|p2a: Carracosta|Sturdy","|-damage|p2a: Carracosta|1/289","|","|-heal|p1a: Magnezone|133/300|[from] item: Leftovers","|turn|16","|","|move|p1a: Magnezone|Protect|p1a: Magnezone","|-singleturn|p1a: Magnezone|Protect","|move|p2a: Carracosta|Earthquake|p1a: Magnezone","|-activate|p1a: Magnezone|Protect","|","|-heal|p1a: Magnezone|151/300|[from] item: Leftovers","|turn|17","|","|switch|p1a: Rotom-Wash|Rotom-Wash|181/241","|-damage|p1a: Rotom-Wash|151/241|[from] Stealth Rock","|move|p2a: Carracosta|Earthquake|p1a: Rotom-Wash","|-immune|p1a: Rotom-Wash|[msg]","|","|turn|18","|","|move|p1a: Rotom-Wash|Volt Switch|p2a: Carracosta","|-supereffective|p2a: Carracosta","|-damage|p2a: Carracosta|0 fnt","|faint|p2a: Carracosta","|","|switch|p1a: Magnezone|Magnezone|151/300","|-damage|p1a: Magnezone|133/300|[from] Stealth Rock","|","|-heal|p1a: Magnezone|151/300|[from] item: Leftovers","|","|switch|p2a: Terrakion|Terrakion|323/323","|turn|19","|","|move|p1a: Magnezone|Protect|p1a: Magnezone","|-singleturn|p1a: Magnezone|Protect","|move|p2a: Terrakion|Close Combat|p1a: Magnezone","|-activate|p1a: Magnezone|Protect","|","|-heal|p1a: Magnezone|169/300|[from] item: Leftovers","|turn|20","|","|switch|p1a: Ampharos|Ampharos, F|238/321","|-damage|p1a: Ampharos|198/321|[from] Stealth Rock","|move|p2a: Terrakion|Close Combat|p1a: Ampharos","|-damage|p1a: Ampharos|27/321","|-unboost|p2a: Terrakion|def|1","|-unboost|p2a: Terrakion|spd|1","|","|turn|21","|","|detailschange|p1a: Ampharos|Ampharos-Mega, F","|-mega|p1a: Ampharos|Ampharos|Ampharosite","|-ability|p1a: Ampharos|Mold Breaker","|move|p2a: Terrakion|Close Combat|p1a: Ampharos","|-damage|p1a: Ampharos|0 fnt","|-unboost|p2a: Terrakion|def|1","|-unboost|p2a: Terrakion|spd|1","|faint|p1a: Ampharos","|","|","|switch|p1a: Zapdos|Zapdos|322/322","|-damage|p1a: Zapdos|242/322|[from] Stealth Rock","|-ability|p1a: Zapdos|Pressure","|turn|22","|","|switch|p2a: Cradily|Cradily, M|303/376","|move|p1a: Zapdos|Discharge|p2a: Cradily","|-resisted|p2a: Cradily","|-damage|p2a: Cradily|262/376","|","|-heal|p1a: Zapdos|262/322|[from] item: Leftovers","|-heal|p2a: Cradily|285/376|[from] item: Leftovers","|turn|23","|","|move|p1a: Zapdos|Toxic|p2a: Cradily","|-status|p2a: Cradily|tox","|move|p2a: Cradily|Ancient Power|p1a: Zapdos","|-supereffective|p1a: Zapdos","|-damage|p1a: Zapdos|154/322","|","|-heal|p1a: Zapdos|174/322|[from] item: Leftovers","|-heal|p2a: Cradily|308/376 tox|[from] item: Leftovers","|-damage|p2a: Cradily|285/376 tox|[from] psn","|turn|24","|","|switch|p1a: Magnezone|Magnezone|169/300","|-damage|p1a: Magnezone|151/300|[from] Stealth Rock","|move|p2a: Cradily|Ancient Power|p1a: Magnezone","|-resisted|p1a: Magnezone","|-damage|p1a: Magnezone|121/300","|","|-heal|p1a: Magnezone|139/300|[from] item: Leftovers","|-heal|p2a: Cradily|308/376 tox|[from] item: Leftovers","|-damage|p2a: Cradily|262/376 tox|[from] psn","|turn|25","|","|switch|p2a: Aerodactyl|Aerodactyl, F|301/301","|move|p1a: Magnezone|Protect|p1a: Magnezone","|-fail|p1a: Magnezone","|","|-heal|p1a: Magnezone|157/300|[from] item: Leftovers","|turn|26","|","|detailschange|p2a: Aerodactyl|Aerodactyl-Mega, F","|-mega|p2a: Aerodactyl|Aerodactyl|Aerodactylite","|move|p1a: Magnezone|Protect|p1a: Magnezone","|-singleturn|p1a: Magnezone|Protect","|move|p2a: Aerodactyl|Crunch|p1a: Magnezone","|-activate|p1a: Magnezone|Protect","|","|-heal|p1a: Magnezone|175/300|[from] item: Leftovers","|turn|27","|","|switch|p1a: Zapdos|Zapdos|174/322","|-damage|p1a: Zapdos|94/322|[from] Stealth Rock","|-ability|p1a: Zapdos|Pressure","|move|p2a: Aerodactyl|Crunch|p1a: Zapdos","|-damage|p1a: Zapdos|0 fnt","|faint|p1a: Zapdos","|","|","|switch|p1a: Rotom-Wash|Rotom-Wash|151/241","|-damage|p1a: Rotom-Wash|121/241|[from] Stealth Rock","|turn|28","|","|move|p1a: Rotom-Wash|Hydro Pump|p2a: Aerodactyl","|-supereffective|p2a: Aerodactyl","|-damage|p2a: Aerodactyl|0 fnt","|faint|p2a: Aerodactyl","|","|","|switch|p2a: Terrakion|Terrakion|323/323","|turn|29","|","|switch|p1a: Condom|Eelektross, M|311/311","|-damage|p1a: Condom|273/311|[from] Stealth Rock","|move|p2a: Terrakion|Close Combat|p1a: Condom","|-damage|p1a: Condom|35/311","|-unboost|p2a: Terrakion|def|1","|-unboost|p2a: Terrakion|spd|1","|","|turn|30","|","|move|p2a: Terrakion|Close Combat|p1a: Condom","|-crit|p1a: Condom","|-damage|p1a: Condom|0 fnt","|-unboost|p2a: Terrakion|def|1","|-unboost|p2a: Terrakion|spd|1","|faint|p1a: Condom","|","|","|switch|p1a: Rotom-Wash|Rotom-Wash|121/241","|-damage|p1a: Rotom-Wash|91/241|[from] Stealth Rock","|turn|31","|","|switch|p2a: Cradily|Cradily, M|262/376 tox","|move|p1a: Rotom-Wash|Hydro Pump|p2a: Cradily","|-boost|p2a: Cradily|spa|1|[from] ability: Storm Drain","|","|-heal|p2a: Cradily|285/376 tox|[from] item: Leftovers","|-damage|p2a: Cradily|262/376 tox|[from] psn","|turn|32","|","|switch|p1a: Magnezone|Magnezone|175/300","|-damage|p1a: Magnezone|157/300|[from] Stealth Rock","|move|p2a: Cradily|Giga Drain|p1a: Magnezone","|-resisted|p1a: Magnezone","|-damage|p1a: Magnezone|99/300","|-heal|p2a: Cradily|291/376 tox|[from] drain|[of] p1a: Magnezone","|","|-heal|p1a: Magnezone|117/300|[from] item: Leftovers","|-heal|p2a: Cradily|314/376 tox|[from] item: Leftovers","|-damage|p2a: Cradily|268/376 tox|[from] psn","|turn|33","|","|move|p1a: Magnezone|Protect|p1a: Magnezone","|-singleturn|p1a: Magnezone|Protect","|move|p2a: Cradily|Giga Drain|p1a: Magnezone","|-activate|p1a: Magnezone|Protect","|","|-heal|p1a: Magnezone|135/300|[from] item: Leftovers","|-heal|p2a: Cradily|291/376 tox|[from] item: Leftovers","|-damage|p2a: Cradily|222/376 tox|[from] psn","|turn|34","|","|move|p1a: Magnezone|Flash Cannon|p2a: Cradily","|-supereffective|p2a: Cradily","|-damage|p2a: Cradily|22/376 tox","|move|p2a: Cradily|Giga Drain|p1a: Magnezone","|-resisted|p1a: Magnezone","|-damage|p1a: Magnezone|79/300","|-heal|p2a: Cradily|50/376 tox|[from] drain|[of] p1a: Magnezone","|","|-heal|p1a: Magnezone|97/300|[from] item: Leftovers","|-heal|p2a: Cradily|73/376 tox|[from] item: Leftovers","|-damage|p2a: Cradily|0 fnt|[from] psn","|faint|p2a: Cradily","|","|switch|p2a: Terrakion|Terrakion|323/323","|turn|35","|","|move|p1a: Magnezone|Protect|p1a: Magnezone","|-singleturn|p1a: Magnezone|Protect","|move|p2a: Terrakion|Stone Edge|p1a: Magnezone","|-activate|p1a: Magnezone|Protect","|","|-heal|p1a: Magnezone|115/300|[from] item: Leftovers","|turn|36","|","|move|p2a: Terrakion|Stone Edge|p1a: Magnezone","|-resisted|p1a: Magnezone","|-damage|p1a: Magnezone|48/300","|move|p1a: Magnezone|Flash Cannon|p2a: Terrakion","|-supereffective|p2a: Terrakion","|-damage|p2a: Terrakion|9/323","|","|-heal|p1a: Magnezone|66/300|[from] item: Leftovers","|turn|37","|","|move|p1a: Magnezone|Protect|p1a: Magnezone","|-singleturn|p1a: Magnezone|Protect","|move|p2a: Terrakion|Stone Edge|p1a: Magnezone","|-activate|p1a: Magnezone|Protect","|","|-heal|p1a: Magnezone|84/300|[from] item: Leftovers","|turn|38","|","|move|p2a: Terrakion|Stone Edge|p1a: Magnezone|[miss]","|-miss|p2a: Terrakion|p1a: Magnezone","|move|p1a: Magnezone|Thunderbolt|p2a: Terrakion","|-damage|p2a: Terrakion|0 fnt","|faint|p2a: Terrakion","|","|win|Emg GL Twizzler"],"p1rating":{"entryid":"7175106","serverid":"eos","formatid":"monotype","userid":"emggltwizzler","username":"Emg GL Twizzler","w":7,"l":"4","t":"0","gxe":56.4,"r":"1486.1351829085","rd":"93.77038431909","sigma":"0","rptime":"1438419600","rpr":1549.7478058587,"rprd":86.100288775599,"rpsigma":"0","acre":1145.9390325883,"lacre":1145.9390325883,"oldacre":"1126.6652742656"},"p2rating":{"entryid":"7320079","serverid":"eos","formatid":"monotype","userid":"vmonocle","username":"V Monocle","w":"2","l":4,"t":"0","gxe":43.3,"r":"1500","rd":"130","sigma":"0","rptime":"1438419600","rpr":1447.0364911249,"rprd":98.7922061153,"rpsigma":"0","acre":1032.6596994871,"lacre":1032.6596994871,"oldacre":"1045.6480609886"},"endType":"normal"}