{"seed":[16664,25028,31082,33388],"turns":25,"p1":"Guard Wanderer","p2":"Sovereign♕Blake","p1team":[{"name":"Weezing","species":"Weezing","item":"sitrusberry","ability":"Levitate","moves":["toxicspikes","willowisp","memento","thief"],"nature":"Careful","evs":{"hp":248,"atk":8,"def":0,"spa":0,"spd":252,"spe":0},"ivs":{"hp":31,"atk":31,"def":31,"spa":31,"spd":31,"spe":31}},{"name":"Tentacruel","species":"Tentacruel","item":"assaultvest","ability":"Liquid Ooze","moves":["scald","acidspray","gigadrain","hex"],"nature":"Timid","evs":{"hp":0,"atk":0,"def":4,"spa":252,"spd":0,"spe":252},"ivs":{"hp":31,"atk":31,"def":31,"spa":31,"spd":31,"spe":31}},{"name":"Skuntank","species":"Skuntank","item":"","ability":"Stench","moves":["snatch","thief","suckerpunch","poisonjab"],"nature":"Adamant","evs":{"hp":248,"atk":252,"def":0,"spa":0,"spd":8,"spe":0},"ivs":{"hp":31,"atk":31,"def":31,"spa":31,"spd":31,"spe":31}},{"name":"Crobat","species":"Crobat","item":"whiteherb","ability":"Infiltrator","moves":["curse","acrobatics","roost","superfang"],"nature":"Jolly","evs":{"hp":248,"atk":8,"def":0,"spa":0,"spd":0,"spe":252},"ivs":{"hp":31,"atk":31,"def":31,"spa":31,"spd":31,"spe":31}},{"name":"Gengar","species":"Gengar","item":"choicescarf","ability":"Levitate","moves":["trick","destinybond","venoshock","hex"],"nature":"Timid","evs":{"hp":0,"atk":0,"def":0,"spa":252,"spd":4,"spe":252},"ivs":{"hp":31,"atk":31,"def":31,"spa":31,"spd":31,"spe":31}},{"name":"Amoonguss","species":"Amoonguss","item":"blacksludge","ability":"Regenerator","moves":["spore","gigadrain","gastroacid","stunspore"],"nature":"Calm","evs":{"hp":248,"atk":0,"def":0,"spa":8,"spd":252,"spe":0},"shiny":true,"ivs":{"hp":31,"atk":31,"def":31,"spa":31,"spd":31,"spe":31}}],"p2team":[{"name":"Terrakion","species":"Terrakion","item":"choicescarf","ability":"Justified","moves":["closecombat","stoneedge","ironhead","xscissor"],"nature":"Jolly","evs":{"hp":0,"atk":252,"def":0,"spa":0,"spd":4,"spe":252},"ivs":{"hp":31,"atk":31,"def":31,"spa":31,"spd":31,"spe":31}},{"name":"Tyranitar","species":"Tyranitar","item":"leftovers","ability":"Sand Stream","moves":["stealthrock","crunch","stoneedge","earthquake"],"nature":"Adamant","evs":{"hp":252,"atk":252,"def":0,"spa":0,"spd":4,"spe":0},"gender":"M","ivs":{"hp":31,"atk":31,"def":31,"spa":31,"spd":31,"spe":31}},{"name":"Aggron","species":"Aggron","item":"aggronite","ability":"Sturdy","moves":["rest","sleeptalk","heavyslam","curse"],"nature":"Impish","evs":{"hp":248,"atk":8,"def":252,"spa":0,"spd":0,"spe":0},"gender":"M","shiny":true,"ivs":{"hp":31,"atk":31,"def":31,"spa":31,"spd":31,"spe":31}},{"name":"Cradily","species":"Cradily","item":"leftovers","ability":"Storm Drain","moves":["gigadrain","recover","toxic","ancientpower"],"nature":"Calm","evs":{"hp":252,"atk":0,"def":0,"spa":4,"spd":252,"spe":0},"gender":"M","ivs":{"hp":31,"atk":31,"def":31,"spa":31,"spd":31,"spe":31}},{"name":"Rhyperior","species":"Rhyperior","item":"assaultvest","ability":"Solid Rock","moves":["megahorn","stoneedge","earthquake","hammerarm"],"nature":"Adamant","evs":{"hp":248,"atk":252,"def":0,"spa":0,"spd":8,"spe":0},"gender":"M","ivs":{"hp":31,"atk":31,"def":31,"spa":31,"spd":31,"spe":31}},{"name":"Aurorus","species":"Aurorus","item":"lifeorb","ability":"Refrigerate","moves":["rockpolish","hypervoice","freezedry","earthpower"],"nature":"Modest","evs":{"hp":0,"atk":0,"def":0,"spa":252,"spd":4,"spe":252},"gender":"M","ivs":{"hp":31,"atk":31,"def":31,"spa":31,"spd":31,"spe":31}}],"log":["|player|p1|Guard Wanderer|235","|player|p2|Sovereign♕Blake|169","|gametype|singles","|gen|6","|tier|Monotype","|rated","|rule|Baton Pass Clause: Limit one Baton Passer, can't pass Spe and other stats simultaneously","|rule|Swagger Clause: Swagger is banned","|rule|Same Type Clause: Pokémon in a team must share a type","|clearpoke","|poke|p1|Weezing, F","|poke|p1|Tentacruel, F","|poke|p1|Skuntank, F","|poke|p1|Crobat, M","|poke|p1|Gengar, M","|poke|p1|Amoonguss, M, shiny","|poke|p2|Terrakion","|poke|p2|Tyranitar, M","|poke|p2|Aggron, M, shiny","|poke|p2|Cradily, M","|poke|p2|Rhyperior, M","|poke|p2|Aurorus, M","|rule|Sleep Clause Mod: Limit one foe put to sleep","|rule|Species Clause: Limit one of each Pokémon","|rule|OHKO Clause: OHKO moves are banned","|rule|Moody Clause: Moody is banned","|rule|Evasion Moves Clause: Evasion moves are banned","|rule|Endless Battle Clause: Forcing endless battles is banned","|rule|HP Percentage Mod: HP is shown in percentages","|teampreview","|","|start","|switch|p1a: Weezing|Weezing, F|333/333","|switch|p2a: Aggron|Aggron, M, shiny|343/343","|turn|1","|","|detailschange|p2a: Aggron|Aggron-Mega, M, shiny","|-mega|p2a: Aggron|Aggron|Aggronite","|move|p1a: Weezing|Will-O-Wisp|p2a: Aggron","|-status|p2a: Aggron|brn","|move|p2a: Aggron|Curse|p2a: Aggron","|-boost|p2a: Aggron|atk|1","|-boost|p2a: Aggron|def|1","|-unboost|p2a: Aggron|spe|1","|","|-damage|p2a: Aggron|301/343 brn|[from] brn","|turn|2","|","|move|p1a: Weezing|Toxic Spikes|p2a: Aggron","|-sidestart|p2: Sovereign♕Blake|move: Toxic Spikes","|move|p2a: Aggron|Curse|p2a: Aggron","|-boost|p2a: Aggron|atk|1","|-boost|p2a: Aggron|def|1","|-unboost|p2a: Aggron|spe|1","|","|-damage|p2a: Aggron|259/343 brn|[from] brn","|turn|3","|","|move|p1a: Weezing|Toxic Spikes|p2a: Aggron","|-sidestart|p2: Sovereign♕Blake|move: Toxic Spikes","|move|p2a: Aggron|Curse|p2a: Aggron","|-boost|p2a: Aggron|atk|1","|-boost|p2a: Aggron|def|1","|-unboost|p2a: Aggron|spe|1","|","|-damage|p2a: Aggron|217/343 brn|[from] brn","|turn|4","|","|move|p1a: Weezing|Memento|p2a: Aggron","|-unboost|p2a: Aggron|atk|2","|-unboost|p2a: Aggron|spa|2","|faint|p1a: Weezing","|move|p2a: Aggron|Curse|p2a: Aggron","|-boost|p2a: Aggron|atk|1","|-boost|p2a: Aggron|def|1","|-unboost|p2a: Aggron|spe|1","|","|-damage|p2a: Aggron|175/343 brn|[from] brn","|","|switch|p1a: Gengar|Gengar, M|261/261","|turn|5","|","|move|p1a: Gengar|Hex|p2a: Aggron","|-damage|p2a: Aggron|0 fnt","|faint|p2a: Aggron","|","|","|switch|p2a: Aurorus|Aurorus, M|387/387","|-status|p2a: Aurorus|tox","|turn|6","|","|switch|p1a: Tentacruel|Tentacruel, F|301/301","|move|p2a: Aurorus|Rock Polish|p2a: Aurorus","|-boost|p2a: Aurorus|spe|2","|","|-damage|p2a: Aurorus|363/387 tox|[from] psn","|turn|7","|","|move|p2a: Aurorus|Freeze-Dry|p1a: Tentacruel","|-supereffective|p1a: Tentacruel","|-damage|p1a: Tentacruel|122/301","|-damage|p2a: Aurorus|325/387 tox|[from] item: Life Orb","|move|p1a: Tentacruel|Scald|p2a: Aurorus","|-supereffective|p2a: Aurorus","|-damage|p2a: Aurorus|109/387 tox","|","|-damage|p2a: Aurorus|61/387 tox|[from] psn","|turn|8","|","|switch|p1a: Skuntank|Skuntank, F|409/409","|move|p2a: Aurorus|Freeze-Dry|p1a: Skuntank","|-damage|p1a: Skuntank|206/409","|-damage|p2a: Aurorus|23/387 tox|[from] item: Life Orb","|","|-damage|p2a: Aurorus|0 fnt|[from] psn","|faint|p2a: Aurorus","|","|switch|p2a: Tyranitar|Tyranitar, M|404/404","|-status|p2a: Tyranitar|tox","|-weather|Sandstorm","|turn|9","|","|move|p1a: Skuntank|Snatch|p1a: Skuntank","|-singleturn|p1a: Skuntank|Snatch","|move|p2a: Tyranitar|Stealth Rock|p1a: Skuntank","|-sidestart|p1: Guard Wanderer|move: Stealth Rock","|","|-weather|Sandstorm|[upkeep]","|-damage|p1a: Skuntank|181/409|[from] sandstorm","|-damage|p2a: Tyranitar|379/404 tox|[from] psn","|turn|10","|","|move|p1a: Skuntank|Snatch|p1a: Skuntank","|-singleturn|p1a: Skuntank|Snatch","|move|p2a: Tyranitar|Earthquake|p1a: Skuntank","|-supereffective|p1a: Skuntank","|-damage|p1a: Skuntank|0 fnt","|faint|p1a: Skuntank","|","|-weather|Sandstorm|[upkeep]","|-heal|p2a: Tyranitar|404/404 tox|[from] item: Leftovers","|-damage|p2a: Tyranitar|354/404 tox|[from] psn","|","|switch|p1a: Crobat|Crobat, M|373/373","|-damage|p1a: Crobat|280/373|[from] Stealth Rock","|turn|11","|","|move|p1a: Crobat|Curse|p1a: Crobat","|-boost|p1a: Crobat|atk|1","|-boost|p1a: Crobat|def|1","|-unboost|p1a: Crobat|spe|1","|-enditem|p1a: Crobat|White Herb","|-restoreboost|p1a: Crobat|[silent]","|move|p2a: Tyranitar|Stone Edge|p1a: Crobat|[miss]","|-miss|p2a: Tyranitar|p1a: Crobat","|","|-weather|Sandstorm|[upkeep]","|-damage|p1a: Crobat|257/373|[from] sandstorm","|-heal|p2a: Tyranitar|379/404 tox|[from] item: Leftovers","|-damage|p2a: Tyranitar|304/404 tox|[from] psn","|turn|12","|","|move|p1a: Crobat|Roost|p1a: Crobat","|-heal|p1a: Crobat|373/373","|move|p2a: Tyranitar|Stone Edge|p1a: Crobat","|-crit|p1a: Crobat","|-damage|p1a: Crobat|0 fnt","|faint|p1a: Crobat","|","|-weather|Sandstorm|[upkeep]","|-heal|p2a: Tyranitar|329/404 tox|[from] item: Leftovers","|-damage|p2a: Tyranitar|229/404 tox|[from] psn","|","|switch|p1a: Amoonguss|Amoonguss, M, shiny|431/431","|-damage|p1a: Amoonguss|378/431|[from] Stealth Rock","|turn|13","|","|move|p2a: Tyranitar|Earthquake|p1a: Amoonguss","|-damage|p1a: Amoonguss|208/431","|move|p1a: Amoonguss|Giga Drain|p2a: Tyranitar","|-supereffective|p2a: Tyranitar","|-damage|p2a: Tyranitar|121/404 tox","|-heal|p1a: Amoonguss|262/431|[from] drain|[of] p2a: Tyranitar","|","|-weather|none","|-heal|p2a: Tyranitar|146/404 tox|[from] item: Leftovers","|-heal|p1a: Amoonguss|288/431|[from] item: Black Sludge","|-damage|p2a: Tyranitar|21/404 tox|[from] psn","|turn|14","|","|move|p2a: Tyranitar|Crunch|p1a: Amoonguss","|-damage|p1a: Amoonguss|92/431","|-unboost|p1a: Amoonguss|def|1","|move|p1a: Amoonguss|Giga Drain|p2a: Tyranitar","|-supereffective|p2a: Tyranitar","|-damage|p2a: Tyranitar|0 fnt","|-heal|p1a: Amoonguss|103/431|[from] drain|[of] p2a: Tyranitar","|faint|p2a: Tyranitar","|","|-heal|p1a: Amoonguss|129/431|[from] item: Black Sludge","|","|switch|p2a: Rhyperior|Rhyperior, M|433/433","|-status|p2a: Rhyperior|tox","|turn|15","|","|switch|p1a: Tentacruel|Tentacruel, F|122/301","|-damage|p1a: Tentacruel|85/301|[from] Stealth Rock","|move|p2a: Rhyperior|Megahorn|p1a: Tentacruel","|-resisted|p1a: Tentacruel","|-damage|p1a: Tentacruel|0 fnt","|faint|p1a: Tentacruel","|","|-damage|p2a: Rhyperior|406/433 tox|[from] psn","|","|switch|p1a: Gengar|Gengar, M|261/261","|-damage|p1a: Gengar|229/261|[from] Stealth Rock","|turn|16","|","|move|p1a: Gengar|Hex|p2a: Rhyperior","|-damage|p2a: Rhyperior|153/433 tox","|move|p2a: Rhyperior|Megahorn|p1a: Gengar","|-resisted|p1a: Gengar","|-damage|p1a: Gengar|171/261","|","|-damage|p2a: Rhyperior|99/433 tox|[from] psn","|turn|17","|","|move|p1a: Gengar|Hex|p2a: Rhyperior","|-damage|p2a: Rhyperior|0 fnt","|faint|p2a: Rhyperior","|","|","|switch|p2a: Cradily|Cradily, M|376/376","|-status|p2a: Cradily|tox","|turn|18","|","|switch|p1a: Amoonguss|Amoonguss, M, shiny|272/431","|-damage|p1a: Amoonguss|219/431|[from] Stealth Rock","|move|p2a: Cradily|Ancient Power|p1a: Amoonguss","|-damage|p1a: Amoonguss|168/431","|","|-heal|p1a: Amoonguss|194/431|[from] item: Black Sludge","|-damage|p2a: Cradily|353/376 tox|[from] psn","|turn|19","|","|move|p2a: Cradily|Ancient Power|p1a: Amoonguss","|-damage|p1a: Amoonguss|146/431","|move|p1a: Amoonguss|Giga Drain|p2a: Cradily","|-damage|p2a: Cradily|295/376 tox","|-heal|p1a: Amoonguss|175/431|[from] drain|[of] p2a: Cradily","|","|-heal|p2a: Cradily|318/376 tox|[from] item: Leftovers","|-heal|p1a: Amoonguss|201/431|[from] item: Black Sludge","|-damage|p2a: Cradily|272/376 tox|[from] psn","|turn|20","|","|move|p2a: Cradily|Ancient Power|p1a: Amoonguss","|-damage|p1a: Amoonguss|149/431","|move|p1a: Amoonguss|Giga Drain|p2a: Cradily","|-damage|p2a: Cradily|220/376 tox","|-heal|p1a: Amoonguss|175/431|[from] drain|[of] p2a: Cradily","|","|-heal|p2a: Cradily|243/376 tox|[from] item: Leftovers","|-heal|p1a: Amoonguss|201/431|[from] item: Black Sludge","|-damage|p2a: Cradily|174/376 tox|[from] psn","|turn|21","|","|switch|p2a: Terrakion|Terrakion|323/323","|-status|p2a: Terrakion|tox","|move|p1a: Amoonguss|Giga Drain|p2a: Terrakion","|-supereffective|p2a: Terrakion","|-damage|p2a: Terrakion|159/323 tox","|-heal|p1a: Amoonguss|283/431|[from] drain|[of] p2a: Terrakion","|","|-heal|p1a: Amoonguss|309/431|[from] item: Black Sludge","|-damage|p2a: Terrakion|139/323 tox|[from] psn","|turn|22","|","|move|p2a: Terrakion|X-Scissor|p1a: Amoonguss","|-damage|p1a: Amoonguss|192/431","|move|p1a: Amoonguss|Giga Drain|p2a: Terrakion","|-supereffective|p2a: Terrakion","|-damage|p2a: Terrakion|0 fnt","|-heal|p1a: Amoonguss|262/431|[from] drain|[of] p2a: Terrakion","|faint|p2a: Terrakion","|","|-heal|p1a: Amoonguss|288/431|[from] item: Black Sludge","|","|switch|p2a: Cradily|Cradily, M|174/376 tox","|turn|23","|","|move|p2a: Cradily|Ancient Power|p1a: Amoonguss","|-damage|p1a: Amoonguss|239/431","|move|p1a: Amoonguss|Giga Drain|p2a: Cradily","|-damage|p2a: Cradily|119/376 tox","|-heal|p1a: Amoonguss|267/431|[from] drain|[of] p2a: Cradily","|","|-heal|p2a: Cradily|142/376 tox|[from] item: Leftovers","|-heal|p1a: Amoonguss|293/431|[from] item: Black Sludge","|-damage|p2a: Cradily|119/376 tox|[from] psn","|turn|24","|","|move|p2a: Cradily|Giga Drain|p1a: Amoonguss","|-resisted|p1a: Amoonguss","|-damage|p1a: Amoonguss|277/431","|-heal|p2a: Cradily|127/376 tox|[from] drain|[of] p1a: Amoonguss","|move|p1a: Amoonguss|Giga Drain|p2a: Cradily","|-damage|p2a: Cradily|75/376 tox","|-heal|p1a: Amoonguss|303/431|[from] drain|[of] p2a: Cradily","|","|-heal|p2a: Cradily|98/376 tox|[from] item: Leftovers","|-heal|p1a: Amoonguss|329/431|[from] item: Black Sludge","|-damage|p2a: Cradily|52/376 tox|[from] psn","|turn|25","|","|move|p2a: Cradily|Toxic|p1a: Amoonguss|[miss]","|-miss|p2a: Cradily|p1a: Amoonguss","|move|p1a: Amoonguss|Giga Drain|p2a: Cradily","|-damage|p2a: Cradily|0 fnt","|-heal|p1a: Amoonguss|355/431|[from] drain|[of] p2a: Cradily","|faint|p2a: Cradily","|","|win|Guard Wanderer"],"p1rating":{"entryid":"6731189","serverid":"eos","formatid":"monotype","userid":"guardwanderer","username":"Guard Wanderer","w":69,"l":"96","t":"0","gxe":39.7,"r":"1419.3229163761","rd":"31.120178144835","sigma":"0","rptime":"1438419600","rpr":1421.0349934527,"rprd":30.695917857075,"rpsigma":"0","acre":1123.3019036041,"lacre":1123.3019036041,"oldacre":"1093.6865416172"},"p2rating":{"entryid":"7151294","serverid":"eos","formatid":"monotype","userid":"sovereignblake","username":"Sovereign♕Blake","w":"10","l":10,"t":"0","gxe":45.9,"r":"1416.7016173284","rd":"85.517593210452","sigma":"0","rptime":"1438419600","rpr":1468.5889006323,"rprd":70.356301484137,"rpsigma":"0","acre":1114.6031570101,"lacre":1114.6031570101,"oldacre":"1143.1376124169"},"endType":"normal"}