{"seed":[10730,55149,59132,42380],"turns":25,"p1":"Void HairyChild","p2":"Knigkt","p1team":[{"name":"Cancer bulk","species":"chansey","item":"eviolite","ability":"Natural Cure","moves":["toxic","stealthrock","wish","seismictoss"],"nature":"Bold","evs":{"hp":128,"atk":0,"def":252,"spa":0,"spd":128,"spe":0},"ivs":{"hp":31,"atk":31,"def":31,"spa":31,"spd":31,"spe":31}},{"name":"Pepto-Bismol","species":"lopunny","item":"lopunnite","ability":"Limber","moves":["highjumpkick","substitute","poweruppunch","return"],"nature":"Jolly","evs":{"hp":0,"atk":252,"def":0,"spa":0,"spd":4,"spe":252},"shiny":true,"ivs":{"hp":31,"atk":31,"def":31,"spa":31,"spd":31,"spe":31}},{"name":"Hurricane","species":"staraptor","item":"leftovers","ability":"Intimidate","moves":["bravebird","featherdance","roost","defog"],"nature":"Impish","evs":{"hp":252,"atk":0,"def":176,"spa":0,"spd":80,"spe":0},"ivs":{"hp":31,"atk":31,"def":31,"spa":31,"spd":31,"spe":31}},{"name":"Meloetta","species":"Meloetta","item":"choicespecs","ability":"Serene Grace","moves":["psychic","focusblast","thunderbolt","shadowball"],"nature":"Modest","evs":{"hp":8,"atk":0,"def":0,"spa":252,"spd":8,"spe":240},"ivs":{"hp":31,"atk":31,"def":31,"spa":31,"spd":31,"spe":31}},{"name":"Ditto","species":"Ditto","item":"choicescarf","ability":"Imposter","moves":["transform"],"nature":"Bold","evs":{"hp":248,"atk":0,"def":252,"spa":0,"spd":8,"spe":0},"ivs":{"hp":31,"atk":31,"def":31,"spa":31,"spd":31,"spe":31}},{"name":"Chocolate Milk","species":"diggersby","item":"lifeorb","ability":"Huge Power","moves":["return","earthquake","quickattack","swordsdance"],"nature":"Jolly","evs":{"hp":0,"atk":252,"def":4,"spa":0,"spd":0,"spe":252},"shiny":true,"ivs":{"hp":31,"atk":31,"def":31,"spa":31,"spd":31,"spe":31}}],"p2team":[{"name":"Garchomp","species":"Garchomp","item":"rockyhelmet","ability":"Rough Skin","moves":["earthquake","stealthrock","dragontail","fireblast"],"nature":"Impish","evs":{"hp":252,"atk":0,"def":240,"spa":0,"spd":0,"spe":16},"ivs":{"hp":31,"atk":31,"def":31,"spa":31,"spd":31,"spe":31}},{"name":"Altaria","species":"Altaria","item":"altarianite","ability":"Natural Cure","moves":["frustration","dragondance","healbell","roost"],"nature":"Impish","evs":{"hp":248,"atk":0,"def":136,"spa":0,"spd":96,"spe":28},"happiness":0,"ivs":{"hp":31,"atk":31,"def":31,"spa":31,"spd":31,"spe":31}},{"name":"Kyurem-Black","species":"Kyurem-Black","item":"choicescarf","ability":"Teravolt","moves":["outrage","fusionbolt","icebeam","ironhead"],"nature":"Naive","evs":{"hp":0,"atk":252,"def":0,"spa":4,"spd":0,"spe":252},"ivs":{"hp":31,"atk":31,"def":31,"spa":31,"spd":31,"spe":31}},{"name":"Dragonite","species":"Dragonite","item":"choiceband","ability":"Multiscale","moves":["earthquake","extremespeed","firepunch","outrage"],"nature":"Adamant","evs":{"hp":0,"atk":252,"def":4,"spa":0,"spd":0,"spe":252},"ivs":{"hp":31,"atk":31,"def":31,"spa":31,"spd":31,"spe":31}},{"name":"Latios","species":"Latios","item":"lifeorb","ability":"Levitate","moves":["dracometeor","psyshock","hiddenpowerfire","icebeam"],"nature":"Timid","evs":{"hp":0,"atk":0,"def":0,"spa":252,"spd":4,"spe":252},"ivs":{"hp":31,"atk":30,"def":31,"spa":30,"spd":31,"spe":30}},{"name":"Goodra","species":"Goodra","item":"assaultvest","ability":"Gooey","moves":["dracometeor","fireblast","sludgewave","earthquake"],"nature":"Quiet","evs":{"hp":248,"atk":8,"def":0,"spa":252,"spd":0,"spe":0},"ivs":{"hp":31,"atk":31,"def":31,"spa":31,"spd":31,"spe":31}}],"log":["|player|p1|Void HairyChild|293","|player|p2|Knigkt|knigkt.png","|gametype|singles","|gen|6","|tier|Monotype","|rated","|rule|Baton Pass Clause: Limit one Baton Passer, can't pass Spe and other stats simultaneously","|rule|Swagger Clause: Swagger is banned","|rule|Same Type Clause: Pokémon in a team must share a type","|clearpoke","|poke|p1|Chansey, F","|poke|p1|Lopunny, F, shiny","|poke|p1|Staraptor, M","|poke|p1|Meloetta","|poke|p1|Ditto","|poke|p1|Diggersby, M, shiny","|poke|p2|Garchomp, M","|poke|p2|Altaria, F","|poke|p2|Kyurem-Black","|poke|p2|Dragonite, F","|poke|p2|Latios, M","|poke|p2|Goodra, M","|rule|Sleep Clause Mod: Limit one foe put to sleep","|rule|Species Clause: Limit one of each Pokémon","|rule|OHKO Clause: OHKO moves are banned","|rule|Moody Clause: Moody is banned","|rule|Evasion Moves Clause: Evasion moves are banned","|rule|Endless Battle Clause: Forcing endless battles is banned","|rule|HP Percentage Mod: HP is shown in percentages","|teampreview","|","|start","|switch|p1a: Cancer bulk|Chansey, F|673/673","|switch|p2a: Garchomp|Garchomp, M|420/420","|turn|1","|","|move|p2a: Garchomp|Stealth Rock|p1a: Cancer bulk","|-sidestart|p1: Void HairyChild|move: Stealth Rock","|move|p1a: Cancer bulk|Toxic|p2a: Garchomp","|-status|p2a: Garchomp|tox","|","|-damage|p2a: Garchomp|394/420 tox|[from] psn","|turn|2","|","|switch|p2a: Altaria|Altaria, F|353/353","|move|p1a: Cancer bulk|Toxic|p2a: Altaria","|-status|p2a: Altaria|tox","|","|-damage|p2a: Altaria|331/353 tox|[from] psn","|turn|3","|","|move|p2a: Altaria|Heal Bell|p2a: Altaria","|-cureteam|p2a: Altaria|[from] move: HealBell","|move|p1a: Cancer bulk|Stealth Rock|p2a: Altaria","|-sidestart|p2: Knigkt|move: Stealth Rock","|","|turn|4","|","|detailschange|p2a: Altaria|Altaria-Mega, F","|-mega|p2a: Altaria|Altaria|Altarianite","|move|p2a: Altaria|Dragon Dance|p2a: Altaria","|-boost|p2a: Altaria|atk|1","|-boost|p2a: Altaria|spe|1","|move|p1a: Cancer bulk|Toxic|p2a: Altaria|[miss]","|-miss|p1a: Cancer bulk|p2a: Altaria","|","|turn|5","|","|move|p2a: Altaria|Frustration|p1a: Cancer bulk","|-damage|p1a: Cancer bulk|339/673","|move|p1a: Cancer bulk|Toxic|p2a: Altaria","|-status|p2a: Altaria|tox","|","|-damage|p2a: Altaria|309/353 tox|[from] psn","|turn|6","|","|move|p2a: Altaria|Frustration|p1a: Cancer bulk","|-damage|p1a: Cancer bulk|0 fnt","|faint|p1a: Cancer bulk","|","|-damage|p2a: Altaria|265/353 tox|[from] psn","|","|switch|p1a: Ditto|Ditto|299/299","|-damage|p1a: Ditto|262/299|[from] Stealth Rock","|-transform|p1a: Ditto|p2a: Altaria","|turn|7","|","|switch|p2a: Goodra|Goodra, M|383/383","|-damage|p2a: Goodra|336/383|[from] Stealth Rock","|move|p1a: Ditto|Frustration|p2a: Goodra","|-supereffective|p2a: Goodra","|-damage|p2a: Goodra|330/383","|-unboost|p1a: Ditto|spe|1","|","|turn|8","|","|switch|p1a: Meloetta|Meloetta|343/343","|-damage|p1a: Meloetta|301/343|[from] Stealth Rock","|move|p2a: Goodra|Draco Meteor|p1a: Meloetta","|-damage|p1a: Meloetta|106/343","|-unboost|p2a: Goodra|spa|2","|","|turn|9","|","|move|p1a: Meloetta|Psychic|p2a: Goodra","|-damage|p2a: Goodra|215/383","|move|p2a: Goodra|Earthquake|p1a: Meloetta","|-damage|p1a: Meloetta|8/343","|","|turn|10","|","|move|p1a: Meloetta|Psychic|p2a: Goodra","|-damage|p2a: Goodra|86/383","|-unboost|p2a: Goodra|spd|1","|move|p2a: Goodra|Earthquake|p1a: Meloetta","|-damage|p1a: Meloetta|0 fnt","|faint|p1a: Meloetta","|","|","|switch|p1a: Pepto-Bismol|Lopunny, F, shiny|271/271","|-damage|p1a: Pepto-Bismol|238/271|[from] Stealth Rock","|turn|11","|","|detailschange|p1a: Pepto-Bismol|Lopunny-Mega, F, shiny","|-mega|p1a: Pepto-Bismol|Lopunny|Lopunnite","|move|p1a: Pepto-Bismol|Substitute|p1a: Pepto-Bismol","|-start|p1a: Pepto-Bismol|Substitute","|-damage|p1a: Pepto-Bismol|171/271","|move|p2a: Goodra|Draco Meteor|p1a: Pepto-Bismol","|-end|p1a: Pepto-Bismol|Substitute","|-unboost|p2a: Goodra|spa|2","|","|turn|12","|","|move|p1a: Pepto-Bismol|Power-Up Punch|p2a: Goodra","|-damage|p2a: Goodra|0 fnt","|-unboost|p1a: Pepto-Bismol|spe|1","|-boost|p1a: Pepto-Bismol|atk|1","|faint|p2a: Goodra","|","|","|switch|p2a: Latios|Latios, M|301/301","|-damage|p2a: Latios|264/301|[from] Stealth Rock","|turn|13","|","|move|p2a: Latios|Psyshock|p1a: Pepto-Bismol","|-supereffective|p1a: Pepto-Bismol","|-damage|p1a: Pepto-Bismol|0 fnt","|-damage|p2a: Latios|234/301|[from] item: Life Orb","|faint|p1a: Pepto-Bismol","|","|","|switch|p1a: Ditto|Ditto|262/299","|-damage|p1a: Ditto|225/299|[from] Stealth Rock","|-transform|p1a: Ditto|p2a: Latios","|turn|14","|","|move|p1a: Ditto|Ice Beam|p2a: Latios","|-supereffective|p2a: Latios","|-damage|p2a: Latios|24/301","|move|p2a: Latios|Draco Meteor|p1a: Ditto","|-supereffective|p1a: Ditto","|-damage|p1a: Ditto|0 fnt","|-unboost|p2a: Latios|spa|2","|-damage|p2a: Latios|0 fnt|[from] item: Life Orb","|faint|p1a: Ditto","|faint|p2a: Latios","|","|","|switch|p1a: Chocolate Milk|Diggersby, M, shiny|311/311","|switch|p2a: Garchomp|Garchomp, M|394/420","|-damage|p1a: Chocolate Milk|292/311|[from] Stealth Rock","|-damage|p2a: Garchomp|368/420|[from] Stealth Rock","|turn|15","|","|move|p1a: Chocolate Milk|Swords Dance|p1a: Chocolate Milk","|-boost|p1a: Chocolate Milk|atk|2","|move|p2a: Garchomp|Earthquake|p1a: Chocolate Milk","|-damage|p1a: Chocolate Milk|100/311","|","|turn|16","|","|move|p1a: Chocolate Milk|Return|p2a: Garchomp","|-damage|p2a: Garchomp|0 fnt","|-damage|p1a: Chocolate Milk|62/311|[from] ability: Rough Skin|[of] p2a: Garchomp","|-damage|p1a: Chocolate Milk|11/311|[from] item: Rocky Helmet|[of] p2a: Garchomp","|-damage|p1a: Chocolate Milk|0 fnt|[from] item: Life Orb","|faint|p2a: Garchomp","|faint|p1a: Chocolate Milk","|","|","|switch|p1a: Hurricane|Staraptor, M|374/374","|switch|p2a: Altaria|Altaria-Mega, F|265/353 tox","|-damage|p1a: Hurricane|281/374|[from] Stealth Rock","|-ability|p1a: Hurricane|Intimidate","|-unboost|p2a: Altaria|atk|1","|-damage|p2a: Altaria|221/353 tox|[from] Stealth Rock","|turn|17","|","|move|p1a: Hurricane|Feather Dance|p2a: Altaria","|-unboost|p2a: Altaria|atk|2","|move|p2a: Altaria|Frustration|p1a: Hurricane","|-damage|p1a: Hurricane|209/374","|","|-heal|p1a: Hurricane|232/374|[from] item: Leftovers","|-damage|p2a: Altaria|199/353 tox|[from] psn","|turn|18","|","|move|p1a: Hurricane|Brave Bird|p2a: Altaria","|-damage|p2a: Altaria|67/353 tox","|-damage|p1a: Hurricane|188/374|[from] recoil|[of] p2a: Altaria","|move|p2a: Altaria|Roost|p2a: Altaria","|-heal|p2a: Altaria|244/353 tox","|","|-heal|p1a: Hurricane|211/374|[from] item: Leftovers","|-damage|p2a: Altaria|200/353 tox|[from] psn","|turn|19","|","|move|p1a: Hurricane|Roost|p1a: Hurricane","|-heal|p1a: Hurricane|374/374","|move|p2a: Altaria|Heal Bell|p2a: Altaria","|-cureteam|p2a: Altaria|[from] move: HealBell","|","|turn|20","|","|move|p1a: Hurricane|Feather Dance|p2a: Altaria","|-unboost|p2a: Altaria|atk|2","|move|p2a: Altaria|Frustration|p1a: Hurricane","|-damage|p1a: Hurricane|326/374","|","|-heal|p1a: Hurricane|349/374|[from] item: Leftovers","|turn|21","|","|move|p1a: Hurricane|Brave Bird|p2a: Altaria","|-damage|p2a: Altaria|77/353","|-damage|p1a: Hurricane|308/374|[from] recoil|[of] p2a: Altaria","|move|p2a: Altaria|Frustration|p1a: Hurricane","|-damage|p1a: Hurricane|259/374","|","|-heal|p1a: Hurricane|282/374|[from] item: Leftovers","|turn|22","|","|move|p1a: Hurricane|Feather Dance|p2a: Altaria","|-unboost|p2a: Altaria|atk|2","|move|p2a: Altaria|Dragon Dance|p2a: Altaria","|-boost|p2a: Altaria|atk|1","|-boost|p2a: Altaria|spe|1","|","|-heal|p1a: Hurricane|305/374|[from] item: Leftovers","|turn|23","|","|move|p2a: Altaria|Frustration|p1a: Hurricane","|-damage|p1a: Hurricane|254/374","|move|p1a: Hurricane|Roost|p1a: Hurricane","|-heal|p1a: Hurricane|374/374","|","|turn|24","|","|move|p2a: Altaria|Frustration|p1a: Hurricane","|-damage|p1a: Hurricane|331/374","|move|p1a: Hurricane|Brave Bird|p2a: Altaria","|-damage|p2a: Altaria|0 fnt","|-damage|p1a: Hurricane|306/374|[from] recoil|[of] p2a: Altaria","|faint|p2a: Altaria","|","|-heal|p1a: Hurricane|329/374|[from] item: Leftovers","|","|switch|p2a: Kyurem-Black|Kyurem-Black|391/391","|-damage|p2a: Kyurem-Black|294/391|[from] Stealth Rock","|-ability|p2a: Kyurem-Black|Teravolt","|turn|25","|","|move|p2a: Kyurem-Black|Ice Beam|p1a: Hurricane","|-supereffective|p1a: Hurricane","|-damage|p1a: Hurricane|0 fnt","|faint|p1a: Hurricane","|","|win|Knigkt"],"p1rating":{"entryid":"5699597","serverid":"eos","formatid":"monotype","userid":"voidhairychild","username":"Void HairyChild","w":"47","l":36,"t":"0","gxe":58.1,"r":"1565.0978260866","rd":"48.099577354181","sigma":"0","rptime":"1438419600","rpr":1561.9924615911,"rprd":47.780294358369,"rpsigma":"0","acre":1185.8380804134,"lacre":1185.8380804134,"oldacre":"1197.1703778195"},"p2rating":{"entryid":"7028899","serverid":"eos","formatid":"monotype","userid":"knigkt","username":"Knigkt","w":24,"l":"1","t":"0","gxe":80.7,"r":"1768.2279948602","rd":"69.536408887803","sigma":"0","rptime":"1438419600","rpr":1774.632858579,"rprd":68.565813414227,"rpsigma":"0","acre":1419.448378129,"lacre":1419.448378129,"oldacre":"1410.3825402042"},"endType":"normal"}