{"seed":[58957,48519,33117,1045],"turns":26,"p1":"GL♅Akuma - Ⓖⓐⓜⓘⓝⓖ","p2":"Guard Wanderer","p1team":[{"name":"Charetard","species":"charizard","item":"charizarditex","ability":"Blaze","moves":["dragondance","dragonclaw","earthquake","firepunch"],"nature":"Adamant","evs":{"hp":0,"atk":252,"def":0,"spa":0,"spd":4,"spe":252},"ivs":{"hp":31,"atk":31,"def":31,"spa":31,"spd":31,"spe":31}},{"name":"Magma","species":"heatran","item":"airballoon","ability":"Flash Fire","moves":["lavaplume","toxic","stealthrock","flashcannon"],"nature":"Calm","evs":{"hp":248,"atk":0,"def":0,"spa":8,"spd":252,"spe":0},"ivs":{"hp":31,"atk":31,"def":31,"spa":31,"spd":31,"spe":31}},{"name":"Infernape","species":"Infernape","item":"focussash","ability":"Iron Fist","moves":["closecombat","machpunch","thunderpunch","firepunch"],"nature":"Jolly","evs":{"hp":0,"atk":252,"def":0,"spa":0,"spd":4,"spe":252},"ivs":{"hp":31,"atk":31,"def":31,"spa":31,"spd":31,"spe":31}},{"name":"Eightales","species":"ninetales","item":"lifeorb","ability":"Drought","moves":["energyball","flamethrower","nastyplot","psyshock"],"nature":"Timid","evs":{"hp":0,"atk":0,"def":0,"spa":252,"spd":4,"spe":252},"ivs":{"hp":31,"atk":31,"def":31,"spa":31,"spd":31,"spe":31}},{"name":"Microwave","species":"rotomheat","item":"choicescarf","ability":"Levitate","moves":["voltswitch","thunderbolt","overheat","painsplit"],"nature":"Timid","evs":{"hp":0,"atk":0,"def":0,"spa":252,"spd":4,"spe":252},"ivs":{"hp":31,"atk":31,"def":31,"spa":31,"spd":31,"spe":31}},{"name":"V for Victini","species":"victini","item":"choiceband","ability":"Victory Star","moves":["vcreate","boltstrike","zenheadbutt","brickbreak"],"nature":"Jolly","evs":{"hp":0,"atk":252,"def":0,"spa":0,"spd":4,"spe":252},"ivs":{"hp":31,"atk":31,"def":31,"spa":31,"spd":31,"spe":31}}],"p2team":[{"name":"Weezing","species":"Weezing","item":"sitrusberry","ability":"Levitate","moves":["toxicspikes","willowisp","memento","thief"],"nature":"Careful","evs":{"hp":248,"atk":8,"def":0,"spa":0,"spd":252,"spe":0},"ivs":{"hp":31,"atk":31,"def":31,"spa":31,"spd":31,"spe":31}},{"name":"Tentacruel","species":"Tentacruel","item":"assaultvest","ability":"Liquid Ooze","moves":["scald","acidspray","gigadrain","hex"],"nature":"Timid","evs":{"hp":0,"atk":0,"def":4,"spa":252,"spd":0,"spe":252},"ivs":{"hp":31,"atk":31,"def":31,"spa":31,"spd":31,"spe":31}},{"name":"Skuntank","species":"Skuntank","item":"","ability":"Stench","moves":["snatch","thief","suckerpunch","poisonjab"],"nature":"Adamant","evs":{"hp":248,"atk":252,"def":0,"spa":0,"spd":8,"spe":0},"ivs":{"hp":31,"atk":31,"def":31,"spa":31,"spd":31,"spe":31}},{"name":"Crobat","species":"Crobat","item":"whiteherb","ability":"Infiltrator","moves":["curse","acrobatics","roost","superfang"],"nature":"Jolly","evs":{"hp":248,"atk":8,"def":0,"spa":0,"spd":0,"spe":252},"ivs":{"hp":31,"atk":31,"def":31,"spa":31,"spd":31,"spe":31}},{"name":"Gengar","species":"Gengar","item":"choicescarf","ability":"Levitate","moves":["trick","destinybond","venoshock","hex"],"nature":"Timid","evs":{"hp":0,"atk":0,"def":0,"spa":252,"spd":4,"spe":252},"ivs":{"hp":31,"atk":31,"def":31,"spa":31,"spd":31,"spe":31}},{"name":"Amoonguss","species":"Amoonguss","item":"blacksludge","ability":"Regenerator","moves":["spore","gigadrain","gastroacid","stunspore"],"nature":"Calm","evs":{"hp":248,"atk":0,"def":0,"spa":8,"spd":252,"spe":0},"shiny":true,"ivs":{"hp":31,"atk":31,"def":31,"spa":31,"spd":31,"spe":31}}],"log":["|player|p1|GL♅Akuma - Ⓖⓐⓜⓘⓝⓖ|145","|player|p2|Guard Wanderer|235","|gametype|singles","|gen|6","|tier|Monotype","|rated","|rule|Baton Pass Clause: Limit one Baton Passer, can't pass Spe and other stats simultaneously","|rule|Swagger Clause: Swagger is banned","|rule|Same Type Clause: Pokémon in a team must share a type","|clearpoke","|poke|p1|Charizard, F","|poke|p1|Heatran, F","|poke|p1|Infernape, F","|poke|p1|Ninetales, M","|poke|p1|Rotom-Heat","|poke|p1|Victini","|poke|p2|Weezing, M","|poke|p2|Tentacruel, M","|poke|p2|Skuntank, M","|poke|p2|Crobat, M","|poke|p2|Gengar, F","|poke|p2|Amoonguss, M, shiny","|rule|Sleep Clause Mod: Limit one foe put to sleep","|rule|Species Clause: Limit one of each Pokémon","|rule|OHKO Clause: OHKO moves are banned","|rule|Moody Clause: Moody is banned","|rule|Evasion Moves Clause: Evasion moves are banned","|rule|Endless Battle Clause: Forcing endless battles is banned","|rule|HP Percentage Mod: HP is shown in percentages","|teampreview","|","|start","|switch|p1a: Charetard|Charizard, F|297/297","|switch|p2a: Amoonguss|Amoonguss, M, shiny|431/431","|turn|1","|","|detailschange|p1a: Charetard|Charizard-Mega-X, F","|-mega|p1a: Charetard|Charizard|Charizardite X","|move|p1a: Charetard|Earthquake|p2a: Amoonguss","|-damage|p2a: Amoonguss|264/431","|move|p2a: Amoonguss|Spore|p1a: Charetard","|-status|p1a: Charetard|slp","|","|-heal|p2a: Amoonguss|290/431|[from] item: Black Sludge","|turn|2","|","|cant|p1a: Charetard|slp","|move|p2a: Amoonguss|Gastro Acid|p1a: Charetard","|-endability|p1a: Charetard","|","|-heal|p2a: Amoonguss|316/431|[from] item: Black Sludge","|turn|3","|","|switch|p2a: Weezing|Weezing, M|333/333","|cant|p1a: Charetard|slp","|","|turn|4","|","|-curestatus|p1a: Charetard|slp","|move|p1a: Charetard|Earthquake|p2a: Weezing","|-immune|p2a: Weezing|[msg]","|move|p2a: Weezing|Memento|p1a: Charetard","|-unboost|p1a: Charetard|atk|2","|-unboost|p1a: Charetard|spa|2","|faint|p2a: Weezing","|","|","|switch|p2a: Skuntank|Skuntank, M|409/409","|turn|5","|","|move|p2a: Skuntank|Snatch|p2a: Skuntank","|-singleturn|p2a: Skuntank|Snatch","|move|p1a: Charetard|Dragon Dance|p1a: Charetard","|-activate|p2a: Skuntank|Snatch|[of] p1a: Charetard","|move|p2a: Skuntank|Dragon Dance|p2a: Skuntank|[from]Snatch","|-boost|p2a: Skuntank|atk|1","|-boost|p2a: Skuntank|spe|1","|","|turn|6","|","|move|p2a: Skuntank|Poison Jab|p1a: Charetard","|-damage|p1a: Charetard|137/297","|move|p1a: Charetard|Earthquake|p2a: Skuntank","|-supereffective|p2a: Skuntank","|-damage|p2a: Skuntank|225/409","|","|turn|7","|","|move|p2a: Skuntank|Sucker Punch|p1a: Charetard","|-damage|p1a: Charetard|0 fnt","|faint|p1a: Charetard","|","|","|switch|p1a: Infernape|Infernape, F|293/293","|turn|8","|","|move|p1a: Infernape|Close Combat|p2a: Skuntank","|-damage|p2a: Skuntank|0 fnt","|-unboost|p1a: Infernape|def|1","|-unboost|p1a: Infernape|spd|1","|faint|p2a: Skuntank","|","|","|switch|p2a: Crobat|Crobat, M|373/373","|turn|9","|","|move|p2a: Crobat|Curse|p2a: Crobat","|-boost|p2a: Crobat|atk|1","|-boost|p2a: Crobat|def|1","|-unboost|p2a: Crobat|spe|1","|-enditem|p2a: Crobat|White Herb","|-restoreboost|p2a: Crobat|[silent]","|move|p1a: Infernape|Thunder Punch|p2a: Crobat","|-supereffective|p2a: Crobat","|-damage|p2a: Crobat|227/373","|","|turn|10","|","|move|p2a: Crobat|Acrobatics|p1a: Infernape","|-supereffective|p1a: Infernape","|-enditem|p1a: Infernape|Focus Sash","|-damage|p1a: Infernape|1/293","|move|p1a: Infernape|Thunder Punch|p2a: Crobat","|-supereffective|p2a: Crobat","|-damage|p2a: Crobat|81/373","|","|turn|11","|","|move|p1a: Infernape|Mach Punch|p2a: Crobat","|-crit|p2a: Crobat","|-resisted|p2a: Crobat","|-damage|p2a: Crobat|51/373","|move|p2a: Crobat|Roost|p2a: Crobat","|-heal|p2a: Crobat|238/373","|","|turn|12","|","|move|p2a: Crobat|Roost|p2a: Crobat","|-heal|p2a: Crobat|373/373","|move|p1a: Infernape|Thunder Punch|p2a: Crobat","|-damage|p2a: Crobat|305/373","|","|turn|13","|","|move|p2a: Crobat|Acrobatics|p1a: Infernape","|-supereffective|p1a: Infernape","|-damage|p1a: Infernape|0 fnt","|faint|p1a: Infernape","|","|","|switch|p1a: Microwave|Rotom-Heat|241/241","|turn|14","|","|move|p1a: Microwave|Volt Switch|p2a: Crobat","|-supereffective|p2a: Crobat","|-damage|p2a: Crobat|65/373","|","|switch|p1a: Magma|Heatran, F|385/385","|-item|p1a: Magma|Air Balloon","|move|p2a: Crobat|Super Fang|p1a: Magma","|-damage|p1a: Magma|193/385","|-enditem|p1a: Magma|Air Balloon","|","|turn|15","|","|move|p2a: Crobat|Roost|p2a: Crobat","|-heal|p2a: Crobat|252/373","|move|p1a: Magma|Lava Plume|p2a: Crobat","|-damage|p2a: Crobat|116/373","|-status|p2a: Crobat|brn","|","|-damage|p2a: Crobat|70/373 brn|[from] brn","|turn|16","|","|move|p2a: Crobat|Super Fang|p1a: Magma","|-damage|p1a: Magma|97/385","|move|p1a: Magma|Stealth Rock|p2a: Crobat","|-sidestart|p2: Guard Wanderer|move: Stealth Rock","|","|-damage|p2a: Crobat|24/373 brn|[from] brn","|turn|17","|","|move|p2a: Crobat|Roost|p2a: Crobat","|-heal|p2a: Crobat|211/373 brn","|move|p1a: Magma|Lava Plume|p2a: Crobat","|-damage|p2a: Crobat|79/373 brn","|","|-damage|p2a: Crobat|33/373 brn|[from] brn","|turn|18","|","|move|p2a: Crobat|Super Fang|p1a: Magma","|-damage|p1a: Magma|49/385","|move|p1a: Magma|Lava Plume|p2a: Crobat","|-damage|p2a: Crobat|0 fnt","|faint|p2a: Crobat","|","|","|switch|p2a: Tentacruel|Tentacruel, M|301/301","|-damage|p2a: Tentacruel|264/301|[from] Stealth Rock","|turn|19","|","|move|p2a: Tentacruel|Scald|p1a: Magma","|-supereffective|p1a: Magma","|-damage|p1a: Magma|0 fnt","|faint|p1a: Magma","|","|","|switch|p1a: Microwave|Rotom-Heat|241/241","|turn|20","|","|move|p1a: Microwave|Overheat|p2a: Tentacruel","|-resisted|p2a: Tentacruel","|-damage|p2a: Tentacruel|207/301","|-unboost|p1a: Microwave|spa|2","|move|p2a: Tentacruel|Scald|p1a: Microwave","|-supereffective|p1a: Microwave","|-damage|p1a: Microwave|29/241","|","|turn|21","|","|switch|p1a: Eightales|Ninetales, M|287/287","|-weather|SunnyDay","|move|p2a: Tentacruel|Acid Spray|p1a: Eightales","|-damage|p1a: Eightales|233/287","|-unboost|p1a: Eightales|spd|2","|","|-weather|SunnyDay|[upkeep]","|turn|22","|","|move|p2a: Tentacruel|Scald|p1a: Eightales","|-supereffective|p1a: Eightales","|-damage|p1a: Eightales|27/287","|move|p1a: Eightales|Energy Ball|p2a: Tentacruel","|-damage|p2a: Tentacruel|152/301","|-damage|p1a: Eightales|0 fnt|[from] item: Life Orb","|faint|p1a: Eightales","|","|-weather|SunnyDay|[upkeep]","|","|switch|p1a: Microwave|Rotom-Heat|29/241","|turn|23","|","|move|p1a: Microwave|Thunderbolt|p2a: Tentacruel","|-supereffective|p2a: Tentacruel","|-damage|p2a: Tentacruel|0 fnt","|faint|p2a: Tentacruel","|","|-weather|SunnyDay|[upkeep]","|","|switch|p2a: Gengar|Gengar, F|261/261","|-damage|p2a: Gengar|229/261|[from] Stealth Rock","|turn|24","|","|move|p2a: Gengar|Hex|p1a: Microwave","|-damage|p1a: Microwave|0 fnt","|faint|p1a: Microwave","|","|-weather|SunnyDay|[upkeep]","|","|switch|p1a: V for Victini|Victini|341/341","|turn|25","|","|switch|p2a: Amoonguss|Amoonguss, M, shiny|431/431","|-damage|p2a: Amoonguss|378/431|[from] Stealth Rock","|move|p1a: V for Victini|Zen Headbutt|p2a: Amoonguss","|-supereffective|p2a: Amoonguss","|-damage|p2a: Amoonguss|0 fnt","|faint|p2a: Amoonguss","|","|-weather|none","|","|switch|p2a: Gengar|Gengar, F|229/261","|-damage|p2a: Gengar|197/261|[from] Stealth Rock","|turn|26","|","|move|p2a: Gengar|Hex|p1a: V for Victini","|-supereffective|p1a: V for Victini","|-damage|p1a: V for Victini|123/341","|move|p1a: V for Victini|Zen Headbutt|p2a: Gengar","|-supereffective|p2a: Gengar","|-damage|p2a: Gengar|0 fnt","|faint|p2a: Gengar","|","|win|GL♅Akuma - Ⓖⓐⓜⓘⓝⓖ"],"p1rating":{"entryid":"6735374","serverid":"eos","formatid":"monotype","userid":"glakuma","username":"GL♅Akuma","w":41,"l":"53","t":"0","gxe":45.5,"r":"1463.8745478507","rd":"39.903497814742","sigma":"0","rptime":"1438419600","rpr":1466.2464267678,"rprd":38.609693394567,"rpsigma":"0","acre":1124.6957216234,"lacre":1124.6957216234,"oldacre":"1100.5756412812"},"p2rating":{"entryid":"6731189","serverid":"eos","formatid":"monotype","userid":"guardwanderer","username":"Guard Wanderer","w":"72","l":101,"t":"0","gxe":39.7,"r":"1419.3229163761","rd":"31.120178144835","sigma":"0","rptime":"1438419600","rpr":1420.779854248,"rprd":29.917629213785,"rpsigma":"0","acre":1065.9090469225,"lacre":1065.9090469225,"oldacre":"1088.3419718045"},"endType":"normal"}