{"seed":[37758,61501,6972,14520],"turns":24,"p1":"Union Wevrm","p2":"samuelwade223","p1team":[{"name":"Umbreon","species":"Umbreon","item":"leftovers","ability":"Synchronize","moves":["foulplay","confuseray","toxic","moonlight"],"nature":"Calm","evs":{"hp":252,"atk":0,"def":4,"spa":0,"spd":252,"spe":0},"ivs":{"hp":31,"atk":31,"def":31,"spa":31,"spd":31,"spe":31}},{"name":"Absol","species":"Absol","item":"absolite","ability":"Pressure","moves":["psychocut","knockoff","suckerpunch","swordsdance"],"nature":"Jolly","evs":{"hp":0,"atk":252,"def":0,"spa":0,"spd":4,"spe":252},"ivs":{"hp":31,"atk":31,"def":31,"spa":31,"spd":31,"spe":31}},{"name":"Mandibuzz","species":"Mandibuzz","item":"leftovers","ability":"Overcoat","moves":["bravebird","toxic","whirlwind","roost"],"nature":"Impish","evs":{"hp":200,"atk":4,"def":208,"spa":0,"spd":96,"spe":0},"ivs":{"hp":31,"atk":31,"def":31,"spa":31,"spd":31,"spe":31}},{"name":"Bisharp","species":"Bisharp","item":"focussash","ability":"Defiant","moves":["swordsdance","suckerpunch","nightslash","ironhead"],"nature":"Adamant","evs":{"hp":4,"atk":252,"def":0,"spa":0,"spd":0,"spe":252},"ivs":{"hp":31,"atk":31,"def":31,"spa":31,"spd":31,"spe":31}},{"name":"Hoopa-Unbound","species":"Hoopa-Unbound","item":"","ability":"Magician","moves":["hyperspacehole","focusblast","darkpulse","calmmind"],"nature":"Timid","evs":{"hp":4,"atk":0,"def":0,"spa":252,"spd":0,"spe":252},"ivs":{"hp":31,"atk":31,"def":31,"spa":31,"spd":31,"spe":31}},{"name":"Sableye","species":"Sableye","item":"leftovers","ability":"Prankster","moves":["willowisp","confuseray","substitute","recover"],"nature":"Calm","evs":{"hp":252,"atk":0,"def":4,"spa":0,"spd":252,"spe":0},"ivs":{"hp":31,"atk":31,"def":31,"spa":31,"spd":31,"spe":31}}],"p2team":[{"name":"Ferrothorn","species":"Ferrothorn","item":"rockyhelmet","ability":"Iron Barbs","moves":["leechseed","protect","stealthrock","powerwhip"],"nature":"Sassy","evs":{"hp":252,"atk":0,"def":0,"spa":0,"spd":252,"spe":4},"shiny":true,"ivs":{"hp":31,"atk":31,"def":31,"spa":31,"spd":31,"spe":31}},{"name":"Skarmory","species":"Skarmory","item":"leftovers","ability":"Keen Eye","moves":["bravebird","spikes","whirlwind","roost"],"nature":"Impish","evs":{"hp":252,"atk":4,"def":252,"spa":0,"spd":0,"spe":0},"shiny":true,"ivs":{"hp":31,"atk":31,"def":31,"spa":31,"spd":31,"spe":31}},{"name":"Scizor","species":"Scizor","item":"scizorite","ability":"Technician","moves":["swordsdance","bulletpunch","bugbite","superpower"],"nature":"Adamant","evs":{"hp":96,"atk":252,"def":40,"spa":0,"spd":116,"spe":4},"shiny":true,"ivs":{"hp":31,"atk":31,"def":31,"spa":31,"spd":31,"spe":31}},{"name":"Metagross","species":"Metagross","item":"lifeorb","ability":"Clear Body","moves":["zenheadbutt","meteormash","earthquake","bulletpunch"],"nature":"Adamant","evs":{"hp":160,"atk":252,"def":0,"spa":0,"spd":0,"spe":96},"shiny":true,"ivs":{"hp":31,"atk":31,"def":31,"spa":31,"spd":31,"spe":31}},{"name":"Heatran","species":"Heatran","item":"choicescarf","ability":"Flash Fire","moves":["hiddenpowergrass","fireblast","earthpower","dragonpulse"],"nature":"Modest","evs":{"hp":4,"atk":0,"def":0,"spa":252,"spd":0,"spe":252},"ivs":{"hp":31,"atk":30,"def":31,"spa":30,"spd":31,"spe":31},"shiny":true},{"name":"Bisharp","species":"Bisharp","item":"lifeorb","ability":"Inner Focus","moves":["aerialace","nightslash","suckerpunch","ironhead"],"nature":"Jolly","evs":{"hp":4,"atk":252,"def":0,"spa":0,"spd":0,"spe":252},"shiny":true,"ivs":{"hp":31,"atk":31,"def":31,"spa":31,"spd":31,"spe":31}}],"log":["|player|p1|Union Wevrm|unionwevrm.png","|player|p2|samuelwade223|290","|gametype|singles","|gen|6","|tier|Monotype","|rated","|rule|Baton Pass Clause: Limit one Baton Passer, can't pass Spe and other stats simultaneously","|rule|Swagger Clause: Swagger is banned","|rule|Same Type Clause: Pokémon in a team must share a type","|clearpoke","|poke|p1|Umbreon, F","|poke|p1|Absol, F","|poke|p1|Mandibuzz, F","|poke|p1|Bisharp, F","|poke|p1|Hoopa-Unbound","|poke|p1|Sableye, F","|poke|p2|Ferrothorn, M, shiny","|poke|p2|Skarmory, M, shiny","|poke|p2|Scizor, F, shiny","|poke|p2|Metagross, shiny","|poke|p2|Heatran, F, shiny","|poke|p2|Bisharp, F, shiny","|rule|Sleep Clause Mod: Limit one foe put to sleep","|rule|Species Clause: Limit one of each Pokémon","|rule|OHKO Clause: OHKO moves are banned","|rule|Moody Clause: Moody is banned","|rule|Evasion Moves Clause: Evasion moves are banned","|rule|Endless Battle Clause: Forcing endless battles is banned","|rule|HP Percentage Mod: HP is shown in percentages","|teampreview","|","|start","|switch|p1a: Hoopa-Unbound|Hoopa-Unbound|302/302","|switch|p2a: Ferrothorn|Ferrothorn, M, shiny|352/352","|turn|1","|","|move|p1a: Hoopa-Unbound|Calm Mind|p1a: Hoopa-Unbound","|-boost|p1a: Hoopa-Unbound|spa|1","|-boost|p1a: Hoopa-Unbound|spd|1","|move|p2a: Ferrothorn|Stealth Rock|p1a: Hoopa-Unbound","|-sidestart|p1: Union Wevrm|move: Stealth Rock","|","|turn|2","|","|move|p1a: Hoopa-Unbound|Focus Blast|p2a: Ferrothorn","|-supereffective|p2a: Ferrothorn","|-damage|p2a: Ferrothorn|36/352","|-item|p1a: Hoopa-Unbound|Rocky Helmet|[from] ability: Magician|[of] p2a: Ferrothorn","|move|p2a: Ferrothorn|Leech Seed|p1a: Hoopa-Unbound","|-start|p1a: Hoopa-Unbound|move: Leech Seed","|","|-damage|p1a: Hoopa-Unbound|265/302|[from] Leech Seed|[of] p2a: Ferrothorn","|-heal|p2a: Ferrothorn|73/352|[silent]","|turn|3","|","|move|p2a: Ferrothorn|Protect|p2a: Ferrothorn","|-singleturn|p2a: Ferrothorn|Protect","|move|p1a: Hoopa-Unbound|Hyperspace Hole|p2a: Ferrothorn","|-resisted|p2a: Ferrothorn","|-damage|p2a: Ferrothorn|0 fnt","|faint|p2a: Ferrothorn","|","|","|switch|p2a: Skarmory|Skarmory, M, shiny|334/334","|turn|4","|","|move|p1a: Hoopa-Unbound|Focus Blast|p2a: Skarmory|[miss]","|-miss|p1a: Hoopa-Unbound|p2a: Skarmory","|move|p2a: Skarmory|Whirlwind|p1a: Hoopa-Unbound","|drag|p1a: Umbreon|Umbreon, F|394/394","|-damage|p1a: Umbreon|345/394|[from] Stealth Rock","|","|-heal|p1a: Umbreon|369/394|[from] item: Leftovers","|turn|5","|","|move|p2a: Skarmory|Spikes|p1a: Umbreon","|-sidestart|p1: Union Wevrm|Spikes","|move|p1a: Umbreon|Confuse Ray|p2a: Skarmory","|-start|p2a: Skarmory|confusion","|","|-heal|p1a: Umbreon|393/394|[from] item: Leftovers","|turn|6","|","|switch|p1a: Mandibuzz|Mandibuzz, F|411/411","|-damage|p1a: Mandibuzz|309/411|[from] Stealth Rock","|-activate|p2a: Skarmory|confusion","|move|p2a: Skarmory|Spikes|p1a: Mandibuzz","|-sidestart|p1: Union Wevrm|Spikes","|","|-heal|p1a: Mandibuzz|334/411|[from] item: Leftovers","|turn|7","|","|move|p1a: Mandibuzz|Whirlwind|p2a: Skarmory","|drag|p2a: Heatran|Heatran, F, shiny|324/324","|","|-heal|p1a: Mandibuzz|359/411|[from] item: Leftovers","|turn|8","|","|move|p2a: Heatran|Fire Blast|p1a: Mandibuzz","|-damage|p1a: Mandibuzz|164/411","|move|p1a: Mandibuzz|Whirlwind|p2a: Heatran","|drag|p2a: Metagross|Metagross, shiny|341/341","|","|-heal|p1a: Mandibuzz|189/411|[from] item: Leftovers","|turn|9","|","|move|p2a: Metagross|Bullet Punch|p1a: Mandibuzz","|-damage|p1a: Mandibuzz|110/411","|-damage|p2a: Metagross|307/341|[from] item: Life Orb","|move|p1a: Mandibuzz|Roost|p1a: Mandibuzz","|-heal|p1a: Mandibuzz|316/411","|","|-heal|p1a: Mandibuzz|341/411|[from] item: Leftovers","|turn|10","|","|switch|p1a: Hoopa-Unbound|Hoopa-Unbound|265/302","|-damage|p1a: Hoopa-Unbound|228/302|[from] Stealth Rock","|-damage|p1a: Hoopa-Unbound|178/302|[from] Spikes","|move|p2a: Metagross|Meteor Mash|p1a: Hoopa-Unbound","|-damage|p1a: Hoopa-Unbound|0 fnt","|-damage|p2a: Metagross|251/341|[from] item: Rocky Helmet|[of] p1a: Hoopa-Unbound","|-damage|p2a: Metagross|217/341|[from] item: Life Orb","|faint|p1a: Hoopa-Unbound","|","|","|switch|p1a: Bisharp|Bisharp, F|272/272","|-damage|p1a: Bisharp|255/272|[from] Stealth Rock","|-damage|p1a: Bisharp|210/272|[from] Spikes","|turn|11","|","|move|p1a: Bisharp|Swords Dance|p1a: Bisharp","|-boost|p1a: Bisharp|atk|2","|move|p2a: Metagross|Earthquake|p1a: Bisharp","|-supereffective|p1a: Bisharp","|-damage|p1a: Bisharp|0 fnt","|-damage|p2a: Metagross|183/341|[from] item: Life Orb","|faint|p1a: Bisharp","|","|","|switch|p1a: Sableye|Sableye, F|304/304","|-damage|p1a: Sableye|266/304|[from] Stealth Rock","|-damage|p1a: Sableye|216/304|[from] Spikes","|turn|12","|","|move|p1a: Sableye|Will-O-Wisp|p2a: Metagross","|-status|p2a: Metagross|brn","|move|p2a: Metagross|Earthquake|p1a: Sableye","|-damage|p1a: Sableye|98/304","|-damage|p2a: Metagross|149/341 brn|[from] item: Life Orb","|","|-heal|p1a: Sableye|117/304|[from] item: Leftovers","|-damage|p2a: Metagross|107/341 brn|[from] brn","|turn|13","|","|move|p1a: Sableye|Recover|p1a: Sableye","|-heal|p1a: Sableye|269/304","|move|p2a: Metagross|Meteor Mash|p1a: Sableye","|-damage|p1a: Sableye|123/304","|-damage|p2a: Metagross|73/341 brn|[from] item: Life Orb","|","|-heal|p1a: Sableye|142/304|[from] item: Leftovers","|-damage|p2a: Metagross|31/341 brn|[from] brn","|turn|14","|","|move|p1a: Sableye|Confuse Ray|p2a: Metagross","|-start|p2a: Metagross|confusion","|-activate|p2a: Metagross|confusion","|-damage|p2a: Metagross|5/341 brn|[from] confusion","|","|-heal|p1a: Sableye|161/304|[from] item: Leftovers","|-damage|p2a: Metagross|0 fnt|[from] brn","|faint|p2a: Metagross","|","|switch|p2a: Skarmory|Skarmory, M, shiny|334/334","|turn|15","|","|move|p1a: Sableye|Will-O-Wisp|p2a: Skarmory|[miss]","|-miss|p1a: Sableye|p2a: Skarmory","|move|p2a: Skarmory|Spikes|p1a: Sableye","|-sidestart|p1: Union Wevrm|Spikes","|","|-heal|p1a: Sableye|180/304|[from] item: Leftovers","|turn|16","|","|move|p1a: Sableye|Confuse Ray|p2a: Skarmory","|-start|p2a: Skarmory|confusion","|-activate|p2a: Skarmory|confusion","|move|p2a: Skarmory|Whirlwind|p1a: Sableye","|drag|p1a: Mandibuzz|Mandibuzz, F|341/411","|-damage|p1a: Mandibuzz|239/411|[from] Stealth Rock","|","|-heal|p1a: Mandibuzz|264/411|[from] item: Leftovers","|turn|17","|","|move|p1a: Mandibuzz|Whirlwind|p2a: Skarmory","|drag|p2a: Scizor|Scizor, F, shiny|305/305","|","|-heal|p1a: Mandibuzz|289/411|[from] item: Leftovers","|turn|18","|","|detailschange|p2a: Scizor|Scizor-Mega, F, shiny","|-mega|p2a: Scizor|Scizor|Scizorite","|move|p1a: Mandibuzz|Brave Bird|p2a: Scizor","|-damage|p2a: Scizor|232/305","|-damage|p1a: Mandibuzz|265/411|[from] recoil|[of] p2a: Scizor","|move|p2a: Scizor|Swords Dance|p2a: Scizor","|-boost|p2a: Scizor|atk|2","|","|-heal|p1a: Mandibuzz|290/411|[from] item: Leftovers","|turn|19","|","|move|p2a: Scizor|Bullet Punch|p1a: Mandibuzz","|-damage|p1a: Mandibuzz|85/411","|move|p1a: Mandibuzz|Brave Bird|p2a: Scizor","|-damage|p2a: Scizor|159/305","|-damage|p1a: Mandibuzz|61/411|[from] recoil|[of] p2a: Scizor","|","|-heal|p1a: Mandibuzz|86/411|[from] item: Leftovers","|turn|20","|","|move|p2a: Scizor|Bullet Punch|p1a: Mandibuzz","|-damage|p1a: Mandibuzz|0 fnt","|faint|p1a: Mandibuzz","|","|","|switch|p1a: Sableye|Sableye, F|180/304","|-damage|p1a: Sableye|142/304|[from] Stealth Rock","|-damage|p1a: Sableye|66/304|[from] Spikes","|turn|21","|","|move|p2a: Scizor|Bullet Punch|p1a: Sableye","|-damage|p1a: Sableye|0 fnt","|faint|p1a: Sableye","|","|","|switch|p1a: Umbreon|Umbreon, F|393/394","|-damage|p1a: Umbreon|344/394|[from] Stealth Rock","|-damage|p1a: Umbreon|246/394|[from] Spikes","|turn|22","|","|move|p2a: Scizor|Superpower|p1a: Umbreon","|-supereffective|p1a: Umbreon","|-damage|p1a: Umbreon|0 fnt","|-unboost|p2a: Scizor|atk|1","|-unboost|p2a: Scizor|def|1","|faint|p1a: Umbreon","|","|","|switch|p1a: Absol|Absol, F|271/271","|-damage|p1a: Absol|238/271|[from] Stealth Rock","|-damage|p1a: Absol|171/271|[from] Spikes","|-ability|p1a: Absol|Pressure","|turn|23","|","|detailschange|p1a: Absol|Absol-Mega, F","|-mega|p1a: Absol|Absol|Absolite","|move|p1a: Absol|Sucker Punch|p2a: Scizor","|-damage|p2a: Scizor|0 fnt","|faint|p2a: Scizor","|","|","|switch|p2a: Skarmory|Skarmory, M, shiny|334/334","|turn|24","|","|move|p1a: Absol|Swords Dance|p1a: Absol","|-boost|p1a: Absol|atk|2","|move|p2a: Skarmory|Brave Bird|p1a: Absol","|-damage|p1a: Absol|0 fnt","|-damage|p2a: Skarmory|278/334|[from] recoil|[of] p1a: Absol","|faint|p1a: Absol","|","|win|samuelwade223"],"p1rating":{"entryid":"7313146","serverid":"eos","formatid":"monotype","userid":"unionwevrm","username":"Union Wevrm","w":"2","l":6,"t":"0","gxe":34.7,"r":"1500","rd":"130","sigma":"0","rptime":"1438419600","rpr":1377.1186461366,"rprd":91.606480021765,"rpsigma":"0","acre":1020.3921112722,"lacre":1020.3921112722,"oldacre":"1035.0221710805"},"p2rating":{"entryid":"7061762","serverid":"eos","formatid":"monotype","userid":"samuelwade223","username":"samuelwade223","w":11,"l":"26","t":"0","gxe":34.6,"r":"1366.5191592313","rd":"59.79977141056","sigma":"0","rptime":"1438419600","rpr":1378.4287480473,"rprd":57.291178476424,"rpsigma":"0","acre":1080.5099211309,"lacre":1080.5099211309,"oldacre":"1049.2266389004"},"endType":"normal"}