{"seed":[7519,34523,56875,16612],"turns":40,"p1":"MASTA_X☆용의 사용자","p2":"log.history","p1team":[{"name":"キュレム","species":"kyuremblack","item":"choicescarf","ability":"Teravolt","moves":["zenheadbutt","fusionbolt","outrage","ironhead"],"nature":"Jolly","evs":{"hp":0,"atk":252,"def":4,"spa":0,"spd":0,"spe":252},"shiny":true,"ivs":{"hp":31,"atk":31,"def":31,"spa":31,"spd":31,"spe":31}},{"name":"オンバーン","species":"noivern","item":"choicespecs","ability":"Infiltrator","moves":["flamethrower","hurricane","dracometeor","boomburst"],"nature":"Timid","evs":{"hp":0,"atk":0,"def":4,"spa":252,"spd":0,"spe":252},"ivs":{"hp":31,"atk":31,"def":31,"spa":31,"spd":31,"spe":31}},{"name":"ラティオス","species":"latios","item":"choicescarf","ability":"Levitate","moves":["hiddenpowerfire","dragonpulse","psyshock","trick"],"nature":"Modest","evs":{"hp":0,"atk":0,"def":4,"spa":252,"spd":0,"spe":252},"ivs":{"hp":31,"atk":30,"def":31,"spa":30,"spd":31,"spe":30}},{"name":"ガブリアス","species":"garchomp","item":"garchompite","ability":"Rough Skin","moves":["fireblast","earthquake","dracometeor","outrage"],"nature":"Naive","evs":{"hp":0,"atk":4,"def":0,"spa":252,"spd":0,"spe":252},"ivs":{"hp":31,"atk":31,"def":31,"spa":31,"spd":31,"spe":31}},{"name":"サザンドラ","species":"hydreigon","item":"lifeorb","ability":"Levitate","moves":["darkpulse","flamethrower","dracometeor","flashcannon"],"nature":"Timid","evs":{"hp":4,"atk":0,"def":0,"spa":252,"spd":0,"spe":252},"shiny":true,"ivs":{"hp":31,"atk":31,"def":31,"spa":31,"spd":31,"spe":31}},{"name":"ボーマンダ","species":"salamence","item":"lumberry","ability":"Moxie","moves":["dragonclaw","dragondance","steelwing","earthquake"],"nature":"Jolly","evs":{"hp":0,"atk":252,"def":4,"spa":0,"spd":0,"spe":252},"ivs":{"hp":31,"atk":31,"def":31,"spa":31,"spd":31,"spe":31}}],"p2team":[{"name":"Delibird","species":"Delibird","item":"focussash","ability":"Hustle","moves":["iceshard","icepunch","aerialace","destinybond"],"nature":"Adamant","evs":{"hp":0,"atk":252,"def":0,"spa":0,"spd":0,"spe":252},"ivs":{"hp":31,"atk":31,"def":31,"spa":31,"spd":31,"spe":31}},{"name":"Skarmory","species":"Skarmory","item":"leftovers","ability":"Sturdy","moves":["stealthrock","whirlwind","bravebird","roost"],"nature":"Impish","evs":{"hp":252,"atk":4,"def":252,"spa":0,"spd":0,"spe":0},"ivs":{"hp":31,"atk":31,"def":31,"spa":31,"spd":31,"spe":31}},{"name":"Gliscor","species":"Gliscor","item":"toxicorb","ability":"Poison Heal","moves":["earthquake","protect","toxic","knockoff"],"nature":"Impish","evs":{"hp":252,"atk":4,"def":252,"spa":0,"spd":0,"spe":0},"ivs":{"hp":31,"atk":31,"def":31,"spa":31,"spd":31,"spe":31}},{"name":"Togekiss","species":"Togekiss","item":"leftovers","ability":"Serene Grace","moves":["roost","thunderwave","airslash","defog"],"nature":"Calm","evs":{"hp":252,"atk":0,"def":0,"spa":0,"spd":252,"spe":0},"ivs":{"hp":31,"atk":31,"def":31,"spa":31,"spd":31,"spe":31}},{"name":"Charizard","species":"Charizard","item":"charizarditey","ability":"Blaze","moves":["fireblast","solarbeam","focusblast","roost"],"nature":"Timid","evs":{"hp":0,"atk":0,"def":0,"spa":252,"spd":0,"spe":252},"ivs":{"hp":31,"atk":31,"def":31,"spa":31,"spd":31,"spe":31}},{"name":"Thundurus-Therian","species":"Thundurus-Therian","item":"choicescarf","ability":"Volt Absorb","moves":["voltswitch","hiddenpowerice","grassknot","thunderbolt"],"nature":"Modest","evs":{"hp":0,"atk":0,"def":0,"spa":252,"spd":0,"spe":252},"ivs":{"hp":31,"atk":30,"def":30,"spa":31,"spd":31,"spe":31}}],"log":["|player|p1|MASTA_X☆용의 사용자|alliancewutang.png","|player|p2|log.history|196","|gametype|singles","|gen|6","|tier|Monotype","|rated","|rule|Baton Pass Clause: Limit one Baton Passer, can't pass Spe and other stats simultaneously","|rule|Swagger Clause: Swagger is banned","|rule|Same Type Clause: Pokémon in a team must share a type","|clearpoke","|poke|p1|Kyurem-Black, shiny","|poke|p1|Noivern, M","|poke|p1|Latios, M","|poke|p1|Garchomp, M","|poke|p1|Hydreigon, M, shiny","|poke|p1|Salamence, M","|poke|p2|Delibird, F","|poke|p2|Skarmory, F","|poke|p2|Gliscor, M","|poke|p2|Togekiss, M","|poke|p2|Charizard, F","|poke|p2|Thundurus-Therian, M","|rule|Sleep Clause Mod: Limit one foe put to sleep","|rule|Species Clause: Limit one of each Pokémon","|rule|OHKO Clause: OHKO moves are banned","|rule|Moody Clause: Moody is banned","|rule|Evasion Moves Clause: Evasion moves are banned","|rule|Endless Battle Clause: Forcing endless battles is banned","|rule|HP Percentage Mod: HP is shown in percentages","|teampreview","|","|start","|switch|p1a: サザンドラ|Hydreigon, M, shiny|326/326","|switch|p2a: Gliscor|Gliscor, M|354/354","|turn|1","|","|move|p2a: Gliscor|Protect|p2a: Gliscor","|-singleturn|p2a: Gliscor|Protect","|move|p1a: サザンドラ|Draco Meteor|p2a: Gliscor","|-activate|p2a: Gliscor|Protect","|","|-status|p2a: Gliscor|tox|[from] item: Toxic Orb","|turn|2","|","|switch|p2a: Togekiss|Togekiss, M|374/374","|move|p1a: サザンドラ|Dark Pulse|p2a: Togekiss","|-resisted|p2a: Togekiss","|-damage|p2a: Togekiss|319/374","|-damage|p1a: サザンドラ|294/326|[from] item: Life Orb","|","|-heal|p2a: Togekiss|342/374|[from] item: Leftovers","|turn|3","|","|switch|p1a: ラティオス|Latios, M|301/301","|move|p2a: Togekiss|Air Slash|p1a: ラティオス","|-damage|p1a: ラティオス|199/301","|","|-heal|p2a: Togekiss|365/374|[from] item: Leftovers","|turn|4","|","|move|p1a: ラティオス|Trick|p2a: Togekiss","|-activate|p1a: ラティオス|move: Trick|[of] p2a: Togekiss","|-item|p2a: Togekiss|Choice Scarf|[from] move: Trick","|-item|p1a: ラティオス|Leftovers|[from] move: Trick","|move|p2a: Togekiss|Thunder Wave|p1a: ラティオス","|-status|p1a: ラティオス|par","|","|-heal|p1a: ラティオス|217/301 par|[from] item: Leftovers","|turn|5","|","|switch|p2a: Charizard|Charizard, F|297/297","|cant|p1a: ラティオス|par","|","|-heal|p1a: ラティオス|235/301 par|[from] item: Leftovers","|turn|6","|","|switch|p2a: Togekiss|Togekiss, M|365/374","|move|p1a: ラティオス|Dragon Pulse|p2a: Togekiss","|-immune|p2a: Togekiss|[msg]","|","|-heal|p1a: ラティオス|253/301 par|[from] item: Leftovers","|turn|7","|","|move|p2a: Togekiss|Air Slash|p1a: ラティオス","|-damage|p1a: ラティオス|162/301 par","|move|p1a: ラティオス|Psyshock|p2a: Togekiss","|-damage|p2a: Togekiss|214/374","|","|-heal|p1a: ラティオス|180/301 par|[from] item: Leftovers","|turn|8","|","|move|p2a: Togekiss|Air Slash|p1a: ラティオス","|-damage|p1a: ラティオス|83/301 par","|move|p1a: ラティオス|Psyshock|p2a: Togekiss","|-damage|p2a: Togekiss|63/374","|","|-heal|p1a: ラティオス|101/301 par|[from] item: Leftovers","|turn|9","|","|move|p2a: Togekiss|Air Slash|p1a: ラティオス","|-damage|p1a: ラティオス|1/301 par","|cant|p1a: ラティオス|par","|","|-heal|p1a: ラティオス|19/301 par|[from] item: Leftovers","|turn|10","|","|move|p2a: Togekiss|Air Slash|p1a: ラティオス","|-damage|p1a: ラティオス|0 fnt","|faint|p1a: ラティオス","|","|","|switch|p1a: キュレム|Kyurem-Black, shiny|391/391","|-ability|p1a: キュレム|Teravolt","|turn|11","|","|move|p1a: キュレム|Fusion Bolt|p2a: Togekiss","|-supereffective|p2a: Togekiss","|-damage|p2a: Togekiss|0 fnt","|faint|p2a: Togekiss","|","|","|switch|p2a: Gliscor|Gliscor, M|354/354 tox","|turn|12","|","|switch|p1a: サザンドラ|Hydreigon, M, shiny|294/326","|move|p2a: Gliscor|Protect|p2a: Gliscor","|-fail|p2a: Gliscor","|","|turn|13","|","|move|p1a: サザンドラ|Dark Pulse|p2a: Gliscor","|-damage|p2a: Gliscor|127/354 tox","|-damage|p1a: サザンドラ|262/326|[from] item: Life Orb","|move|p2a: Gliscor|Knock Off|p1a: サザンドラ","|-resisted|p1a: サザンドラ","|-damage|p1a: サザンドラ|221/326","|-enditem|p1a: サザンドラ|Life Orb|[from] move: Knock Off|[of] p2a: Gliscor","|","|-heal|p2a: Gliscor|171/354 tox|[from] ability: Poison Heal","|turn|14","|","|move|p2a: Gliscor|Protect|p2a: Gliscor","|-singleturn|p2a: Gliscor|Protect","|move|p1a: サザンドラ|Draco Meteor|p2a: Gliscor","|-activate|p2a: Gliscor|Protect","|","|-heal|p2a: Gliscor|215/354 tox|[from] ability: Poison Heal","|turn|15","|","|switch|p2a: Skarmory|Skarmory, F|334/334","|move|p1a: サザンドラ|Draco Meteor|p2a: Skarmory","|-crit|p2a: Skarmory","|-resisted|p2a: Skarmory","|-damage|p2a: Skarmory|100/334","|-unboost|p1a: サザンドラ|spa|2","|","|-heal|p2a: Skarmory|120/334|[from] item: Leftovers","|turn|16","|","|switch|p2a: Charizard|Charizard, F|297/297","|move|p1a: サザンドラ|Flamethrower|p2a: Charizard","|-resisted|p2a: Charizard","|-damage|p2a: Charizard|269/297","|","|turn|17","|","|switch|p1a: ガブリアス|Garchomp, M|357/357","|detailschange|p2a: Charizard|Charizard-Mega-Y, F","|-mega|p2a: Charizard|Charizard|Charizardite Y","|-weather|SunnyDay","|move|p2a: Charizard|Focus Blast|p1a: ガブリアス|[miss]","|-miss|p2a: Charizard|p1a: ガブリアス","|","|-weather|SunnyDay|[upkeep]","|turn|18","|","|switch|p2a: Skarmory|Skarmory, F|120/334","|detailschange|p1a: ガブリアス|Garchomp-Mega, M","|-mega|p1a: ガブリアス|Garchomp|Garchompite","|move|p1a: ガブリアス|Draco Meteor|p2a: Skarmory","|-resisted|p2a: Skarmory","|-damage|p2a: Skarmory|0 fnt","|-unboost|p1a: ガブリアス|spa|2","|faint|p2a: Skarmory","|","|-weather|SunnyDay|[upkeep]","|","|switch|p2a: Gliscor|Gliscor, M|215/354 tox","|turn|19","|","|switch|p1a: サザンドラ|Hydreigon, M, shiny|221/326","|move|p2a: Gliscor|Toxic|p1a: サザンドラ","|-status|p1a: サザンドラ|tox","|","|-weather|SunnyDay|[upkeep]","|-damage|p1a: サザンドラ|201/326 tox|[from] psn","|-heal|p2a: Gliscor|259/354 tox|[from] ability: Poison Heal","|turn|20","|","|move|p2a: Gliscor|Protect|p2a: Gliscor","|-singleturn|p2a: Gliscor|Protect","|move|p1a: サザンドラ|Flamethrower|p2a: Gliscor","|-activate|p2a: Gliscor|Protect","|","|-weather|SunnyDay|[upkeep]","|-damage|p1a: サザンドラ|161/326 tox|[from] psn","|-heal|p2a: Gliscor|303/354 tox|[from] ability: Poison Heal","|turn|21","|","|switch|p2a: Charizard|Charizard-Mega-Y, F|269/297","|move|p1a: サザンドラ|Draco Meteor|p2a: Charizard","|-damage|p2a: Charizard|70/297","|-unboost|p1a: サザンドラ|spa|2","|","|-weather|none","|-damage|p1a: サザンドラ|101/326 tox|[from] psn","|turn|22","|","|move|p2a: Charizard|Roost|p2a: Charizard","|-heal|p2a: Charizard|219/297","|move|p1a: サザンドラ|Draco Meteor|p2a: Charizard","|-damage|p2a: Charizard|120/297","|-unboost|p1a: サザンドラ|spa|2","|","|-damage|p1a: サザンドラ|21/326 tox|[from] psn","|turn|23","|","|switch|p1a: オンバーン|Noivern, M|311/311","|move|p2a: Charizard|Roost|p2a: Charizard","|-heal|p2a: Charizard|269/297","|","|turn|24","|","|move|p1a: オンバーン|Draco Meteor|p2a: Charizard","|-damage|p2a: Charizard|29/297","|-unboost|p1a: オンバーン|spa|2","|move|p2a: Charizard|Fire Blast|p1a: オンバーン","|-resisted|p1a: オンバーン","|-damage|p1a: オンバーン|175/311","|","|turn|25","|","|move|p1a: オンバーン|Draco Meteor|p2a: Charizard","|-damage|p2a: Charizard|0 fnt","|-unboost|p1a: オンバーン|spa|2","|faint|p2a: Charizard","|","|","|switch|p2a: Thundurus-Therian|Thundurus-Therian, M|299/299","|turn|26","|","|switch|p1a: サザンドラ|Hydreigon, M, shiny|21/326 tox","|move|p2a: Thundurus-Therian|Hidden Power|p1a: サザンドラ","|-supereffective|p1a: サザンドラ","|-damage|p1a: サザンドラ|0 fnt","|faint|p1a: サザンドラ","|","|","|switch|p1a: キュレム|Kyurem-Black, shiny|391/391","|-ability|p1a: キュレム|Teravolt","|turn|27","|","|move|p1a: キュレム|Outrage|p2a: Thundurus-Therian","|-crit|p2a: Thundurus-Therian","|-damage|p2a: Thundurus-Therian|0 fnt","|faint|p2a: Thundurus-Therian","|","|","|switch|p2a: Gliscor|Gliscor, M|303/354 tox","|turn|28","|","|move|p1a: キュレム|Outrage|p2a: Gliscor","|-damage|p2a: Gliscor|135/354 tox","|move|p2a: Gliscor|Toxic|p1a: キュレム","|-status|p1a: キュレム|tox","|","|-damage|p1a: キュレム|367/391 tox|[from] psn","|-heal|p2a: Gliscor|179/354 tox|[from] ability: Poison Heal","|turn|29","|","|move|p2a: Gliscor|Protect|p2a: Gliscor","|-singleturn|p2a: Gliscor|Protect","|move|p1a: キュレム|Outrage|p2a: Gliscor","|-activate|p2a: Gliscor|Protect","|-start|p1a: キュレム|confusion|[fatigue]","|","|-damage|p1a: キュレム|319/391 tox|[from] psn","|-heal|p2a: Gliscor|223/354 tox|[from] ability: Poison Heal","|turn|30","|","|switch|p1a: オンバーン|Noivern, M|175/311","|move|p2a: Gliscor|Knock Off|p1a: オンバーン","|-damage|p1a: オンバーン|94/311","|-enditem|p1a: オンバーン|Choice Specs|[from] move: Knock Off|[of] p2a: Gliscor","|","|-heal|p2a: Gliscor|267/354 tox|[from] ability: Poison Heal","|turn|31","|","|move|p2a: Gliscor|Protect|p2a: Gliscor","|-singleturn|p2a: Gliscor|Protect","|move|p1a: オンバーン|Hurricane|p2a: Gliscor","|-activate|p2a: Gliscor|Protect","|","|-heal|p2a: Gliscor|311/354 tox|[from] ability: Poison Heal","|turn|32","|","|move|p1a: オンバーン|Hurricane|p2a: Gliscor","|-damage|p2a: Gliscor|95/354 tox","|move|p2a: Gliscor|Toxic|p1a: オンバーン","|-status|p1a: オンバーン|tox","|","|-damage|p1a: オンバーン|75/311 tox|[from] psn","|-heal|p2a: Gliscor|139/354 tox|[from] ability: Poison Heal","|turn|33","|","|switch|p1a: ガブリアス|Garchomp-Mega, M|357/357","|move|p2a: Gliscor|Protect|p2a: Gliscor","|-fail|p2a: Gliscor","|","|-heal|p2a: Gliscor|183/354 tox|[from] ability: Poison Heal","|turn|34","|","|move|p2a: Gliscor|Protect|p2a: Gliscor","|-singleturn|p2a: Gliscor|Protect","|move|p1a: ガブリアス|Draco Meteor|p2a: Gliscor","|-activate|p2a: Gliscor|Protect","|","|-heal|p2a: Gliscor|227/354 tox|[from] ability: Poison Heal","|turn|35","|","|move|p1a: ガブリアス|Draco Meteor|p2a: Gliscor","|-damage|p2a: Gliscor|0 fnt","|-unboost|p1a: ガブリアス|spa|2","|faint|p2a: Gliscor","|","|","|switch|p2a: Delibird|Delibird, F|231/231","|turn|36","|","|switch|p1a: オンバーン|Noivern, M|75/311 tox","|move|p2a: Delibird|Ice Punch|p1a: オンバーン","|-supereffective|p1a: オンバーン","|-damage|p1a: オンバーン|0 fnt","|faint|p1a: オンバーン","|","|","|switch|p1a: ガブリアス|Garchomp-Mega, M|357/357","|turn|37","|","|move|p2a: Delibird|Ice Shard|p1a: ガブリアス","|-supereffective|p1a: ガブリアス","|-damage|p1a: ガブリアス|113/357","|move|p1a: ガブリアス|Fire Blast|p2a: Delibird|[miss]","|-miss|p1a: ガブリアス|p2a: Delibird","|","|turn|38","|","|move|p2a: Delibird|Ice Shard|p1a: ガブリアス","|-supereffective|p1a: ガブリアス","|-damage|p1a: ガブリアス|0 fnt","|faint|p1a: ガブリアス","|","|","|switch|p1a: キュレム|Kyurem-Black, shiny|319/391 tox","|-ability|p1a: キュレム|Teravolt","|turn|39","|","|move|p1a: キュレム|Fusion Bolt|p2a: Delibird","|-supereffective|p2a: Delibird","|-enditem|p2a: Delibird|Focus Sash","|-damage|p2a: Delibird|1/231","|move|p2a: Delibird|Aerial Ace|p1a: キュレム","|-damage|p1a: キュレム|213/391 tox","|","|-damage|p1a: キュレム|189/391 tox|[from] psn","|turn|40","|","|move|p2a: Delibird|Ice Shard|p1a: キュレム|[miss]","|-miss|p2a: Delibird|p1a: キュレム","|move|p1a: キュレム|Fusion Bolt|p2a: Delibird","|-supereffective|p2a: Delibird","|-damage|p2a: Delibird|0 fnt","|faint|p2a: Delibird","|","|win|MASTA_X☆용의 사용자"],"p1rating":{"entryid":"7303561","serverid":"eos","formatid":"monotype","userid":"mastax","username":"MASTAX☆용의 사용자","w":11,"l":"2","t":"0","gxe":72.1,"r":"1640.0752479501","rd":"106.41947832638","sigma":"0","rptime":"1438419600","rpr":1683.5977265792,"rprd":81.311041571998,"rpsigma":"0","acre":1254.4262190259,"lacre":1254.4262190259,"oldacre":"1230.1367587723"},"p2rating":{"entryid":"6603473","serverid":"eos","formatid":"monotype","userid":"loghistory","username":"log.history","w":"53","l":31,"t":"0","gxe":63.9,"r":"1626.1706508105","rd":"42.016989617486","sigma":"0","rptime":"1438419600","rpr":1608.3829516549,"rprd":41.29469301679,"rpsigma":"0","acre":1195.96996664,"lacre":1195.96996664,"oldacre":"1220.2594268936"},"endType":"normal"}