{"seed":[16482,44370,31749,37176],"turns":26,"p1":"Brnzor","p2":"runndude22","p1team":[{"name":"Amphy","species":"ampharos","item":"ampharosite","ability":"Static","moves":["toxic","healbell","powergem","dragonpulse"],"nature":"Calm","evs":{"hp":248,"atk":0,"def":0,"spa":8,"spd":252,"spe":0},"gender":"M","shiny":true,"ivs":{"hp":31,"atk":31,"def":31,"spa":31,"spd":31,"spe":31}},{"name":"Spooky","species":"rotomwash","item":"leftovers","ability":"Levitate","moves":["willowisp","voltswitch","hydropump","painsplit"],"nature":"Bold","evs":{"hp":252,"atk":0,"def":252,"spa":4,"spd":0,"spe":0},"ivs":{"hp":31,"atk":31,"def":31,"spa":31,"spd":31,"spe":31}},{"name":"Palmtop Tiger","species":"raikou","item":"choicespecs","ability":"Pressure","moves":["hiddenpowerice","extrasensory","thunderbolt","shadowball"],"nature":"Timid","evs":{"hp":0,"atk":0,"def":0,"spa":252,"spd":4,"spe":252},"ivs":{"hp":31,"atk":30,"def":30,"spa":31,"spd":31,"spe":31},"shiny":true},{"name":"Anal Beads","species":"thundurus","item":"lifeorb","ability":"Prankster","moves":["thunderwave","voltswitch","grassknot","taunt"],"nature":"Timid","evs":{"hp":0,"atk":0,"def":0,"spa":252,"spd":4,"spe":252},"ivs":{"hp":31,"atk":31,"def":31,"spa":31,"spd":31,"spe":31}},{"name":"Fluffy","species":"electivire","item":"choicescarf","ability":"Vital Spirit","moves":["voltswitch","earthquake","icepunch","rockslide"],"nature":"Naive","evs":{"hp":0,"atk":252,"def":0,"spa":4,"spd":0,"spe":252},"ivs":{"hp":31,"atk":31,"def":31,"spa":31,"spd":31,"spe":31}},{"name":"Zappy","species":"zapdos","item":"leftovers","ability":"Pressure","moves":["heatwave","roost","defog","discharge"],"nature":"Calm","evs":{"hp":252,"atk":0,"def":0,"spa":4,"spd":252,"spe":0},"ivs":{"hp":31,"atk":31,"def":31,"spa":31,"spd":31,"spe":31}}],"p2team":[{"name":"Chandelure","species":"Chandelure","item":"choicespecs","ability":"Flame Body","moves":["psychic","fireblast","shadowball","energyball"],"nature":"Modest","evs":{"hp":252,"atk":0,"def":0,"spa":252,"spd":4,"spe":0},"ivs":{"hp":31,"atk":31,"def":31,"spa":31,"spd":31,"spe":0}},{"name":"Banette","species":"Banette","item":"banettite","ability":"Insomnia","moves":["shadowball","taunt","trickroom","destinybond"],"nature":"Brave","evs":{"hp":4,"atk":252,"def":0,"spa":252,"spd":0,"spe":0},"ivs":{"hp":31,"atk":31,"def":31,"spa":31,"spd":31,"spe":0}},{"name":"Dusclops","species":"Dusclops","item":"eviolite","ability":"Pressure","moves":["willowisp","painsplit","nightshade","trickroom"],"nature":"Sassy","evs":{"hp":132,"atk":0,"def":252,"spa":0,"spd":124,"spe":0},"ivs":{"hp":31,"atk":31,"def":31,"spa":31,"spd":31,"spe":0}},{"name":"Gengar","species":"Gengar","item":"choicescarf","ability":"Levitate","moves":["shadowball","thunderbolt","psychic","trick"],"nature":"Timid","evs":{"hp":4,"atk":0,"def":0,"spa":252,"spd":252,"spe":0},"gender":"M","ivs":{"hp":31,"atk":31,"def":31,"spa":31,"spd":31,"spe":31}},{"name":"Jellicent","species":"Jellicent","item":"wiseglasses","ability":"Water Absorb","moves":["waterspout","icebeam","energyball","trickroom"],"nature":"Quiet","evs":{"hp":80,"atk":0,"def":120,"spa":252,"spd":56,"spe":0},"gender":"M","ivs":{"hp":31,"atk":31,"def":31,"spa":31,"spd":31,"spe":31}},{"name":"Golurk","species":"Golurk","item":"lifeorb","ability":"Iron Fist","moves":["hammerarm","earthquake","shadowpunch","stoneedge"],"nature":"Brave","evs":{"hp":80,"atk":252,"def":88,"spa":0,"spd":88,"spe":0},"ivs":{"hp":31,"atk":31,"def":31,"spa":31,"spd":31,"spe":31}}],"log":["|player|p1|Brnzor|41","|player|p2|runndude22|151","|gametype|singles","|gen|6","|tier|Monotype","|rated","|rule|Baton Pass Clause: Limit one Baton Passer, can't pass Spe and other stats simultaneously","|rule|Swagger Clause: Swagger is banned","|rule|Same Type Clause: Pokémon in a team must share a type","|clearpoke","|poke|p1|Ampharos, M, shiny","|poke|p1|Rotom-Wash","|poke|p1|Raikou, shiny","|poke|p1|Thundurus, M","|poke|p1|Electivire, F","|poke|p1|Zapdos","|poke|p2|Chandelure, F","|poke|p2|Banette, M","|poke|p2|Dusclops, F","|poke|p2|Gengar, M","|poke|p2|Jellicent, M","|poke|p2|Golurk","|rule|Sleep Clause Mod: Limit one foe put to sleep","|rule|Species Clause: Limit one of each Pokémon","|rule|OHKO Clause: OHKO moves are banned","|rule|Moody Clause: Moody is banned","|rule|Evasion Moves Clause: Evasion moves are banned","|rule|Endless Battle Clause: Forcing endless battles is banned","|rule|HP Percentage Mod: HP is shown in percentages","|teampreview","|","|start","|switch|p1a: Anal Beads|Thundurus, M|299/299","|switch|p2a: Banette|Banette, M|270/270","|turn|1","|","|detailschange|p2a: Banette|Banette-Mega, M","|-mega|p2a: Banette|Banette|Banettite","|move|p1a: Anal Beads|Taunt|p2a: Banette","|-start|p2a: Banette|move: Taunt","|cant|p2a: Banette|move: Taunt|Trick Room","|","|turn|2","|","|move|p1a: Anal Beads|Thunder Wave|p2a: Banette","|-status|p2a: Banette|par","|move|p2a: Banette|Shadow Ball|p1a: Anal Beads","|-damage|p1a: Anal Beads|164/299","|-unboost|p1a: Anal Beads|spd|1","|","|turn|3","|","|move|p1a: Anal Beads|Volt Switch|p2a: Banette","|-damage|p2a: Banette|70/270 par","|-damage|p1a: Anal Beads|135/299|[from] item: Life Orb","|","|switch|p1a: Zappy|Zapdos|384/384","|-ability|p1a: Zappy|Pressure","|cant|p2a: Banette|par","|","|-end|p2a: Banette|move: Taunt","|turn|4","|","|switch|p2a: Golurk|Golurk|339/339","|move|p1a: Zappy|Discharge|p2a: Golurk","|-immune|p2a: Golurk|[msg]","|","|turn|5","|","|switch|p1a: Spooky|Rotom-Wash|304/304","|switch|p2a: Jellicent|Jellicent, M|361/361","|","|turn|6","|","|move|p1a: Spooky|Volt Switch|p2a: Jellicent","|-supereffective|p2a: Jellicent","|-damage|p2a: Jellicent|197/361","|","|switch|p1a: Palmtop Tiger|Raikou, shiny|321/321","|-ability|p1a: Palmtop Tiger|Pressure","|move|p2a: Jellicent|Energy Ball|p1a: Palmtop Tiger","|-damage|p1a: Palmtop Tiger|232/321","|-unboost|p1a: Palmtop Tiger|spd|1","|","|turn|7","|","|switch|p2a: Golurk|Golurk|339/339","|move|p1a: Palmtop Tiger|Shadow Ball|p2a: Golurk","|-supereffective|p2a: Golurk","|-damage|p2a: Golurk|55/339","|","|turn|8","|","|move|p1a: Palmtop Tiger|Shadow Ball|p2a: Golurk","|-supereffective|p2a: Golurk","|-damage|p2a: Golurk|0 fnt","|faint|p2a: Golurk","|","|","|switch|p2a: Banette|Banette-Mega, M|70/270 par","|turn|9","|","|move|p1a: Palmtop Tiger|Shadow Ball|p2a: Banette","|-supereffective|p2a: Banette","|-damage|p2a: Banette|0 fnt","|faint|p2a: Banette","|","|","|switch|p2a: Dusclops|Dusclops, F|254/254","|-ability|p2a: Dusclops|Pressure","|turn|10","|","|switch|p1a: Anal Beads|Thundurus, M|135/299","|move|p2a: Dusclops|Trick Room|p2a: Dusclops","|-fieldstart|move: Trick Room|[of] p2a: Dusclops","|","|turn|11","|","|move|p1a: Anal Beads|Taunt|p2a: Dusclops","|-start|p2a: Dusclops|move: Taunt","|cant|p2a: Dusclops|move: Taunt|Will-O-Wisp","|","|turn|12","|","|move|p1a: Anal Beads|Thunder Wave|p2a: Dusclops","|-status|p2a: Dusclops|par","|move|p2a: Dusclops|Night Shade|p1a: Anal Beads","|-damage|p1a: Anal Beads|35/299","|","|turn|13","|","|move|p2a: Dusclops|Night Shade|p1a: Anal Beads","|-damage|p1a: Anal Beads|0 fnt","|faint|p1a: Anal Beads","|","|-end|p2a: Dusclops|move: Taunt","|","|switch|p1a: Spooky|Rotom-Wash|304/304","|turn|14","|","|cant|p2a: Dusclops|par","|move|p1a: Spooky|Volt Switch|p2a: Dusclops","|-damage|p2a: Dusclops|218/254 par","|","|switch|p1a: Palmtop Tiger|Raikou, shiny|232/321","|-ability|p1a: Palmtop Tiger|Pressure","|","|-fieldend|move: Trick Room","|turn|15","|","|move|p1a: Palmtop Tiger|Shadow Ball|p2a: Dusclops","|-supereffective|p2a: Dusclops","|-damage|p2a: Dusclops|112/254 par","|move|p2a: Dusclops|Trick Room|p2a: Dusclops","|-fieldstart|move: Trick Room|[of] p2a: Dusclops","|","|turn|16","|","|move|p2a: Dusclops|Will-O-Wisp|p1a: Palmtop Tiger","|-status|p1a: Palmtop Tiger|brn","|move|p1a: Palmtop Tiger|Shadow Ball|p2a: Dusclops","|-supereffective|p2a: Dusclops","|-damage|p2a: Dusclops|0 fnt","|faint|p2a: Dusclops","|","|-damage|p1a: Palmtop Tiger|192/321 brn|[from] brn","|","|switch|p2a: Chandelure|Chandelure, F|324/324","|turn|17","|","|switch|p1a: Spooky|Rotom-Wash|304/304","|move|p2a: Chandelure|Shadow Ball|p1a: Spooky","|-damage|p1a: Spooky|78/304","|","|-heal|p1a: Spooky|97/304|[from] item: Leftovers","|turn|18","|","|switch|p1a: Zappy|Zapdos|384/384","|-ability|p1a: Zappy|Pressure","|move|p2a: Chandelure|Shadow Ball|p1a: Zappy","|-crit|p1a: Zappy","|-damage|p1a: Zappy|95/384","|-unboost|p1a: Zappy|spd|1","|","|-heal|p1a: Zappy|119/384|[from] item: Leftovers","|turn|19","|","|move|p2a: Chandelure|Shadow Ball|p1a: Zappy","|-crit|p1a: Zappy","|-damage|p1a: Zappy|0 fnt","|faint|p1a: Zappy","|","|-fieldend|move: Trick Room","|","|switch|p1a: Spooky|Rotom-Wash|97/304","|turn|20","|","|switch|p2a: Jellicent|Jellicent, M|197/361","|move|p1a: Spooky|Hydro Pump|p2a: Jellicent","|-heal|p2a: Jellicent|287/361|[from] ability: Water Absorb|[of] p1a: Spooky","|","|-heal|p1a: Spooky|116/304|[from] item: Leftovers","|turn|21","|","|move|p1a: Spooky|Volt Switch|p2a: Jellicent","|-supereffective|p2a: Jellicent","|-damage|p2a: Jellicent|131/361","|","|switch|p1a: Fluffy|Electivire, F|291/291","|move|p2a: Jellicent|Trick Room|p2a: Jellicent","|-fieldstart|move: Trick Room|[of] p2a: Jellicent","|","|turn|22","|","|switch|p2a: Gengar|Gengar, M|262/262","|move|p1a: Fluffy|Volt Switch|p2a: Gengar","|-damage|p2a: Gengar|180/262","|","|switch|p1a: Amphy|Ampharos, M, shiny|383/383","|","|turn|23","|","|detailschange|p1a: Amphy|Ampharos-Mega, M, shiny","|-mega|p1a: Amphy|Ampharos|Ampharosite","|-ability|p1a: Amphy|Mold Breaker","|move|p1a: Amphy|Dragon Pulse|p2a: Gengar","|-damage|p2a: Gengar|45/262","|move|p2a: Gengar|Trick|p1a: Amphy","|-fail|p1a: Amphy","|","|turn|24","|","|switch|p2a: Jellicent|Jellicent, M|131/361","|move|p1a: Amphy|Dragon Pulse|p2a: Jellicent","|-crit|p2a: Jellicent","|-damage|p2a: Jellicent|0 fnt","|faint|p2a: Jellicent","|","|","|switch|p2a: Chandelure|Chandelure, F|324/324","|turn|25","|","|move|p1a: Amphy|Power Gem|p2a: Chandelure","|-crit|p2a: Chandelure","|-supereffective|p2a: Chandelure","|-damage|p2a: Chandelure|0 fnt","|faint|p2a: Chandelure","|","|-fieldend|move: Trick Room","|","|switch|p2a: Gengar|Gengar, M|45/262","|turn|26","|","|move|p2a: Gengar|Shadow Ball|p1a: Amphy","|-damage|p1a: Amphy|286/383","|move|p1a: Amphy|Dragon Pulse|p2a: Gengar","|-damage|p2a: Gengar|0 fnt","|faint|p2a: Gengar","|","|win|Brnzor"],"p1rating":{"entryid":"7307613","serverid":"eos","formatid":"monotype","userid":"brnzor","username":"Brnzor","w":2,"l":"0","t":"0","gxe":60.6,"r":"1500","rd":"130","sigma":"0","rptime":"1438333200","rpr":1585.3843651642,"rprd":116.39220714191,"rpsigma":"0","acre":1086.0297921043,"lacre":1086.0297921043,"oldacre":"1060.4190305662"},"p2rating":{"entryid":7307758,"formatid":"monotype","userid":"runndude22","username":"runndude22","r":1500,"rd":130,"sigma":0,"rpr":1459.8393856612,"rprd":122.8583080769,"rpsigma":0,"rptime":1438333200,"w":0,"l":1,"t":0,"gxe":45,"acre":1000,"lacre":1000,"oldacre":1000},"endType":"normal"}