{"seed":[48638,43934,3543,3921],"turns":14,"p1":"V Monocle","p2":"watchyerself","p1team":[{"name":"Terrakion","species":"Terrakion","item":"choicescarf","ability":"Justified","moves":["earthquake","closecombat","stoneedge","poisonjab"],"nature":"Jolly","evs":{"hp":0,"atk":252,"def":0,"spa":0,"spd":4,"spe":252},"ivs":{"hp":31,"atk":31,"def":31,"spa":31,"spd":31,"spe":31}},{"name":"Aerodactyl","species":"Aerodactyl","item":"aerodactylite","ability":"Rock Head","moves":["dragonclaw","crunch","aerialace","icefang"],"nature":"Jolly","evs":{"hp":0,"atk":252,"def":0,"spa":0,"spd":4,"spe":252},"ivs":{"hp":31,"atk":31,"def":31,"spa":31,"spd":31,"spe":31}},{"name":"Carracosta","species":"Carracosta","item":"whiteherb","ability":"Sturdy","moves":["aquajet","shellsmash","knockoff","earthquake"],"nature":"Adamant","evs":{"hp":0,"atk":252,"def":0,"spa":0,"spd":4,"spe":252},"ivs":{"hp":31,"atk":31,"def":31,"spa":31,"spd":31,"spe":31}},{"name":"Cradily","species":"Cradily","item":"leftovers","ability":"Storm Drain","moves":["ancientpower","gigadrain","recover","toxic"],"nature":"Calm","evs":{"hp":252,"atk":0,"def":0,"spa":4,"spd":252,"spe":0},"ivs":{"hp":31,"atk":31,"def":31,"spa":31,"spd":31,"spe":31}},{"name":"Tyrantrum","species":"Tyrantrum","item":"choicescarf","ability":"Strong Jaw","moves":["crunch","icefang","firefang","dragonclaw"],"nature":"Jolly","evs":{"hp":0,"atk":252,"def":0,"spa":0,"spd":4,"spe":252},"ivs":{"hp":31,"atk":31,"def":31,"spa":31,"spd":31,"spe":31}},{"name":"Tyranitar","species":"Tyranitar","item":"focussash","ability":"Sand Stream","moves":["crunch","stealthrock","earthquake","superpower"],"nature":"Adamant","evs":{"hp":248,"atk":252,"def":0,"spa":0,"spd":8,"spe":0},"ivs":{"hp":31,"atk":31,"def":31,"spa":31,"spd":31,"spe":31}}],"p2team":[{"name":"Cloyster","species":"Cloyster","item":"whiteherb","ability":"Skill Link","moves":["shellsmash","iciclespear","rockblast","explosion"],"nature":"Adamant","evs":{"hp":0,"atk":252,"def":0,"spa":0,"spd":4,"spe":252},"ivs":{"hp":31,"atk":31,"def":31,"spa":31,"spd":31,"spe":31}},{"name":"Tentacruel","species":"Tentacruel","item":"blacksludge","ability":"Rain Dish","moves":["protect","toxic","scald","rapidspin"],"nature":"Bold","evs":{"hp":252,"atk":0,"def":240,"spa":0,"spd":0,"spe":16},"ivs":{"hp":31,"atk":31,"def":31,"spa":31,"spd":31,"spe":31}},{"name":"Pelipper","species":"Pelipper","item":"leftovers","ability":"Rain Dish","moves":["protect","raindance","hurricane","uturn"],"nature":"Bold","evs":{"hp":252,"atk":0,"def":252,"spa":4,"spd":0,"spe":0},"ivs":{"hp":31,"atk":31,"def":31,"spa":31,"spd":31,"spe":31}},{"name":"Kingdra","species":"Kingdra","item":"choicespecs","ability":"Swift Swim","moves":["dracometeor","icebeam","surf","hiddenpowerfire"],"nature":"Modest","evs":{"hp":0,"atk":0,"def":0,"spa":252,"spd":4,"spe":252},"gender":"M","ivs":{"hp":31,"atk":30,"def":31,"spa":30,"spd":31,"spe":30}},{"name":"Seaking","species":"Seaking","item":"choiceband","ability":"Lightning Rod","moves":["megahorn","drillrun","poisonjab","waterfall"],"nature":"Adamant","evs":{"hp":248,"atk":252,"def":0,"spa":0,"spd":8,"spe":0},"gender":"M","ivs":{"hp":31,"atk":31,"def":31,"spa":31,"spd":31,"spe":31}},{"name":"Carracosta","species":"Carracosta","item":"whiteherb","ability":"Sturdy","moves":["shellsmash","aquajet","earthquake","stoneedge"],"nature":"Adamant","evs":{"hp":0,"atk":252,"def":0,"spa":0,"spd":4,"spe":252},"gender":"M","ivs":{"hp":31,"atk":31,"def":31,"spa":31,"spd":31,"spe":31}}],"log":["|player|p1|V Monocle|169","|player|p2|watchyerself|2","|gametype|singles","|gen|6","|tier|Monotype","|rated","|rule|Baton Pass Clause: Limit one Baton Passer, can't pass Spe and other stats simultaneously","|rule|Swagger Clause: Swagger is banned","|rule|Same Type Clause: Pokémon in a team must share a type","|clearpoke","|poke|p1|Terrakion","|poke|p1|Aerodactyl, M","|poke|p1|Carracosta, F","|poke|p1|Cradily, F","|poke|p1|Tyrantrum, M","|poke|p1|Tyranitar, M","|poke|p2|Cloyster, F","|poke|p2|Tentacruel, M","|poke|p2|Pelipper, F","|poke|p2|Kingdra, M","|poke|p2|Seaking, M","|poke|p2|Carracosta, M","|rule|Sleep Clause Mod: Limit one foe put to sleep","|rule|Species Clause: Limit one of each Pokémon","|rule|OHKO Clause: OHKO moves are banned","|rule|Moody Clause: Moody is banned","|rule|Evasion Moves Clause: Evasion moves are banned","|rule|Endless Battle Clause: Forcing endless battles is banned","|rule|HP Percentage Mod: HP is shown in percentages","|teampreview","|","|start","|switch|p1a: Tyranitar|Tyranitar, M|403/403","|switch|p2a: Tentacruel|Tentacruel, M|364/364","|-weather|Sandstorm","|turn|1","|","|move|p2a: Tentacruel|Toxic|p1a: Tyranitar","|-status|p1a: Tyranitar|tox","|move|p1a: Tyranitar|Stealth Rock|p2a: Tentacruel","|-sidestart|p2: watchyerself|move: Stealth Rock","|","|-weather|Sandstorm|[upkeep]","|-damage|p2a: Tentacruel|342/364|[from] sandstorm","|-heal|p2a: Tentacruel|364/364|[from] item: Black Sludge","|-damage|p1a: Tyranitar|378/403 tox|[from] psn","|turn|2","|","|move|p2a: Tentacruel|Protect|p2a: Tentacruel","|-singleturn|p2a: Tentacruel|Protect","|move|p1a: Tyranitar|Earthquake|p2a: Tentacruel","|-activate|p2a: Tentacruel|Protect","|","|-weather|Sandstorm|[upkeep]","|-damage|p2a: Tentacruel|342/364|[from] sandstorm","|-heal|p2a: Tentacruel|364/364|[from] item: Black Sludge","|-damage|p1a: Tyranitar|328/403 tox|[from] psn","|turn|3","|","|move|p2a: Tentacruel|Rapid Spin|p1a: Tyranitar","|-resisted|p1a: Tyranitar","|-damage|p1a: Tyranitar|323/403 tox","|-sideend|p2: watchyerself|Stealth Rock|[from] move: Rapid Spin|[of] p2a: Tentacruel","|move|p1a: Tyranitar|Earthquake|p2a: Tentacruel","|-supereffective|p2a: Tentacruel","|-damage|p2a: Tentacruel|114/364","|","|-weather|Sandstorm|[upkeep]","|-damage|p2a: Tentacruel|92/364|[from] sandstorm","|-heal|p2a: Tentacruel|114/364|[from] item: Black Sludge","|-damage|p1a: Tyranitar|248/403 tox|[from] psn","|turn|4","|","|move|p2a: Tentacruel|Protect|p2a: Tentacruel","|-singleturn|p2a: Tentacruel|Protect","|move|p1a: Tyranitar|Stealth Rock|p2a: Tentacruel","|-sidestart|p2: watchyerself|move: Stealth Rock","|","|-weather|Sandstorm|[upkeep]","|-damage|p2a: Tentacruel|92/364|[from] sandstorm","|-heal|p2a: Tentacruel|114/364|[from] item: Black Sludge","|-damage|p1a: Tyranitar|148/403 tox|[from] psn","|turn|5","|","|switch|p2a: Carracosta|Carracosta, M|289/289","|-damage|p2a: Carracosta|253/289|[from] Stealth Rock","|move|p1a: Tyranitar|Earthquake|p2a: Carracosta","|-supereffective|p2a: Carracosta","|-damage|p2a: Carracosta|35/289","|","|-weather|none","|-damage|p1a: Tyranitar|23/403 tox|[from] psn","|turn|6","|","|switch|p1a: Cradily|Cradily, F|376/376","|move|p2a: Carracosta|Aqua Jet|p1a: Cradily","|-boost|p1a: Cradily|spa|1|[from] ability: Storm Drain","|","|turn|7","|","|switch|p2a: Tentacruel|Tentacruel, M|114/364","|-damage|p2a: Tentacruel|69/364|[from] Stealth Rock","|move|p1a: Cradily|Giga Drain|p2a: Tentacruel","|-damage|p2a: Tentacruel|0 fnt","|faint|p2a: Tentacruel","|","|","|switch|p2a: Pelipper|Pelipper, F|324/324","|-damage|p2a: Pelipper|243/324|[from] Stealth Rock","|turn|8","|","|move|p2a: Pelipper|Protect|p2a: Pelipper","|-singleturn|p2a: Pelipper|Protect","|move|p1a: Cradily|Toxic|p2a: Pelipper","|-activate|p2a: Pelipper|Protect","|","|-heal|p2a: Pelipper|263/324|[from] item: Leftovers","|turn|9","|","|move|p2a: Pelipper|Rain Dance|p2a: Pelipper","|-weather|RainDance","|move|p1a: Cradily|Ancient Power|p2a: Pelipper","|-supereffective|p2a: Pelipper","|-damage|p2a: Pelipper|35/324","|","|-weather|RainDance|[upkeep]","|-heal|p2a: Pelipper|55/324|[from] ability: Rain Dish","|-heal|p2a: Pelipper|75/324|[from] item: Leftovers","|turn|10","|","|move|p2a: Pelipper|Hurricane|p1a: Cradily","|-damage|p1a: Cradily|291/376","|-start|p1a: Cradily|confusion","|-activate|p1a: Cradily|confusion","|move|p1a: Cradily|Ancient Power|p2a: Pelipper","|-supereffective|p2a: Pelipper","|-damage|p2a: Pelipper|0 fnt","|-boost|p1a: Cradily|atk|1","|-boost|p1a: Cradily|def|1","|-boost|p1a: Cradily|spa|1","|-boost|p1a: Cradily|spd|1","|-boost|p1a: Cradily|spe|1","|faint|p2a: Pelipper","|","|-weather|RainDance|[upkeep]","|-heal|p1a: Cradily|314/376|[from] item: Leftovers","|","|switch|p2a: Kingdra|Kingdra, M|291/291","|-damage|p2a: Kingdra|255/291|[from] Stealth Rock","|turn|11","|","|move|p2a: Kingdra|Ice Beam|p1a: Cradily","|-supereffective|p1a: Cradily","|-damage|p1a: Cradily|186/376","|-end|p1a: Cradily|confusion","|move|p1a: Cradily|Giga Drain|p2a: Kingdra","|-damage|p2a: Kingdra|104/291","|-heal|p1a: Cradily|262/376|[from] drain|[of] p2a: Kingdra","|","|-weather|RainDance|[upkeep]","|-heal|p1a: Cradily|285/376|[from] item: Leftovers","|turn|12","|","|move|p2a: Kingdra|Ice Beam|p1a: Cradily","|-supereffective|p1a: Cradily","|-damage|p1a: Cradily|155/376","|move|p1a: Cradily|Giga Drain|p2a: Kingdra","|-damage|p2a: Kingdra|0 fnt","|-heal|p1a: Cradily|207/376|[from] drain|[of] p2a: Kingdra","|faint|p2a: Kingdra","|","|-weather|RainDance|[upkeep]","|-heal|p1a: Cradily|230/376|[from] item: Leftovers","|","|switch|p2a: Carracosta|Carracosta, M|35/289","|-damage|p2a: Carracosta|0 fnt|[from] Stealth Rock","|faint|p2a: Carracosta","|","|switch|p2a: Seaking|Seaking, M|363/363","|-damage|p2a: Seaking|318/363|[from] Stealth Rock","|turn|13","|","|move|p1a: Cradily|Giga Drain|p2a: Seaking","|-supereffective|p2a: Seaking","|-damage|p2a: Seaking|0 fnt","|-heal|p1a: Cradily|376/376|[from] drain|[of] p2a: Seaking","|faint|p2a: Seaking","|","|-weather|none","|","|switch|p2a: Cloyster|Cloyster, F|241/241","|-damage|p2a: Cloyster|181/241|[from] Stealth Rock","|turn|14","|","|move|p2a: Cloyster|Shell Smash|p2a: Cloyster","|-boost|p2a: Cloyster|atk|2","|-boost|p2a: Cloyster|spa|2","|-boost|p2a: Cloyster|spe|2","|-unboost|p2a: Cloyster|def|1","|-unboost|p2a: Cloyster|spd|1","|-enditem|p2a: Cloyster|White Herb","|-restoreboost|p2a: Cloyster|[silent]","|move|p1a: Cradily|Ancient Power|p2a: Cloyster","|-supereffective|p2a: Cloyster","|-damage|p2a: Cloyster|0 fnt","|-boost|p1a: Cradily|atk|1","|-boost|p1a: Cradily|def|1","|-boost|p1a: Cradily|spa|1","|-boost|p1a: Cradily|spd|1","|-boost|p1a: Cradily|spe|1","|faint|p2a: Cloyster","|","|win|V Monocle"],"p1rating":{"entryid":"7320079","serverid":"eos","formatid":"monotype","userid":"vmonocle","username":"V Monocle","w":2,"l":"3","t":"0","gxe":46.6,"r":"1500","rd":"130","sigma":"0","rptime":"1438419600","rpr":1472.986570793,"rprd":102.67298969233,"rpsigma":"0","acre":1045.6480609886,"lacre":1045.6480609886,"oldacre":"1007.6512074637"},"p2rating":{"entryid":7322858,"formatid":"monotype","userid":"watchyerself","username":"watchyerself","r":1500,"rd":130,"sigma":0,"rpr":1459.8393856612,"rprd":122.8583080769,"rpsigma":0,"rptime":1438419600,"w":0,"l":1,"t":0,"gxe":45,"acre":1000,"lacre":1000,"oldacre":1000},"endType":"normal"}