{"seed":[42051,60522,10230,40993],"turns":28,"p1":"noah9280","p2":"Dragotic","p1team":[{"name":"Hoopa-Unbound","species":"Hoopa-Unbound","item":"lifeorb","ability":"Magician","moves":["drainpunch","firepunch","hyperspacefury","gunkshot"],"nature":"Jolly","evs":{"hp":0,"atk":252,"def":0,"spa":0,"spd":4,"spe":252},"ivs":{"hp":31,"atk":31,"def":31,"spa":31,"spd":31,"spe":31}},{"name":"Weavile","species":"Weavile","item":"lifeorb","ability":"Pressure","moves":["icepunch","iceshard","nightslash","lowkick"],"nature":"Jolly","evs":{"hp":0,"atk":252,"def":0,"spa":0,"spd":4,"spe":252},"gender":"M","ivs":{"hp":31,"atk":31,"def":31,"spa":31,"spd":31,"spe":31}},{"name":"Umbreon","species":"Umbreon","item":"leftovers","ability":"Synchronize","moves":["wish","toxic","protect","foulplay"],"nature":"Calm","evs":{"hp":252,"atk":0,"def":4,"spa":0,"spd":252,"spe":0},"gender":"F","shiny":true,"ivs":{"hp":31,"atk":31,"def":31,"spa":31,"spd":31,"spe":31}},{"name":"Sableye","species":"Sableye","item":"sablenite","ability":"Keen Eye","moves":["willowisp","calmmind","shadowball","recover"],"nature":"Calm","evs":{"hp":248,"atk":0,"def":0,"spa":8,"spd":252,"spe":0},"gender":"M","ivs":{"hp":31,"atk":31,"def":31,"spa":31,"spd":31,"spe":31}},{"name":"Zoroark","species":"Zoroark","item":"focussash","ability":"Illusion","moves":["nightdaze","extrasensory","flamethrower","focusblast"],"nature":"Timid","evs":{"hp":0,"atk":0,"def":0,"spa":252,"spd":4,"spe":252},"gender":"M","ivs":{"hp":31,"atk":31,"def":31,"spa":31,"spd":31,"spe":31}},{"name":"Tyranitar","species":"Tyranitar","item":"choicescarf","ability":"Sand Stream","moves":["fireblast","earthquake","stoneedge","crunch"],"nature":"Naive","evs":{"hp":0,"atk":252,"def":0,"spa":4,"spd":0,"spe":252},"ivs":{"hp":31,"atk":31,"def":31,"spa":31,"spd":31,"spe":31}}],"p2team":[{"name":"Charizard","species":"Charizard","item":"charizarditey","ability":"Blaze","moves":["airslash","dragonpulse","flamethrower","solarbeam"],"nature":"Timid","evs":{"hp":0,"atk":0,"def":0,"spa":252,"spd":4,"spe":252},"ivs":{"hp":31,"atk":31,"def":31,"spa":31,"spd":31,"spe":31}},{"name":"Infernape","species":"Infernape","item":"focussash","ability":"Iron Fist","moves":["stoneedge","closecombat","thunderpunch","flareblitz"],"nature":"Jolly","evs":{"hp":0,"atk":252,"def":0,"spa":0,"spd":4,"spe":252},"ivs":{"hp":31,"atk":31,"def":31,"spa":31,"spd":31,"spe":31}},{"name":"Heatran","species":"Heatran","item":"airballoon","ability":"Flash Fire","moves":["ancientpower","flamethrower","flashcannon","stealthrock"],"nature":"Modest","evs":{"hp":248,"atk":0,"def":0,"spa":252,"spd":8,"spe":0},"ivs":{"hp":31,"atk":31,"def":31,"spa":31,"spd":31,"spe":31}},{"name":"Torkoal","species":"Torkoal","item":"passhoberry","ability":"Shell Armor","moves":["clearsmog","yawn","stealthrock","lavaplume"],"nature":"Modest","evs":{"hp":248,"atk":0,"def":0,"spa":252,"spd":8,"spe":0},"ivs":{"hp":31,"atk":31,"def":31,"spa":31,"spd":31,"spe":31}},{"name":"Delphox","species":"Delphox","item":"focussash","ability":"Blaze","moves":["hiddenpowerice","flamethrower","shadowball","psychic"],"nature":"Timid","evs":{"hp":0,"atk":0,"def":0,"spa":252,"spd":4,"spe":252},"ivs":{"hp":31,"atk":30,"def":30,"spa":31,"spd":31,"spe":31}},{"name":"Entei","species":"Entei","item":"choicescarf","ability":"Pressure","moves":["stoneedge","sacredfire","extremespeed","ironhead"],"nature":"Adamant","evs":{"hp":0,"atk":252,"def":0,"spa":0,"spd":4,"spe":252},"shiny":true,"ivs":{"hp":31,"atk":31,"def":31,"spa":31,"spd":31,"spe":31}}],"log":["|player|p1|noah9280|68","|player|p2|Dragotic|101","|gametype|singles","|gen|6","|tier|Monotype","|rated","|rule|Baton Pass Clause: Limit one Baton Passer, can't pass Spe and other stats simultaneously","|rule|Swagger Clause: Swagger is banned","|rule|Same Type Clause: Pokémon in a team must share a type","|clearpoke","|poke|p1|Hoopa-Unbound","|poke|p1|Weavile, M","|poke|p1|Umbreon, F, shiny","|poke|p1|Sableye, M","|poke|p1|Zoroark, M","|poke|p1|Tyranitar, F","|poke|p2|Charizard, M","|poke|p2|Infernape, F","|poke|p2|Heatran, M","|poke|p2|Torkoal, F","|poke|p2|Delphox, F","|poke|p2|Entei, shiny","|rule|Sleep Clause Mod: Limit one foe put to sleep","|rule|Species Clause: Limit one of each Pokémon","|rule|OHKO Clause: OHKO moves are banned","|rule|Moody Clause: Moody is banned","|rule|Evasion Moves Clause: Evasion moves are banned","|rule|Endless Battle Clause: Forcing endless battles is banned","|rule|HP Percentage Mod: HP is shown in percentages","|teampreview","|","|start","|switch|p1a: Tyranitar|Tyranitar, F|341/341","|switch|p2a: Entei|Entei, shiny|371/371","|-ability|p2a: Entei|Pressure","|-weather|Sandstorm","|turn|1","|","|move|p2a: Entei|Iron Head|p1a: Tyranitar","|-supereffective|p1a: Tyranitar","|-damage|p1a: Tyranitar|175/341","|move|p1a: Tyranitar|Earthquake|p2a: Entei","|-supereffective|p2a: Entei","|-damage|p2a: Entei|85/371","|","|-weather|Sandstorm|[upkeep]","|-damage|p2a: Entei|62/371|[from] sandstorm","|turn|2","|","|switch|p1a: Umbreon|Umbreon, F, shiny|394/394","|move|p2a: Entei|Iron Head|p1a: Umbreon","|-damage|p1a: Umbreon|301/394","|","|-weather|Sandstorm|[upkeep]","|-damage|p2a: Entei|39/371|[from] sandstorm","|-damage|p1a: Umbreon|277/394|[from] sandstorm","|-heal|p1a: Umbreon|301/394|[from] item: Leftovers","|turn|3","|","|switch|p2a: Torkoal|Torkoal, F|343/343","|move|p1a: Umbreon|Wish|p1a: Umbreon","|","|-weather|Sandstorm|[upkeep]","|-damage|p1a: Umbreon|277/394|[from] sandstorm","|-damage|p2a: Torkoal|322/343|[from] sandstorm","|-heal|p1a: Umbreon|301/394|[from] item: Leftovers","|turn|4","|","|move|p1a: Umbreon|Toxic|p2a: Torkoal","|-status|p2a: Torkoal|tox","|move|p2a: Torkoal|Yawn|p1a: Umbreon","|-start|p1a: Umbreon|move: Yawn|[of] p2a: Torkoal","|","|-weather|Sandstorm|[upkeep]","|-damage|p1a: Umbreon|277/394|[from] sandstorm","|-damage|p2a: Torkoal|301/343 tox|[from] sandstorm","|-heal|p1a: Umbreon|394/394|[from] move: Wish|[wisher] Umbreon","|-damage|p2a: Torkoal|280/343 tox|[from] psn","|turn|5","|","|move|p1a: Umbreon|Protect|p1a: Umbreon","|-singleturn|p1a: Umbreon|Protect","|move|p2a: Torkoal|Lava Plume|p1a: Umbreon","|-activate|p1a: Umbreon|Protect","|","|-end|p1a: Umbreon|move: Yawn|[silent]","|-status|p1a: Umbreon|slp","|-weather|none","|-damage|p2a: Torkoal|238/343 tox|[from] psn","|turn|6","|","|switch|p2a: Infernape|Infernape, F|293/293","|cant|p1a: Umbreon|slp","|","|turn|7","|","|switch|p1a: Sableye|Sableye, M|303/303","|move|p2a: Infernape|Close Combat|p1a: Sableye","|-immune|p1a: Sableye|[msg]","|","|turn|8","|","|switch|p2a: Entei|Entei, shiny|39/371","|-ability|p2a: Entei|Pressure","|move|p1a: Sableye|Calm Mind|p1a: Sableye","|-boost|p1a: Sableye|spa|1","|-boost|p1a: Sableye|spd|1","|","|turn|9","|","|detailschange|p1a: Sableye|Sableye-Mega, M","|-mega|p1a: Sableye|Sableye|Sablenite","|move|p2a: Entei|Sacred Fire|p1a: Sableye","|-damage|p1a: Sableye|153/303","|move|p1a: Sableye|Recover|p1a: Sableye","|-heal|p1a: Sableye|303/303","|","|turn|10","|","|switch|p1a: Tyranitar|Tyranitar, F|175/341","|-weather|Sandstorm","|move|p2a: Entei|Sacred Fire|p1a: Tyranitar","|-resisted|p1a: Tyranitar","|-damage|p1a: Tyranitar|99/341","|","|-weather|Sandstorm|[upkeep]","|-damage|p2a: Entei|16/371|[from] sandstorm","|turn|11","|","|move|p2a: Entei|Sacred Fire|p1a: Tyranitar","|-resisted|p1a: Tyranitar","|-damage|p1a: Tyranitar|16/341","|-status|p1a: Tyranitar|brn","|move|p1a: Tyranitar|Stone Edge|p2a: Entei","|-crit|p2a: Entei","|-supereffective|p2a: Entei","|-damage|p2a: Entei|0 fnt","|faint|p2a: Entei","|","|-weather|Sandstorm|[upkeep]","|-damage|p1a: Tyranitar|0 fnt|[from] brn","|faint|p1a: Tyranitar","|","|switch|p2a: Charizard|Charizard, M|297/297","|switch|p1a: Sableye|Sableye-Mega, M|303/303","|turn|12","|","|detailschange|p2a: Charizard|Charizard-Mega-Y, M","|-mega|p2a: Charizard|Charizard|Charizardite Y","|-weather|SunnyDay","|move|p2a: Charizard|Flamethrower|p1a: Sableye","|-crit|p1a: Sableye","|-damage|p1a: Sableye|6/303","|move|p1a: Sableye|Calm Mind|p1a: Sableye","|-boost|p1a: Sableye|spa|1","|-boost|p1a: Sableye|spd|1","|","|-weather|SunnyDay|[upkeep]","|turn|13","|","|switch|p1a: Umbreon|Umbreon, F, shiny|394/394 slp","|move|p2a: Charizard|Air Slash|p1a: Umbreon","|-damage|p1a: Umbreon|303/394 slp","|","|-weather|SunnyDay|[upkeep]","|-heal|p1a: Umbreon|327/394 slp|[from] item: Leftovers","|turn|14","|","|cant|p1a: Umbreon|slp","|move|p2a: Charizard|Flamethrower|p1a: Umbreon","|-damage|p1a: Umbreon|167/394 slp","|","|-weather|SunnyDay|[upkeep]","|-heal|p1a: Umbreon|191/394 slp|[from] item: Leftovers","|turn|15","|","|switch|p2a: Torkoal|Torkoal, F|238/343 tox","|-curestatus|p1a: Umbreon|slp","|move|p1a: Umbreon|Wish|p1a: Umbreon","|","|-weather|SunnyDay|[upkeep]","|-heal|p1a: Umbreon|215/394|[from] item: Leftovers","|-damage|p2a: Torkoal|217/343 tox|[from] psn","|turn|16","|","|move|p1a: Umbreon|Protect|p1a: Umbreon","|-singleturn|p1a: Umbreon|Protect","|move|p2a: Torkoal|Stealth Rock|p1a: Umbreon","|-sidestart|p1: noah9280|move: Stealth Rock","|","|-weather|none","|-heal|p1a: Umbreon|394/394|[from] move: Wish|[wisher] Umbreon","|-damage|p2a: Torkoal|175/343 tox|[from] psn","|turn|17","|","|move|p1a: Umbreon|Foul Play|p2a: Torkoal","|-damage|p2a: Torkoal|106/343 tox","|move|p2a: Torkoal|Yawn|p1a: Umbreon","|-start|p1a: Umbreon|move: Yawn|[of] p2a: Torkoal","|","|-damage|p2a: Torkoal|43/343 tox|[from] psn","|turn|18","|","|move|p1a: Umbreon|Protect|p1a: Umbreon","|-singleturn|p1a: Umbreon|Protect","|move|p2a: Torkoal|Lava Plume|p1a: Umbreon","|-activate|p1a: Umbreon|Protect","|","|-end|p1a: Umbreon|move: Yawn|[silent]","|-status|p1a: Umbreon|slp","|-damage|p2a: Torkoal|0 fnt|[from] psn","|faint|p2a: Torkoal","|","|switch|p2a: Infernape|Infernape, F|293/293","|turn|19","|","|switch|p1a: Sableye|Sableye-Mega, M|6/303","|-damage|p1a: Sableye|0 fnt|[from] Stealth Rock","|faint|p1a: Sableye","|move|p2a: Infernape|Close Combat|p1: Sableye|[notarget]","|-notarget","|","|","|switch|p1a: Hoopa-Unbound|Hoopa-Unbound|301/301","|-damage|p1a: Hoopa-Unbound|264/301|[from] Stealth Rock","|turn|20","|","|move|p2a: Infernape|Flare Blitz|p1a: Hoopa-Unbound","|-crit|p1a: Hoopa-Unbound","|-damage|p1a: Hoopa-Unbound|0 fnt","|-damage|p2a: Infernape|206/293|[from] recoil|[of] p1a: Hoopa-Unbound","|faint|p1a: Hoopa-Unbound","|","|","|switch|p1a: Weavile|Weavile, M|261/261","|-damage|p1a: Weavile|229/261|[from] Stealth Rock","|turn|21","|","|switch|p2a: Heatran|Heatran, M|385/385","|-item|p2a: Heatran|Air Balloon","|move|p1a: Weavile|Extrasensory|p2a: Heatran","|-resisted|p2a: Heatran","|-damage|p2a: Heatran|346/385","|-enditem|p2a: Heatran|Air Balloon","|","|turn|22","|","|move|p1a: Weavile|Focus Blast|p2a: Heatran","|-supereffective|p2a: Heatran","|-damage|p2a: Heatran|74/385","|move|p2a: Heatran|Flamethrower|p1a: Weavile","|replace|p1a: Zoroark|Zoroark, M|229/261","|-damage|p1a: Zoroark|0 fnt","|faint|p1a: Zoroark","|","|","|switch|p1a: Weavile|Weavile, M|281/281","|-damage|p1a: Weavile|211/281|[from] Stealth Rock","|-ability|p1a: Weavile|Pressure","|turn|23","|","|move|p1a: Weavile|Low Kick|p2a: Heatran","|-supereffective|p2a: Heatran","|-damage|p2a: Heatran|0 fnt","|-damage|p1a: Weavile|183/281|[from] item: Life Orb","|faint|p2a: Heatran","|","|","|switch|p2a: Delphox|Delphox, F|291/291","|turn|24","|","|move|p1a: Weavile|Night Slash|p2a: Delphox","|-supereffective|p2a: Delphox","|-enditem|p2a: Delphox|Focus Sash","|-damage|p2a: Delphox|1/291","|-damage|p1a: Weavile|155/281|[from] item: Life Orb","|move|p2a: Delphox|Flamethrower|p1a: Weavile","|-supereffective|p1a: Weavile","|-damage|p1a: Weavile|0 fnt","|faint|p1a: Weavile","|","|","|switch|p1a: Umbreon|Umbreon, F, shiny|394/394 slp","|-damage|p1a: Umbreon|345/394 slp|[from] Stealth Rock","|turn|25","|","|switch|p2a: Infernape|Infernape, F|206/293","|cant|p1a: Umbreon|slp","|","|-heal|p1a: Umbreon|369/394 slp|[from] item: Leftovers","|turn|26","|","|move|p2a: Infernape|Close Combat|p1a: Umbreon","|-supereffective|p1a: Umbreon","|-damage|p1a: Umbreon|31/394 slp","|-unboost|p2a: Infernape|def|1","|-unboost|p2a: Infernape|spd|1","|-curestatus|p1a: Umbreon|slp","|move|p1a: Umbreon|Foul Play|p2a: Infernape","|-resisted|p2a: Infernape","|-damage|p2a: Infernape|67/293","|","|-heal|p1a: Umbreon|55/394|[from] item: Leftovers","|turn|27","|","|move|p1a: Umbreon|Protect|p1a: Umbreon","|-singleturn|p1a: Umbreon|Protect","|move|p2a: Infernape|Close Combat|p1a: Umbreon","|-activate|p1a: Umbreon|Protect","|","|-heal|p1a: Umbreon|79/394|[from] item: Leftovers","|turn|28","|","|move|p1a: Umbreon|Protect|p1a: Umbreon","|-fail|p1a: Umbreon","|move|p2a: Infernape|Close Combat|p1a: Umbreon","|-supereffective|p1a: Umbreon","|-damage|p1a: Umbreon|0 fnt","|-unboost|p2a: Infernape|def|1","|-unboost|p2a: Infernape|spd|1","|faint|p1a: Umbreon","|","|win|Dragotic"],"p1rating":{"entryid":"7319634","serverid":"eos","formatid":"monotype","userid":"noah9280","username":"noah9280","w":"1","l":1,"t":"0","gxe":49.5,"r":"1500","rd":"130","sigma":"0","rptime":"1438419600","rpr":1495.839681473,"rprd":116.77591130472,"rpsigma":"0","acre":1028.166785811,"lacre":1028.166785811,"oldacre":"1043.9332472708"},"p2rating":{"entryid":"7308894","serverid":"eos","formatid":"monotype","userid":"dragotic","username":"Dragotic","w":2,"l":"0","t":"0","gxe":59.5,"r":1544.3630016964,"rd":122.81848337405,"sigma":"0","rptime":1438419600,"rpr":1576.407524621,"rprd":116.82115760179,"rpsigma":"0","acre":1090.4850463387,"lacre":1090.4850463387,"oldacre":"1061.1941088662"},"endType":"normal"}