{"seed":[10073,53327,57831,58267],"turns":28,"p1":"Marx-Bot","p2":"Sovereign♕Cactus","p1team":[{"name":"Darude Hailstorm","species":"abomasnow","item":"focussash","ability":"Snow Warning","moves":["blizzard","gigadrain","iceshard","shadowball"],"nature":"Mild","evs":{"hp":248,"atk":8,"def":0,"spa":252,"spd":0,"spe":0},"gender":"M","shiny":true,"ivs":{"hp":31,"atk":31,"def":31,"spa":31,"spd":31,"spe":31}},{"name":"Froslass","species":"Froslass","item":"focussash","ability":"Cursed Body","moves":["destinybond","icebeam","taunt","shadowball"],"nature":"Timid","evs":{"hp":0,"atk":0,"def":0,"spa":252,"spd":4,"spe":252},"ivs":{"hp":31,"atk":31,"def":31,"spa":31,"spd":31,"spe":31}},{"name":"Ice Age","species":"mamoswine","item":"choicescarf","ability":"Thick Fat","moves":["superpower","earthquake","iciclecrash","stoneedge"],"nature":"Jolly","evs":{"hp":0,"atk":252,"def":0,"spa":0,"spd":4,"spe":252},"gender":"M","shiny":true,"ivs":{"hp":31,"atk":31,"def":31,"spa":31,"spd":31,"spe":31}},{"name":"The Titanic","species":"avalugg","item":"rockyhelmet","ability":"Sturdy","moves":["rapidspin","toxic","recover","avalanche"],"nature":"Bold","evs":{"hp":248,"atk":0,"def":252,"spa":0,"spd":8,"spe":0},"gender":"M","shiny":true,"ivs":{"hp":31,"atk":31,"def":31,"spa":31,"spd":31,"spe":31}},{"name":"Kyurem-Black","species":"Kyurem-Black","item":"muscleband","ability":"Teravolt","moves":["fusionbolt","outrage","icebeam","shadowclaw"],"nature":"Naughty","evs":{"hp":248,"atk":252,"def":0,"spa":8,"spd":0,"spe":0},"ivs":{"hp":31,"atk":31,"def":31,"spa":31,"spd":31,"spe":31}},{"name":"King Kold","species":"rotomfrost","item":"leftovers","ability":"Levitate","moves":["discharge","willowisp","painsplit","charge"],"nature":"Calm","evs":{"hp":248,"atk":0,"def":0,"spa":252,"spd":8,"spe":0},"shiny":true,"ivs":{"hp":31,"atk":31,"def":31,"spa":31,"spd":31,"spe":31}}],"p2team":[{"name":"Quagmire","species":"quagsire","item":"leftovers","ability":"Water Absorb","moves":["yawn","scald","recover","stockpile"],"nature":"Bold","evs":{"hp":252,"atk":0,"def":252,"spa":0,"spd":4,"spe":0},"ivs":{"hp":31,"atk":31,"def":31,"spa":31,"spd":31,"spe":31}},{"name":"Bareny&Dragons","species":"garchomp","item":"garchompite","ability":"Sand Veil","moves":["earthquake","dracometeor","fireblast","stoneedge"],"nature":"","shiny":true,"evs":{"hp":0,"atk":0,"def":0,"spa":0,"spd":0,"spe":0},"ivs":{"hp":31,"atk":31,"def":31,"spa":31,"spd":31,"spe":31}},{"name":"DigDug","species":"excadrill","item":"lifeorb","ability":"Sand Rush","moves":["earthquake","xscissor","rockslide","ironhead"],"nature":"Adamant","evs":{"hp":0,"atk":252,"def":0,"spa":0,"spd":4,"spe":252},"shiny":true,"ivs":{"hp":31,"atk":31,"def":31,"spa":31,"spd":31,"spe":31}},{"name":"Manny","species":"mamoswine","item":"choicescarf","ability":"Thick Fat","moves":["earthquake","iceshard","iciclecrash","superpower"],"nature":"Jolly","evs":{"hp":0,"atk":248,"def":0,"spa":0,"spd":4,"spe":252},"ivs":{"hp":31,"atk":31,"def":31,"spa":31,"spd":31,"spe":31}},{"name":"Orange Hulk","species":"landorus","item":"lifeorb","ability":"Sheer Force","moves":["earthpower","focusblast","psychic","sludgewave"],"nature":"Timid","evs":{"hp":0,"atk":0,"def":0,"spa":252,"spd":4,"spe":252},"shiny":true,"ivs":{"hp":31,"atk":31,"def":31,"spa":31,"spd":31,"spe":31}},{"name":"Dental Floss","species":"hippowdon","item":"leftovers","ability":"Sand Stream","moves":["earthquake","roar","stealthrock","slackoff"],"nature":"Impish","evs":{"hp":252,"atk":4,"def":252,"spa":0,"spd":0,"spe":0},"shiny":true,"ivs":{"hp":31,"atk":31,"def":31,"spa":31,"spd":31,"spe":31}}],"log":["|player|p1|Marx-Bot|238","|player|p2|Sovereign♕Cactus|251","|gametype|singles","|gen|6","|tier|Monotype","|rated","|rule|Baton Pass Clause: Limit one Baton Passer, can't pass Spe and other stats simultaneously","|rule|Swagger Clause: Swagger is banned","|rule|Same Type Clause: Pokémon in a team must share a type","|clearpoke","|poke|p1|Abomasnow, M, shiny","|poke|p1|Froslass, F","|poke|p1|Mamoswine, M, shiny","|poke|p1|Avalugg, M, shiny","|poke|p1|Kyurem-Black","|poke|p1|Rotom-Frost, shiny","|poke|p2|Quagsire, M","|poke|p2|Garchomp, M, shiny","|poke|p2|Excadrill, F, shiny","|poke|p2|Mamoswine, M","|poke|p2|Landorus, M, shiny","|poke|p2|Hippowdon, F, shiny","|rule|Sleep Clause Mod: Limit one foe put to sleep","|rule|Species Clause: Limit one of each Pokémon","|rule|OHKO Clause: OHKO moves are banned","|rule|Moody Clause: Moody is banned","|rule|Evasion Moves Clause: Evasion moves are banned","|rule|Endless Battle Clause: Forcing endless battles is banned","|rule|HP Percentage Mod: HP is shown in percentages","|teampreview","|","|start","|switch|p1a: Froslass|Froslass, F|281/281","|switch|p2a: Dental Floss|Hippowdon, F, shiny|420/420","|-weather|Sandstorm","|turn|1","|","|move|p1a: Froslass|Taunt|p2a: Dental Floss","|-start|p2a: Dental Floss|move: Taunt","|cant|p2a: Dental Floss|move: Taunt|Stealth Rock","|","|-weather|Sandstorm|[upkeep]","|-damage|p1a: Froslass|264/281|[from] sandstorm","|turn|2","|","|move|p1a: Froslass|Destiny Bond|p1a: Froslass","|-singlemove|p1a: Froslass|Destiny Bond","|move|p2a: Dental Floss|Earthquake|p1a: Froslass","|-damage|p1a: Froslass|78/281","|-start|p2a: Dental Floss|Disable|Earthquake","|","|-weather|Sandstorm|[upkeep]","|-damage|p1a: Froslass|61/281|[from] sandstorm","|turn|3","|","|switch|p2a: Quagmire|Quagsire, M|394/394","|move|p1a: Froslass|Destiny Bond|p1a: Froslass","|-singlemove|p1a: Froslass|Destiny Bond","|","|-weather|Sandstorm|[upkeep]","|-damage|p1a: Froslass|44/281|[from] sandstorm","|turn|4","|","|move|p1a: Froslass|Shadow Ball|p2a: Quagmire","|-damage|p2a: Quagmire|250/394","|move|p2a: Quagmire|Stockpile|p2a: Quagmire","|-start|p2a: Quagmire|stockpile1","|-boost|p2a: Quagmire|def|1","|-boost|p2a: Quagmire|spd|1","|","|-weather|Sandstorm|[upkeep]","|-damage|p1a: Froslass|27/281|[from] sandstorm","|-heal|p2a: Quagmire|274/394|[from] item: Leftovers","|turn|5","|","|move|p1a: Froslass|Shadow Ball|p2a: Quagmire","|-damage|p2a: Quagmire|178/394","|move|p2a: Quagmire|Stockpile|p2a: Quagmire","|-start|p2a: Quagmire|stockpile2","|-boost|p2a: Quagmire|def|1","|-boost|p2a: Quagmire|spd|1","|","|-weather|none","|-heal|p2a: Quagmire|202/394|[from] item: Leftovers","|turn|6","|","|move|p1a: Froslass|Shadow Ball|p2a: Quagmire","|-damage|p2a: Quagmire|129/394","|move|p2a: Quagmire|Yawn|p1a: Froslass","|-start|p1a: Froslass|move: Yawn|[of] p2a: Quagmire","|","|-heal|p2a: Quagmire|153/394|[from] item: Leftovers","|turn|7","|","|move|p1a: Froslass|Shadow Ball|p2a: Quagmire","|-damage|p2a: Quagmire|78/394","|-unboost|p2a: Quagmire|spd|1","|move|p2a: Quagmire|Recover|p2a: Quagmire","|-heal|p2a: Quagmire|275/394","|","|-end|p1a: Froslass|move: Yawn|[silent]","|-status|p1a: Froslass|slp","|-heal|p2a: Quagmire|299/394|[from] item: Leftovers","|turn|8","|","|cant|p1a: Froslass|slp","|move|p2a: Quagmire|Stockpile|p2a: Quagmire","|-start|p2a: Quagmire|stockpile3","|-boost|p2a: Quagmire|def|1","|-boost|p2a: Quagmire|spd|1","|","|-heal|p2a: Quagmire|323/394|[from] item: Leftovers","|turn|9","|","|cant|p1a: Froslass|slp","|move|p2a: Quagmire|Scald|p1a: Froslass","|-damage|p1a: Froslass|0 fnt","|-start|p2a: Quagmire|Disable|Scald","|faint|p1a: Froslass","|","|-heal|p2a: Quagmire|347/394|[from] item: Leftovers","|","|switch|p1a: The Titanic|Avalugg, M, shiny|393/393","|turn|10","|","|move|p2a: Quagmire|Yawn|p1a: The Titanic","|-start|p1a: The Titanic|move: Yawn|[of] p2a: Quagmire","|move|p1a: The Titanic|Toxic|p2a: Quagmire|[miss]","|-miss|p1a: The Titanic|p2a: Quagmire","|","|-heal|p2a: Quagmire|371/394|[from] item: Leftovers","|turn|11","|","|switch|p2a: DigDug|Excadrill, F, shiny|361/361","|move|p1a: The Titanic|Toxic|p2a: DigDug|[miss]","|-miss|p1a: The Titanic|p2a: DigDug","|","|-end|p1a: The Titanic|move: Yawn|[silent]","|-status|p1a: The Titanic|slp","|turn|12","|","|switch|p1a: Kyurem-Black|Kyurem-Black|453/453","|-ability|p1a: Kyurem-Black|Teravolt","|move|p2a: DigDug|Iron Head|p1a: Kyurem-Black","|-supereffective|p1a: Kyurem-Black","|-damage|p1a: Kyurem-Black|47/453","|-damage|p2a: DigDug|325/361|[from] item: Life Orb","|","|turn|13","|","|switch|p2a: Dental Floss|Hippowdon, F, shiny|420/420","|-weather|Sandstorm","|move|p1a: Kyurem-Black|Ice Beam|p2a: Dental Floss","|-supereffective|p2a: Dental Floss","|-damage|p2a: Dental Floss|84/420","|","|-weather|Sandstorm|[upkeep]","|-damage|p1a: Kyurem-Black|19/453|[from] sandstorm","|-heal|p2a: Dental Floss|110/420|[from] item: Leftovers","|turn|14","|","|switch|p2a: Quagmire|Quagsire, M|371/394","|move|p1a: Kyurem-Black|Ice Beam|p2a: Quagmire","|-damage|p2a: Quagmire|199/394","|","|-weather|Sandstorm|[upkeep]","|-damage|p1a: Kyurem-Black|0 fnt|[from] sandstorm","|-heal|p2a: Quagmire|223/394|[from] item: Leftovers","|faint|p1a: Kyurem-Black","|","|switch|p1a: Darude Hailstorm|Abomasnow, M, shiny|383/383","|-weather|Hail","|turn|15","|","|switch|p2a: Dental Floss|Hippowdon, F, shiny|110/420","|-weather|Sandstorm","|move|p1a: Darude Hailstorm|Giga Drain|p2a: Dental Floss","|-supereffective|p2a: Dental Floss","|-damage|p2a: Dental Floss|0 fnt","|faint|p2a: Dental Floss","|","|-weather|Sandstorm|[upkeep]","|-damage|p1a: Darude Hailstorm|360/383|[from] sandstorm","|","|switch|p2a: Bareny&Dragons|Garchomp, M, shiny|357/357","|turn|16","|","|switch|p1a: The Titanic|Avalugg, M, shiny|393/393 slp","|detailschange|p2a: Bareny&Dragons|Garchomp-Mega, M, shiny","|-mega|p2a: Bareny&Dragons|Garchomp|Garchompite","|move|p2a: Bareny&Dragons|Fire Blast|p1a: The Titanic","|-supereffective|p1a: The Titanic","|-damage|p1a: The Titanic|5/393 slp","|","|-weather|Sandstorm|[upkeep]","|-damage|p1a: The Titanic|0 fnt|[from] sandstorm","|faint|p1a: The Titanic","|","|switch|p1a: Ice Age|Mamoswine, M, shiny|361/361","|turn|17","|","|switch|p2a: Manny|Mamoswine, M|361/361","|move|p1a: Ice Age|Icicle Crash|p2a: Manny","|-damage|p2a: Manny|261/361","|","|-weather|Sandstorm|[upkeep]","|turn|18","|","|switch|p1a: Darude Hailstorm|Abomasnow, M, shiny|360/383","|-weather|Hail","|move|p2a: Manny|Superpower|p1a: Darude Hailstorm","|-supereffective|p1a: Darude Hailstorm","|-damage|p1a: Darude Hailstorm|0 fnt","|-unboost|p2a: Manny|atk|1","|-unboost|p2a: Manny|def|1","|faint|p1a: Darude Hailstorm","|","|-weather|Hail|[upkeep]","|","|switch|p1a: Ice Age|Mamoswine, M, shiny|361/361","|turn|19","|","|switch|p2a: Quagmire|Quagsire, M|223/394","|move|p1a: Ice Age|Superpower|p2a: Quagmire","|-damage|p2a: Quagmire|102/394","|-unboost|p1a: Ice Age|atk|1","|-unboost|p1a: Ice Age|def|1","|","|-weather|Hail|[upkeep]","|-damage|p2a: Quagmire|78/394|[from] hail","|-heal|p2a: Quagmire|102/394|[from] item: Leftovers","|turn|20","|","|switch|p1a: King Kold|Rotom-Frost, shiny|303/303","|move|p2a: Quagmire|Yawn|p1a: King Kold","|-start|p1a: King Kold|move: Yawn|[of] p2a: Quagmire","|","|-weather|Hail|[upkeep]","|-damage|p2a: Quagmire|78/394|[from] hail","|-heal|p2a: Quagmire|102/394|[from] item: Leftovers","|turn|21","|","|move|p1a: King Kold|Will-O-Wisp|p2a: Quagmire","|-status|p2a: Quagmire|brn","|move|p2a: Quagmire|Recover|p2a: Quagmire","|-heal|p2a: Quagmire|299/394 brn","|","|-end|p1a: King Kold|move: Yawn|[silent]","|-status|p1a: King Kold|slp","|-weather|Hail|[upkeep]","|-damage|p2a: Quagmire|275/394 brn|[from] hail","|-heal|p2a: Quagmire|299/394 brn|[from] item: Leftovers","|-damage|p2a: Quagmire|250/394 brn|[from] brn","|turn|22","|","|switch|p2a: Bareny&Dragons|Garchomp-Mega, M, shiny|357/357","|cant|p1a: King Kold|slp","|","|-weather|none","|turn|23","|","|move|p2a: Bareny&Dragons|Fire Blast|p1a: King Kold","|-supereffective|p1a: King Kold","|-damage|p1a: King Kold|121/303 slp","|cant|p1a: King Kold|slp","|","|-heal|p1a: King Kold|139/303 slp|[from] item: Leftovers","|turn|24","|","|move|p2a: Bareny&Dragons|Fire Blast|p1a: King Kold","|-supereffective|p1a: King Kold","|-damage|p1a: King Kold|0 fnt","|faint|p1a: King Kold","|","|","|switch|p1a: Ice Age|Mamoswine, M, shiny|361/361","|turn|25","|","|switch|p2a: Quagmire|Quagsire, M|250/394 brn","|move|p1a: Ice Age|Icicle Crash|p2a: Quagmire","|-damage|p2a: Quagmire|118/394 brn","|","|-heal|p2a: Quagmire|142/394 brn|[from] item: Leftovers","|-damage|p2a: Quagmire|93/394 brn|[from] brn","|turn|26","|","|move|p1a: Ice Age|Icicle Crash|p2a: Quagmire","|-damage|p2a: Quagmire|0 fnt","|faint|p2a: Quagmire","|","|","|switch|p2a: Manny|Mamoswine, M|261/361","|turn|27","|","|move|p1a: Ice Age|Icicle Crash|p2a: Manny","|-damage|p2a: Manny|167/361","|move|p2a: Manny|Superpower|p1a: Ice Age","|-supereffective|p1a: Ice Age","|-damage|p1a: Ice Age|5/361","|-unboost|p2a: Manny|atk|1","|-unboost|p2a: Manny|def|1","|","|turn|28","|","|move|p1a: Ice Age|Icicle Crash|p2a: Manny","|-damage|p2a: Manny|32/361","|move|p2a: Manny|Superpower|p1a: Ice Age","|-supereffective|p1a: Ice Age","|-damage|p1a: Ice Age|0 fnt","|-unboost|p2a: Manny|atk|1","|-unboost|p2a: Manny|def|1","|faint|p1a: Ice Age","|","|win|Sovereign♕Cactus"],"p1rating":{"entryid":"5765428","serverid":"eos","formatid":"monotype","userid":"marxbot","username":"Marx Bot","w":"198","l":294,"t":"0","gxe":41.1,"r":"1434.8210524771","rd":"25","sigma":"0","rptime":"1438419600","rpr":1431.9483458385,"rprd":25,"rpsigma":"0","acre":1065.8139910523,"lacre":1065.8139910523,"oldacre":"1084.9026000776"},"p2rating":{"entryid":"6867552","serverid":"eos","formatid":"monotype","userid":"sovereigncactus","username":"Sovereign♕Cactus","w":52,"l":"62","t":"0","gxe":45.5,"r":"1460.5508031088","rd":"35.753247470272","sigma":"0","rptime":"1438419600","rpr":1465.5381729761,"rprd":33.949998396845,"rpsigma":"0","acre":1162.1070724712,"lacre":1162.1070724712,"oldacre":"1141.1170993329"},"endType":"normal"}