{"seed":[63896,54362,45489,42566],"turns":22,"p1":"Diamond Jax","p2":"Sovereign♕Unknown","p1team":[{"name":"Darude","species":"hippowdon","item":"leftovers","ability":"Sand Stream","moves":["stealthrock","earthquake","slackoff","roar"],"nature":"Impish","evs":{"hp":252,"atk":4,"def":252,"spa":0,"spd":0,"spe":0},"ivs":{"hp":31,"atk":31,"def":31,"spa":31,"spd":31,"spe":31}},{"name":"War Stripes","species":"excadrill","item":"lifeorb","ability":"Sand Rush","moves":["earthquake","rockslide","ironhead","rapidspin"],"nature":"Adamant","evs":{"hp":0,"atk":252,"def":0,"spa":0,"spd":4,"spe":252},"ivs":{"hp":31,"atk":31,"def":31,"spa":31,"spd":31,"spe":31}},{"name":"Pinhead Larry","species":"landorus","item":"lifeorb","ability":"Sheer Force","moves":["earthpower","psychic","sludgewave","gravity"],"nature":"Timid","evs":{"hp":0,"atk":0,"def":0,"spa":252,"spd":4,"spe":252},"ivs":{"hp":31,"atk":31,"def":31,"spa":31,"spd":31,"spe":31}},{"name":"Safety Shark","species":"garchomp","item":"choicescarf","ability":"Sand Veil","moves":["earthquake","stoneedge","fireblast","outrage"],"nature":"Naive","evs":{"hp":0,"atk":252,"def":0,"spa":4,"spd":0,"spe":252},"ivs":{"hp":31,"atk":31,"def":31,"spa":31,"spd":31,"spe":31}},{"name":"Glazed","species":"claydol","item":"lightclay","ability":"Levitate","moves":["lightscreen","reflect","toxic","psychic"],"nature":"Calm","evs":{"hp":248,"atk":0,"def":0,"spa":8,"spd":252,"spe":0},"ivs":{"hp":31,"atk":31,"def":31,"spa":31,"spd":31,"spe":31}},{"name":"Elefante","species":"nidoking","item":"assaultvest","ability":"Sheer Force","moves":["sludgewave","earthpower","fireblast","icebeam"],"nature":"Timid","evs":{"hp":8,"atk":0,"def":0,"spa":252,"spd":0,"spe":248},"ivs":{"hp":31,"atk":31,"def":31,"spa":31,"spd":31,"spe":31}}],"p2team":[{"name":"Bites of Dust","species":"garchomp","item":"rockyhelmet","ability":"Rough Skin","moves":["stealthrock","earthquake","toxic","fireblast"],"nature":"Impish","evs":{"hp":252,"atk":0,"def":164,"spa":0,"spd":76,"spe":16},"gender":"M","ivs":{"hp":31,"atk":31,"def":31,"spa":31,"spd":31,"spe":31}},{"name":"Sea Leaf","species":"dragalge","item":"blacksludge","ability":"Adaptability","moves":["dracometeor","sludgewave","focusblast","toxicspikes"],"nature":"Modest","evs":{"hp":228,"atk":0,"def":0,"spa":252,"spd":0,"spe":28},"gender":"F","ivs":{"hp":31,"atk":31,"def":31,"spa":31,"spd":31,"spe":31}},{"name":"R U Jelly?","species":"goodra","item":"assaultvest","ability":"Sap Sipper","moves":["dracometeor","fireblast","sludgebomb","earthquake"],"nature":"Modest","evs":{"hp":240,"atk":0,"def":0,"spa":252,"spd":0,"spe":16},"gender":"F","ivs":{"hp":31,"atk":31,"def":31,"spa":31,"spd":31,"spe":31}},{"name":"Dracoknight","species":"dragonite","item":"lumberry","ability":"Multiscale","moves":["dragondance","outrage","extremespeed","earthquake"],"nature":"Adamant","evs":{"hp":0,"atk":252,"def":4,"spa":0,"spd":0,"spe":252},"gender":"M","ivs":{"hp":31,"atk":31,"def":31,"spa":31,"spd":31,"spe":31}},{"name":"Cerberus+RedBull","species":"hydreigon","item":"choicescarf","ability":"Levitate","moves":["dracometeor","darkpulse","earthpower","flashcannon"],"nature":"Modest","evs":{"hp":0,"atk":4,"def":0,"spa":252,"spd":0,"spe":252},"gender":"M","ivs":{"hp":31,"atk":31,"def":31,"spa":31,"spd":31,"spe":31}},{"name":"Cloud with Wings","species":"altaria","item":"altarianite","ability":"Cloud Nine","moves":["roost","hypervoice","healbell","flamethrower"],"nature":"Bold","evs":{"hp":248,"atk":0,"def":104,"spa":0,"spd":156,"spe":0},"gender":"F","ivs":{"hp":31,"atk":31,"def":31,"spa":31,"spd":31,"spe":31}}],"log":["|player|p1|Diamond Jax|diamondjax.png","|player|p2|Sovereign♕Unknown|99","|gametype|singles","|gen|6","|tier|Monotype","|rated","|rule|Baton Pass Clause: Limit one Baton Passer, can't pass Spe and other stats simultaneously","|rule|Swagger Clause: Swagger is banned","|rule|Same Type Clause: Pokémon in a team must share a type","|clearpoke","|poke|p1|Hippowdon, F","|poke|p1|Excadrill, M","|poke|p1|Landorus, M","|poke|p1|Garchomp, F","|poke|p1|Claydol","|poke|p1|Nidoking, M","|poke|p2|Garchomp, M","|poke|p2|Dragalge, F","|poke|p2|Goodra, F","|poke|p2|Dragonite, M","|poke|p2|Hydreigon, M","|poke|p2|Altaria, F","|rule|Sleep Clause Mod: Limit one foe put to sleep","|rule|Species Clause: Limit one of each Pokémon","|rule|OHKO Clause: OHKO moves are banned","|rule|Moody Clause: Moody is banned","|rule|Evasion Moves Clause: Evasion moves are banned","|rule|Endless Battle Clause: Forcing endless battles is banned","|rule|HP Percentage Mod: HP is shown in percentages","|teampreview","|","|start","|switch|p1a: Glazed|Claydol|323/323","|switch|p2a: Bites of Dust|Garchomp, M|420/420","|turn|1","|","|move|p2a: Bites of Dust|Toxic|p1a: Glazed","|-status|p1a: Glazed|tox","|move|p1a: Glazed|Reflect|p1a: Glazed","|-sidestart|p1: Diamond Jax|Reflect","|","|-damage|p1a: Glazed|303/323 tox|[from] psn","|turn|2","|","|move|p2a: Bites of Dust|Stealth Rock|p1a: Glazed","|-sidestart|p1: Diamond Jax|move: Stealth Rock","|move|p1a: Glazed|Light Screen|p1a: Glazed","|-sidestart|p1: Diamond Jax|move: Light Screen","|","|-damage|p1a: Glazed|263/323 tox|[from] psn","|turn|3","|","|switch|p2a: Sea Leaf|Dragalge, F|328/328","|move|p1a: Glazed|Toxic|p2a: Sea Leaf","|-immune|p2a: Sea Leaf|[msg]","|","|-damage|p1a: Glazed|203/323 tox|[from] psn","|turn|4","|","|move|p1a: Glazed|Psychic|p2a: Sea Leaf","|-supereffective|p2a: Sea Leaf","|-damage|p2a: Sea Leaf|190/328","|-unboost|p2a: Sea Leaf|spd|1","|move|p2a: Sea Leaf|Toxic Spikes|p1a: Glazed","|-sidestart|p1: Diamond Jax|move: Toxic Spikes","|","|-heal|p2a: Sea Leaf|210/328|[from] item: Black Sludge","|-damage|p1a: Glazed|123/323 tox|[from] psn","|turn|5","|","|move|p1a: Glazed|Psychic|p2a: Sea Leaf","|-supereffective|p2a: Sea Leaf","|-damage|p2a: Sea Leaf|6/328","|move|p2a: Sea Leaf|Toxic Spikes|p1a: Glazed","|-sidestart|p1: Diamond Jax|move: Toxic Spikes","|","|-heal|p2a: Sea Leaf|26/328|[from] item: Black Sludge","|-damage|p1a: Glazed|23/323 tox|[from] psn","|turn|6","|","|switch|p2a: Cerberus+RedBull|Hydreigon, M|325/325","|move|p1a: Glazed|Psychic|p2a: Cerberus+RedBull","|-immune|p2a: Cerberus+RedBull|[msg]","|","|-damage|p1a: Glazed|0 fnt|[from] psn","|faint|p1a: Glazed","|","|switch|p1a: Darude|Hippowdon, F|420/420","|-damage|p1a: Darude|394/420|[from] Stealth Rock","|-status|p1a: Darude|tox","|-weather|Sandstorm","|turn|7","|","|switch|p1a: War Stripes|Excadrill, M|361/361","|-damage|p1a: War Stripes|350/361|[from] Stealth Rock","|move|p2a: Cerberus+RedBull|Dark Pulse|p1a: War Stripes","|-damage|p1a: War Stripes|248/361","|","|-weather|Sandstorm|[upkeep]","|-damage|p2a: Cerberus+RedBull|305/325|[from] sandstorm","|turn|8","|","|switch|p2a: Sea Leaf|Dragalge, F|26/328","|move|p1a: War Stripes|Rapid Spin|p2a: Sea Leaf","|-damage|p2a: Sea Leaf|0 fnt","|-sideend|p1: Diamond Jax|Toxic Spikes|[from] move: Rapid Spin|[of] p1a: War Stripes","|-sideend|p1: Diamond Jax|Stealth Rock|[from] move: Rapid Spin|[of] p1a: War Stripes","|-damage|p1a: War Stripes|212/361|[from] item: Life Orb","|faint|p2a: Sea Leaf","|","|-weather|Sandstorm|[upkeep]","|-sideend|p1: Diamond Jax|Reflect","|","|switch|p2a: Cerberus+RedBull|Hydreigon, M|305/325","|turn|9","|","|move|p1a: War Stripes|Iron Head|p2a: Cerberus+RedBull","|-damage|p2a: Cerberus+RedBull|94/325","|-damage|p1a: War Stripes|176/361|[from] item: Life Orb","|move|p2a: Cerberus+RedBull|Earth Power|p1a: War Stripes","|-supereffective|p1a: War Stripes","|-damage|p1a: War Stripes|28/361","|","|-weather|Sandstorm|[upkeep]","|-damage|p2a: Cerberus+RedBull|74/325|[from] sandstorm","|-sideend|p1: Diamond Jax|move: Light Screen","|turn|10","|","|switch|p2a: Bites of Dust|Garchomp, M|420/420","|move|p1a: War Stripes|Iron Head|p2a: Bites of Dust","|-damage|p2a: Bites of Dust|251/420","|-damage|p1a: War Stripes|0 fnt|[from] ability: Rough Skin|[of] p2a: Bites of Dust","|faint|p1a: War Stripes","|","|-weather|Sandstorm|[upkeep]","|","|switch|p1a: Elefante|Nidoking, M|305/305","|turn|11","|","|move|p1a: Elefante|Ice Beam|p2a: Bites of Dust","|-supereffective|p2a: Bites of Dust","|-damage|p2a: Bites of Dust|0 fnt","|faint|p2a: Bites of Dust","|","|-weather|none","|","|switch|p2a: Dracoknight|Dragonite, M|323/323","|turn|12","|","|move|p1a: Elefante|Sludge Wave|p2a: Dracoknight","|-damage|p2a: Dracoknight|236/323","|move|p2a: Dracoknight|Earthquake|p1a: Elefante","|-supereffective|p1a: Elefante","|-damage|p1a: Elefante|0 fnt","|faint|p1a: Elefante","|","|","|switch|p1a: Safety Shark|Garchomp, F|357/357","|turn|13","|","|switch|p2a: Cerberus+RedBull|Hydreigon, M|74/325","|move|p1a: Safety Shark|Outrage|p2a: Cerberus+RedBull","|-supereffective|p2a: Cerberus+RedBull","|-damage|p2a: Cerberus+RedBull|0 fnt","|faint|p2a: Cerberus+RedBull","|","|","|switch|p2a: Cloud with Wings|Altaria, F|353/353","|-ability|p2a: Cloud with Wings|Cloud Nine","|turn|14","|","|detailschange|p2a: Cloud with Wings|Altaria-Mega, F","|-mega|p2a: Cloud with Wings|Altaria|Altarianite","|move|p1a: Safety Shark|Outrage|p2a: Cloud with Wings","|-immune|p2a: Cloud with Wings|[msg]","|move|p2a: Cloud with Wings|Roost|p2a: Cloud with Wings","|-fail|p2a: Cloud with Wings","|","|turn|15","|","|switch|p1a: Pinhead Larry|Landorus, M|319/319","|move|p2a: Cloud with Wings|Hyper Voice|p1a: Pinhead Larry","|-damage|p1a: Pinhead Larry|144/319","|","|turn|16","|","|move|p1a: Pinhead Larry|Sludge Wave|p2a: Cloud with Wings","|-supereffective|p2a: Cloud with Wings","|-damage|p2a: Cloud with Wings|59/353","|move|p2a: Cloud with Wings|Hyper Voice|p1a: Pinhead Larry","|-damage|p1a: Pinhead Larry|0 fnt","|faint|p1a: Pinhead Larry","|","|","|switch|p1a: Darude|Hippowdon, F|394/420 tox","|-weather|Sandstorm","|turn|17","|","|move|p2a: Cloud with Wings|Roost|p2a: Cloud with Wings","|-heal|p2a: Cloud with Wings|236/353","|move|p1a: Darude|Earthquake|p2a: Cloud with Wings","|-damage|p2a: Cloud with Wings|137/353","|","|-weather|Sandstorm|[upkeep]","|-damage|p2a: Cloud with Wings|115/353|[from] sandstorm","|-heal|p1a: Darude|420/420 tox|[from] item: Leftovers","|-damage|p1a: Darude|394/420 tox|[from] psn","|turn|18","|","|move|p2a: Cloud with Wings|Roost|p2a: Cloud with Wings","|-heal|p2a: Cloud with Wings|292/353","|move|p1a: Darude|Earthquake|p2a: Cloud with Wings","|-damage|p2a: Cloud with Wings|186/353","|","|-weather|Sandstorm|[upkeep]","|-damage|p2a: Cloud with Wings|164/353|[from] sandstorm","|-heal|p1a: Darude|420/420 tox|[from] item: Leftovers","|-damage|p1a: Darude|368/420 tox|[from] psn","|turn|19","|","|move|p2a: Cloud with Wings|Roost|p2a: Cloud with Wings","|-heal|p2a: Cloud with Wings|341/353","|move|p1a: Darude|Earthquake|p2a: Cloud with Wings","|-damage|p2a: Cloud with Wings|245/353","|","|-weather|Sandstorm|[upkeep]","|-damage|p2a: Cloud with Wings|223/353|[from] sandstorm","|-heal|p1a: Darude|394/420 tox|[from] item: Leftovers","|-damage|p1a: Darude|316/420 tox|[from] psn","|turn|20","|","|move|p2a: Cloud with Wings|Hyper Voice|p1a: Darude","|-damage|p1a: Darude|120/420 tox","|move|p1a: Darude|Earthquake|p2a: Cloud with Wings","|-damage|p2a: Cloud with Wings|124/353","|","|-weather|Sandstorm|[upkeep]","|-damage|p2a: Cloud with Wings|102/353|[from] sandstorm","|-heal|p1a: Darude|146/420 tox|[from] item: Leftovers","|-damage|p1a: Darude|42/420 tox|[from] psn","|turn|21","|","|move|p2a: Cloud with Wings|Roost|p2a: Cloud with Wings","|-heal|p2a: Cloud with Wings|279/353","|move|p1a: Darude|Earthquake|p2a: Cloud with Wings","|-damage|p2a: Cloud with Wings|177/353","|","|-weather|none","|-heal|p1a: Darude|68/420 tox|[from] item: Leftovers","|-damage|p1a: Darude|0 fnt|[from] psn","|faint|p1a: Darude","|","|switch|p1a: Safety Shark|Garchomp, F|357/357","|turn|22","|","|move|p1a: Safety Shark|Stone Edge|p2a: Cloud with Wings","|-damage|p2a: Cloud with Wings|82/353","|move|p2a: Cloud with Wings|Hyper Voice|p1a: Safety Shark","|-supereffective|p1a: Safety Shark","|-damage|p1a: Safety Shark|0 fnt","|faint|p1a: Safety Shark","|","|win|Sovereign♕Unknown"],"p1rating":{"entryid":"6934379","serverid":"eos","formatid":"monotype","userid":"diamondjax","username":"Diamond Jax","w":"56","l":27,"t":"0","gxe":64.4,"r":"1617.5461360128","rd":"40.943643871768","sigma":"0","rptime":"1438419600","rpr":1611.9470135528,"rprd":40.711428747703,"rpsigma":"0","acre":1256.3272263208,"lacre":1256.3272263208,"oldacre":"1297.9476767506"},"p2rating":{"entryid":"7172559","serverid":"eos","formatid":"monotype","userid":"sovereignunknown","username":"Sovereign♕Unknown","w":2,"l":"3","t":"0","gxe":49.6,"r":1452.5467240237,"rd":107.45517671281,"sigma":"0","rptime":1438419600,"rpr":1496.6231209404,"rprd":103.59365846465,"rpsigma":"0","acre":1081.2330587556,"lacre":1081.2330587556,"oldacre":"1019.5132361304"},"endType":"normal"}