{"seed":[16155,40257,44601,65137],"turns":32,"p1":"Nеowսlf","p2":"Alliance - Healer","p1team":[{"name":"Skarmory","species":"Skarmory","item":"leftovers","ability":"Sturdy","moves":["bravebird","whirlwind","roost","stealthrock"],"nature":"Impish","evs":{"hp":252,"atk":0,"def":232,"spa":0,"spd":0,"spe":24},"ivs":{"hp":31,"atk":31,"def":31,"spa":31,"spd":31,"spe":31}},{"name":"Heatran","species":"Heatran","item":"airballoon","ability":"Flash Fire","moves":["willowisp","lavaplume","earthpower","ancientpower"],"nature":"Calm","evs":{"hp":248,"atk":0,"def":0,"spa":8,"spd":252,"spe":0},"ivs":{"hp":31,"atk":31,"def":31,"spa":31,"spd":31,"spe":31}},{"name":"Ferrothorn","species":"Ferrothorn","item":"leftovers","ability":"Iron Barbs","moves":["leechseed","protect","spikes","seedbomb"],"nature":"Impish","evs":{"hp":208,"atk":0,"def":200,"spa":0,"spd":100,"spe":0},"ivs":{"hp":31,"atk":31,"def":31,"spa":31,"spd":31,"spe":31}},{"name":"Bisharp","species":"Bisharp","item":"lifeorb","ability":"Defiant","moves":["swordsdance","suckerpunch","knockoff","ironhead"],"nature":"Jolly","evs":{"hp":0,"atk":252,"def":0,"spa":0,"spd":4,"spe":252},"ivs":{"hp":31,"atk":31,"def":31,"spa":31,"spd":31,"spe":31}},{"name":"Scizor","species":"Scizor","item":"scizorite","ability":"Technician","moves":["swordsdance","bulletpunch","bugbite","superpower"],"nature":"Adamant","evs":{"hp":248,"atk":252,"def":0,"spa":0,"spd":8,"spe":0},"ivs":{"hp":31,"atk":31,"def":31,"spa":31,"spd":31,"spe":31}},{"name":"Magnezone","species":"Magnezone","item":"choicescarf","ability":"Magnet Pull","moves":["flashcannon","thunderbolt","hiddenpowerwater","voltswitch"],"nature":"Timid","evs":{"hp":0,"atk":0,"def":0,"spa":252,"spd":4,"spe":252},"ivs":{"hp":31,"atk":30,"def":30,"spa":30,"spd":31,"spe":31}}],"p2team":[{"name":"Ice elemental","species":"mamoswine","item":"lifeorb","ability":"Thick Fat","moves":["earthquake","iciclecrash","knockoff","iceshard"],"nature":"Jolly","evs":{"hp":4,"atk":252,"def":0,"spa":0,"spd":0,"spe":252},"gender":"F","ivs":{"hp":31,"atk":31,"def":31,"spa":31,"spd":31,"spe":31}},{"name":"Water elemental","species":"seismitoad","item":"assaultvest","ability":"Water Absorb","moves":["earthquake","drainpunch","knockoff","poisonjab"],"nature":"Careful","evs":{"hp":4,"atk":252,"def":0,"spa":0,"spd":252,"spe":0},"gender":"F","ivs":{"hp":31,"atk":31,"def":31,"spa":31,"spd":31,"spe":31}},{"name":"Fire elemental","species":"nidoking","item":"choicescarf","ability":"Sheer Force","moves":["sludgewave","flamethrower","thunderbolt","icebeam"],"nature":"Timid","evs":{"hp":4,"atk":0,"def":0,"spa":252,"spd":0,"spe":252},"ivs":{"hp":31,"atk":0,"def":31,"spa":31,"spd":31,"spe":31}},{"name":"Earth elemental","species":"hippowdon","item":"leftovers","ability":"Sand Stream","moves":["earthquake","stealthrock","slackoff","whirlwind"],"nature":"Impish","evs":{"hp":252,"atk":0,"def":252,"spa":0,"spd":4,"spe":0},"gender":"F","ivs":{"hp":31,"atk":31,"def":31,"spa":31,"spd":31,"spe":31}},{"name":"Thunder elemental","species":"excadrill","item":"choiceband","ability":"Sand Rush","moves":["ironhead","earthquake","rockslide","rapidspin"],"nature":"Adamant","evs":{"hp":4,"atk":252,"def":0,"spa":0,"spd":0,"spe":252},"gender":"F","ivs":{"hp":31,"atk":31,"def":31,"spa":31,"spd":31,"spe":31}},{"name":"Air elemental","species":"landorus","item":"lifeorb","ability":"Sheer Force","moves":["earthpower","sludgewave","rockslide","gravity"],"nature":"Naive","evs":{"hp":4,"atk":0,"def":0,"spa":252,"spd":0,"spe":252},"ivs":{"hp":31,"atk":0,"def":31,"spa":31,"spd":31,"spe":31}}],"log":["|player|p1|Nеowսlf|143","|player|p2|Alliance - Healer|101","|gametype|singles","|gen|6","|tier|Monotype","|rated","|rule|Baton Pass Clause: Limit one Baton Passer, can't pass Spe and other stats simultaneously","|rule|Swagger Clause: Swagger is banned","|rule|Same Type Clause: Pokémon in a team must share a type","|clearpoke","|poke|p1|Skarmory, F","|poke|p1|Heatran, M","|poke|p1|Ferrothorn, F","|poke|p1|Bisharp, M","|poke|p1|Scizor, F","|poke|p1|Magnezone","|poke|p2|Mamoswine, F","|poke|p2|Seismitoad, F","|poke|p2|Nidoking, M","|poke|p2|Hippowdon, F","|poke|p2|Excadrill, F","|poke|p2|Landorus, M","|rule|Sleep Clause Mod: Limit one foe put to sleep","|rule|Species Clause: Limit one of each Pokémon","|rule|OHKO Clause: OHKO moves are banned","|rule|Moody Clause: Moody is banned","|rule|Evasion Moves Clause: Evasion moves are banned","|rule|Endless Battle Clause: Forcing endless battles is banned","|rule|HP Percentage Mod: HP is shown in percentages","|teampreview","|","|start","|switch|p1a: Skarmory|Skarmory, F|334/334","|switch|p2a: Air elemental|Landorus, M|320/320","|turn|1","|","|move|p2a: Air elemental|Gravity|p2a: Air elemental","|-fieldstart|move: Gravity","|move|p1a: Skarmory|Stealth Rock|p2a: Air elemental","|-sidestart|p2: Alliance - Healer|move: Stealth Rock","|","|turn|2","|","|move|p2a: Air elemental|Earth Power|p1a: Skarmory","|-supereffective|p1a: Skarmory","|-activate|p1a: Skarmory|Sturdy","|-damage|p1a: Skarmory|1/334","|move|p1a: Skarmory|Whirlwind|p2a: Air elemental","|drag|p2a: Fire elemental|Nidoking, M|304/304","|-damage|p2a: Fire elemental|285/304|[from] Stealth Rock","|","|-heal|p1a: Skarmory|21/334|[from] item: Leftovers","|turn|3","|","|move|p2a: Fire elemental|Flamethrower|p1a: Skarmory","|-supereffective|p1a: Skarmory","|-damage|p1a: Skarmory|0 fnt","|faint|p1a: Skarmory","|","|","|switch|p1a: Heatran|Heatran, M|385/385","|-item|p1a: Heatran|Air Balloon","|turn|4","|","|switch|p2a: Water elemental|Seismitoad, F|352/352","|-damage|p2a: Water elemental|330/352|[from] Stealth Rock","|move|p1a: Heatran|Earth Power|p2a: Water elemental","|-damage|p2a: Water elemental|277/352","|","|turn|5","|","|switch|p1a: Ferrothorn|Ferrothorn, F|341/341","|move|p2a: Water elemental|Knock Off|p1a: Ferrothorn","|-damage|p1a: Ferrothorn|278/341","|-damage|p2a: Water elemental|233/352|[from] ability: Iron Barbs|[of] p1a: Ferrothorn","|-enditem|p1a: Ferrothorn|Leftovers|[from] move: Knock Off|[of] p2a: Water elemental","|","|-fieldend|move: Gravity","|turn|6","|","|switch|p2a: Earth elemental|Hippowdon, F|420/420","|-damage|p2a: Earth elemental|394/420|[from] Stealth Rock","|-weather|Sandstorm","|move|p1a: Ferrothorn|Leech Seed|p2a: Earth elemental","|-start|p2a: Earth elemental|move: Leech Seed","|","|-weather|Sandstorm|[upkeep]","|-heal|p2a: Earth elemental|420/420|[from] item: Leftovers","|-damage|p2a: Earth elemental|368/420|[from] Leech Seed|[of] p1a: Ferrothorn","|-heal|p1a: Ferrothorn|330/341|[silent]","|turn|7","|","|move|p2a: Earth elemental|Stealth Rock|p1a: Ferrothorn","|-sidestart|p1: Nеowսlf|move: Stealth Rock","|move|p1a: Ferrothorn|Spikes|p2a: Earth elemental","|-sidestart|p2: Alliance - Healer|Spikes","|","|-weather|Sandstorm|[upkeep]","|-heal|p2a: Earth elemental|394/420|[from] item: Leftovers","|-damage|p2a: Earth elemental|342/420|[from] Leech Seed|[of] p1a: Ferrothorn","|-heal|p1a: Ferrothorn|341/341|[silent]","|turn|8","|","|switch|p2a: Thunder elemental|Excadrill, F|362/362","|-damage|p2a: Thunder elemental|317/362|[from] Spikes","|-damage|p2a: Thunder elemental|306/362|[from] Stealth Rock","|move|p1a: Ferrothorn|Spikes|p2a: Thunder elemental","|-sidestart|p2: Alliance - Healer|Spikes","|","|-weather|Sandstorm|[upkeep]","|turn|9","|","|move|p2a: Thunder elemental|Rapid Spin|p1a: Ferrothorn","|-resisted|p1a: Ferrothorn","|-damage|p1a: Ferrothorn|329/341","|-damage|p2a: Thunder elemental|261/362|[from] ability: Iron Barbs|[of] p1a: Ferrothorn","|-sideend|p2: Alliance - Healer|Spikes|[from] move: Rapid Spin|[of] p2a: Thunder elemental","|-sideend|p2: Alliance - Healer|Stealth Rock|[from] move: Rapid Spin|[of] p2a: Thunder elemental","|move|p1a: Ferrothorn|Leech Seed|p2a: Thunder elemental|[miss]","|-miss|p1a: Ferrothorn|p2a: Thunder elemental","|","|-weather|Sandstorm|[upkeep]","|turn|10","|","|switch|p2a: Fire elemental|Nidoking, M|285/304","|move|p1a: Ferrothorn|Leech Seed|p2a: Fire elemental","|-start|p2a: Fire elemental|move: Leech Seed","|","|-weather|none","|-damage|p2a: Fire elemental|247/304|[from] Leech Seed|[of] p1a: Ferrothorn","|-heal|p1a: Ferrothorn|341/341|[silent]","|turn|11","|","|switch|p2a: Air elemental|Landorus, M|320/320","|move|p1a: Ferrothorn|Protect|p1a: Ferrothorn","|-fail|p1a: Ferrothorn","|","|turn|12","|","|move|p1a: Ferrothorn|Protect|p1a: Ferrothorn","|-singleturn|p1a: Ferrothorn|Protect","|move|p2a: Air elemental|Earth Power|p1a: Ferrothorn","|-activate|p1a: Ferrothorn|Protect","|","|turn|13","|","|move|p2a: Air elemental|Earth Power|p1a: Ferrothorn","|-damage|p1a: Ferrothorn|137/341","|move|p1a: Ferrothorn|Leech Seed|p2a: Air elemental","|-start|p2a: Air elemental|move: Leech Seed","|","|-damage|p2a: Air elemental|280/320|[from] Leech Seed|[of] p1a: Ferrothorn","|-heal|p1a: Ferrothorn|177/341|[silent]","|turn|14","|","|switch|p2a: Fire elemental|Nidoking, M|247/304","|move|p1a: Ferrothorn|Protect|p1a: Ferrothorn","|-fail|p1a: Ferrothorn","|","|turn|15","|","|switch|p2a: Air elemental|Landorus, M|280/320","|move|p1a: Ferrothorn|Protect|p1a: Ferrothorn","|-fail|p1a: Ferrothorn","|","|turn|16","|","|move|p1a: Ferrothorn|Protect|p1a: Ferrothorn","|-singleturn|p1a: Ferrothorn|Protect","|move|p2a: Air elemental|Gravity|p2a: Air elemental","|-fieldstart|move: Gravity","|","|turn|17","|","|move|p2a: Air elemental|Earth Power|p1a: Ferrothorn","|-damage|p1a: Ferrothorn|0 fnt","|faint|p1a: Ferrothorn","|","|","|switch|p1a: Magnezone|Magnezone|281/281","|-damage|p1a: Magnezone|264/281|[from] Stealth Rock","|turn|18","|","|switch|p2a: Water elemental|Seismitoad, F|233/352","|move|p1a: Magnezone|Hidden Power|p2a: Water elemental","|-heal|p2a: Water elemental|321/352|[from] ability: Water Absorb|[of] p1a: Magnezone","|","|turn|19","|","|switch|p1a: Bisharp|Bisharp, M|271/271","|-damage|p1a: Bisharp|255/271|[from] Stealth Rock","|move|p2a: Water elemental|Knock Off|p1a: Bisharp","|-resisted|p1a: Bisharp","|-damage|p1a: Bisharp|207/271","|-enditem|p1a: Bisharp|Life Orb|[from] move: Knock Off|[of] p2a: Water elemental","|","|turn|20","|","|move|p1a: Bisharp|Knock Off|p2a: Water elemental","|-damage|p2a: Water elemental|114/352","|-enditem|p2a: Water elemental|Assault Vest|[from] move: Knock Off|[of] p1a: Bisharp","|move|p2a: Water elemental|Drain Punch|p1a: Bisharp","|-supereffective|p1a: Bisharp","|-damage|p1a: Bisharp|0 fnt","|-heal|p2a: Water elemental|218/352|[from] drain|[of] p1a: Bisharp","|faint|p1a: Bisharp","|","|-fieldend|move: Gravity","|","|switch|p1a: Scizor|Scizor, F|343/343","|-damage|p1a: Scizor|301/343|[from] Stealth Rock","|turn|21","|","|switch|p2a: Earth elemental|Hippowdon, F|342/420","|-weather|Sandstorm","|detailschange|p1a: Scizor|Scizor-Mega, F","|-mega|p1a: Scizor|Scizor|Scizorite","|move|p1a: Scizor|Swords Dance|p1a: Scizor","|-boost|p1a: Scizor|atk|2","|","|-weather|Sandstorm|[upkeep]","|-heal|p2a: Earth elemental|368/420|[from] item: Leftovers","|turn|22","|","|move|p1a: Scizor|Bug Bite|p2a: Earth elemental","|-damage|p2a: Earth elemental|133/420","|move|p2a: Earth elemental|Whirlwind|p1a: Scizor","|drag|p1a: Magnezone|Magnezone|264/281","|-damage|p1a: Magnezone|247/281|[from] Stealth Rock","|","|-weather|Sandstorm|[upkeep]","|-heal|p2a: Earth elemental|159/420|[from] item: Leftovers","|turn|23","|","|switch|p2a: Water elemental|Seismitoad, F|218/352","|move|p1a: Magnezone|Flash Cannon|p2a: Water elemental","|-resisted|p2a: Water elemental","|-damage|p2a: Water elemental|157/352","|","|-weather|Sandstorm|[upkeep]","|turn|24","|","|switch|p2a: Thunder elemental|Excadrill, F|261/362","|move|p1a: Magnezone|Flash Cannon|p2a: Thunder elemental","|-resisted|p2a: Thunder elemental","|-damage|p2a: Thunder elemental|156/362","|","|-weather|Sandstorm|[upkeep]","|turn|25","|","|move|p2a: Thunder elemental|Earthquake|p1a: Magnezone","|-supereffective|p1a: Magnezone","|-damage|p1a: Magnezone|0 fnt","|faint|p1a: Magnezone","|","|-weather|none","|","|switch|p1a: Heatran|Heatran, M|385/385","|-damage|p1a: Heatran|337/385|[from] Stealth Rock","|-item|p1a: Heatran|Air Balloon","|turn|26","|","|switch|p2a: Water elemental|Seismitoad, F|157/352","|move|p1a: Heatran|Will-O-Wisp|p2a: Water elemental","|-status|p2a: Water elemental|brn","|","|-damage|p2a: Water elemental|113/352 brn|[from] brn","|turn|27","|","|switch|p1a: Scizor|Scizor-Mega, F|301/343","|-damage|p1a: Scizor|259/343|[from] Stealth Rock","|switch|p2a: Fire elemental|Nidoking, M|247/304","|","|turn|28","|","|switch|p1a: Heatran|Heatran, M|337/385","|-damage|p1a: Heatran|289/385|[from] Stealth Rock","|-item|p1a: Heatran|Air Balloon","|move|p2a: Fire elemental|Thunderbolt|p1a: Heatran","|-damage|p1a: Heatran|212/385","|-enditem|p1a: Heatran|Air Balloon","|","|turn|29","|","|switch|p2a: Earth elemental|Hippowdon, F|159/420","|-weather|Sandstorm","|move|p1a: Heatran|Lava Plume|p2a: Earth elemental","|-damage|p2a: Earth elemental|17/420","|","|-weather|Sandstorm|[upkeep]","|-heal|p2a: Earth elemental|43/420|[from] item: Leftovers","|turn|30","|","|move|p1a: Heatran|Lava Plume|p2a: Earth elemental","|-damage|p2a: Earth elemental|0 fnt","|faint|p2a: Earth elemental","|","|-weather|Sandstorm|[upkeep]","|","|switch|p2a: Thunder elemental|Excadrill, F|156/362","|turn|31","|","|move|p2a: Thunder elemental|Earthquake|p1a: Heatran","|-supereffective|p1a: Heatran","|-damage|p1a: Heatran|0 fnt","|faint|p1a: Heatran","|","|-weather|Sandstorm|[upkeep]","|","|switch|p1a: Scizor|Scizor-Mega, F|259/343","|-damage|p1a: Scizor|217/343|[from] Stealth Rock","|turn|32","|","|move|p1a: Scizor|Bullet Punch|p2a: Thunder elemental","|-resisted|p2a: Thunder elemental","|-damage|p2a: Thunder elemental|63/362","|move|p2a: Thunder elemental|Earthquake|p1a: Scizor","|-damage|p1a: Scizor|0 fnt","|faint|p1a: Scizor","|","|win|Alliance - Healer"],"p1rating":{"entryid":"7254104","serverid":"eos","formatid":"monotype","userid":"nowlf","username":"Nеowսlf","w":"7","l":3,"t":"0","gxe":60.9,"r":"1599.8514895442","rd":"89.274043602245","sigma":"0","rptime":"1438419600","rpr":1585.9329840141,"rprd":86.859356074374,"rpsigma":"0","acre":1169.7855137568,"lacre":1169.7855137568,"oldacre":"1183.0426362005"},"p2rating":{"entryid":"5885761","serverid":"eos","formatid":"monotype","userid":"alliancehealer","username":"Alliance - Healer","w":56,"l":"16","t":"0","gxe":76.5,"r":"1728.6670403305","rd":"52.250926082676","sigma":"0","rptime":"1438419600","rpr":1723.6836019775,"rprd":50.082747427158,"rpsigma":"0","acre":1370.7378933743,"lacre":1370.7378933743,"oldacre":"1360.1321954193"},"endType":"normal"}