{"seed":[59988,11991,41421,14012],"turns":20,"p1":"Marx-Bot","p2":"Guard Wulf","p1team":[{"name":"Transformer","species":"ditto","item":"choicescarf","ability":"Imposter","moves":["transform"],"nature":"Bold","evs":{"hp":248,"atk":0,"def":252,"spa":0,"spd":8,"spe":0},"ivs":{"hp":31,"atk":31,"def":31,"spa":31,"spd":31,"spe":31}},{"name":"Braviary","species":"Braviary","item":"lifeorb","ability":"Sheer Force","moves":["bravebird","rockslide","superpower","crushclaw"],"nature":"Jolly","evs":{"hp":0,"atk":252,"def":0,"spa":0,"spd":4,"spe":252},"ivs":{"hp":31,"atk":31,"def":31,"spa":31,"spd":31,"spe":31}},{"name":"Capuccino","species":"cinccino","item":"kingsrock","ability":"Skill Link","moves":["bulletseed","rockblast","tailslap","uturn"],"nature":"Jolly","evs":{"hp":0,"atk":252,"def":0,"spa":0,"spd":4,"spe":252},"ivs":{"hp":31,"atk":31,"def":31,"spa":31,"spd":31,"spe":31}},{"name":"Lady GaGa","species":"meloetta","item":"assaultvest","ability":"Serene Grace","moves":["chargebeam","hypervoice","psyshock","energyball"],"nature":"Modest","evs":{"hp":248,"atk":0,"def":0,"spa":252,"spd":8,"spe":0},"ivs":{"hp":31,"atk":31,"def":31,"spa":31,"spd":31,"spe":31}},{"name":"Bird Jesus","species":"pidgeot","item":"pidgeotite","ability":"Keen Eye","moves":["airslash","hurricane","heatwave","roost"],"nature":"Timid","evs":{"hp":0,"atk":0,"def":0,"spa":252,"spd":4,"spe":252},"ivs":{"hp":31,"atk":31,"def":31,"spa":31,"spd":31,"spe":31}},{"name":"Your Fat Friend","species":"snorlax","item":"leftovers","ability":"Thick Fat","moves":["heavyslam","bodyslam","rest","sleeptalk"],"nature":"Adamant","evs":{"hp":252,"atk":252,"def":0,"spa":0,"spd":4,"spe":0},"ivs":{"hp":31,"atk":31,"def":31,"spa":31,"spd":31,"spe":31}}],"p2team":[{"name":"Charizard","species":"Charizard","item":"charizarditex","ability":"Blaze","moves":["dragondance","dragonclaw","firepunch","roost"],"nature":"Jolly","evs":{"hp":0,"atk":252,"def":0,"spa":0,"spd":4,"spe":252},"ivs":{"hp":31,"atk":31,"def":31,"spa":31,"spd":31,"spe":31}},{"name":"Mandibuzz","species":"Mandibuzz","item":"leftovers","ability":"Overcoat","moves":["foulplay","toxic","defog","roost"],"nature":"Careful","evs":{"hp":240,"atk":0,"def":16,"spa":0,"spd":252,"spe":0},"ivs":{"hp":31,"atk":31,"def":31,"spa":31,"spd":31,"spe":31}},{"name":"Skarmory","species":"Skarmory","item":"leftovers","ability":"Sturdy","moves":["stealthrock","ironhead","roost","whirlwind"],"nature":"Impish","evs":{"hp":252,"atk":0,"def":232,"spa":0,"spd":0,"spe":24},"ivs":{"hp":31,"atk":31,"def":31,"spa":31,"spd":31,"spe":31}},{"name":"Landorus","species":"Landorus","item":"lifeorb","ability":"Sheer Force","moves":["focusblast","earthpower","grassknot","gravity"],"nature":"Timid","evs":{"hp":0,"atk":0,"def":0,"spa":252,"spd":4,"spe":252},"ivs":{"hp":31,"atk":31,"def":31,"spa":31,"spd":31,"spe":31}},{"name":"Thundurus-Therian","species":"Thundurus-Therian","item":"lifeorb","ability":"Volt Absorb","moves":["voltswitch","thunderbolt","hiddenpowerice","focusblast"],"nature":"Timid","evs":{"hp":0,"atk":0,"def":0,"spa":252,"spd":4,"spe":252},"ivs":{"hp":31,"atk":30,"def":30,"spa":31,"spd":31,"spe":31}},{"name":"Hawlucha","species":"Hawlucha","item":"powerherb","ability":"Unburden","moves":["skyattack","swordsdance","highjumpkick","acrobatics"],"nature":"Jolly","evs":{"hp":0,"atk":252,"def":0,"spa":0,"spd":4,"spe":252},"ivs":{"hp":30,"atk":31,"def":31,"spa":31,"spd":31,"spe":31}}],"log":["|player|p1|Marx-Bot|238","|player|p2|Guard Wulf|143","|gametype|singles","|gen|6","|tier|Monotype","|rated","|rule|Baton Pass Clause: Limit one Baton Passer, can't pass Spe and other stats simultaneously","|rule|Swagger Clause: Swagger is banned","|rule|Same Type Clause: Pokémon in a team must share a type","|clearpoke","|poke|p1|Ditto","|poke|p1|Braviary, M","|poke|p1|Cinccino, M","|poke|p1|Meloetta","|poke|p1|Pidgeot, M","|poke|p1|Snorlax, M","|poke|p2|Charizard, M","|poke|p2|Mandibuzz, F","|poke|p2|Skarmory, M","|poke|p2|Landorus, M","|poke|p2|Thundurus-Therian, M","|poke|p2|Hawlucha, M","|rule|Sleep Clause Mod: Limit one foe put to sleep","|rule|Species Clause: Limit one of each Pokémon","|rule|OHKO Clause: OHKO moves are banned","|rule|Moody Clause: Moody is banned","|rule|Evasion Moves Clause: Evasion moves are banned","|rule|Endless Battle Clause: Forcing endless battles is banned","|rule|HP Percentage Mod: HP is shown in percentages","|teampreview","|","|start","|switch|p1a: Capuccino|Cinccino, M|291/291","|switch|p2a: Thundurus-Therian|Thundurus-Therian, M|299/299","|turn|1","|","|switch|p2a: Skarmory|Skarmory, M|334/334","|move|p1a: Capuccino|Rock Blast|p2a: Skarmory","|-damage|p2a: Skarmory|320/334","|-damage|p2a: Skarmory|305/334","|-damage|p2a: Skarmory|289/334","|-damage|p2a: Skarmory|275/334","|-damage|p2a: Skarmory|261/334","|-hitcount|p2a: Skarmory|5","|","|-heal|p2a: Skarmory|281/334|[from] item: Leftovers","|turn|2","|","|switch|p1a: Lady GaGa|Meloetta|403/403","|move|p2a: Skarmory|Stealth Rock|p1a: Lady GaGa","|-sidestart|p1: Marx-Bot|move: Stealth Rock","|","|-heal|p2a: Skarmory|301/334|[from] item: Leftovers","|turn|3","|","|switch|p2a: Mandibuzz|Mandibuzz, F|421/421","|move|p1a: Lady GaGa|Charge Beam|p2a: Mandibuzz","|-supereffective|p2a: Mandibuzz","|-damage|p2a: Mandibuzz|329/421","|-boost|p1a: Lady GaGa|spa|1","|","|-heal|p2a: Mandibuzz|355/421|[from] item: Leftovers","|turn|4","|","|move|p1a: Lady GaGa|Hyper Voice|p2a: Mandibuzz","|-damage|p2a: Mandibuzz|144/421","|move|p2a: Mandibuzz|Foul Play|p1a: Lady GaGa","|-supereffective|p1a: Lady GaGa","|-damage|p1a: Lady GaGa|191/403","|","|-heal|p2a: Mandibuzz|170/421|[from] item: Leftovers","|turn|5","|","|move|p1a: Lady GaGa|Hyper Voice|p2a: Mandibuzz","|-damage|p2a: Mandibuzz|0 fnt","|faint|p2a: Mandibuzz","|","|","|switch|p2a: Charizard|Charizard, M|297/297","|turn|6","|","|detailschange|p2a: Charizard|Charizard-Mega-X, M","|-mega|p2a: Charizard|Charizard|Charizardite X","|move|p2a: Charizard|Dragon Claw|p1a: Lady GaGa","|-damage|p1a: Lady GaGa|0 fnt","|faint|p1a: Lady GaGa","|","|","|switch|p1a: Transformer|Ditto|299/299","|-damage|p1a: Transformer|262/299|[from] Stealth Rock","|-transform|p1a: Transformer|p2a: Charizard","|turn|7","|","|switch|p2a: Skarmory|Skarmory, M|301/334","|move|p1a: Transformer|Dragon Claw|p2a: Skarmory","|-resisted|p2a: Skarmory","|-damage|p2a: Skarmory|251/334","|","|-heal|p2a: Skarmory|271/334|[from] item: Leftovers","|turn|8","|","|switch|p1a: Your Fat Friend|Snorlax, M|524/524","|-damage|p1a: Your Fat Friend|459/524|[from] Stealth Rock","|move|p2a: Skarmory|Roost|p2a: Skarmory","|-heal|p2a: Skarmory|334/334","|","|-heal|p1a: Your Fat Friend|491/524|[from] item: Leftovers","|turn|9","|","|switch|p2a: Landorus|Landorus, M|319/319","|move|p1a: Your Fat Friend|Body Slam|p2a: Landorus","|-damage|p2a: Landorus|159/319","|","|-heal|p1a: Your Fat Friend|523/524|[from] item: Leftovers","|turn|10","|","|move|p2a: Landorus|Focus Blast|p1a: Your Fat Friend|[miss]","|-miss|p2a: Landorus|p1a: Your Fat Friend","|move|p1a: Your Fat Friend|Body Slam|p2a: Landorus","|-damage|p2a: Landorus|0 fnt","|faint|p2a: Landorus","|","|-heal|p1a: Your Fat Friend|524/524|[from] item: Leftovers","|","|switch|p2a: Thundurus-Therian|Thundurus-Therian, M|299/299","|turn|11","|","|move|p2a: Thundurus-Therian|Focus Blast|p1a: Your Fat Friend|[miss]","|-miss|p2a: Thundurus-Therian|p1a: Your Fat Friend","|move|p1a: Your Fat Friend|Body Slam|p2a: Thundurus-Therian","|-damage|p2a: Thundurus-Therian|116/299","|","|turn|12","|","|move|p2a: Thundurus-Therian|Focus Blast|p1a: Your Fat Friend","|-supereffective|p1a: Your Fat Friend","|-damage|p1a: Your Fat Friend|186/524","|-damage|p2a: Thundurus-Therian|87/299|[from] item: Life Orb","|move|p1a: Your Fat Friend|Body Slam|p2a: Thundurus-Therian","|-damage|p2a: Thundurus-Therian|0 fnt","|faint|p2a: Thundurus-Therian","|","|-heal|p1a: Your Fat Friend|218/524|[from] item: Leftovers","|","|switch|p2a: Hawlucha|Hawlucha, M|296/296","|turn|13","|","|move|p2a: Hawlucha|Sky Attack|p1a: Your Fat Friend|[still]","|-prepare|p2a: Hawlucha|Sky Attack|p1a: Your Fat Friend","|-enditem|p2a: Hawlucha|Power Herb","|-anim|p2a: Hawlucha|Sky Attack|p1a: Your Fat Friend","|-damage|p1a: Your Fat Friend|0 fnt","|faint|p1a: Your Fat Friend","|","|","|switch|p1a: Transformer|Ditto|262/299","|-damage|p1a: Transformer|225/299|[from] Stealth Rock","|-transform|p1a: Transformer|p2a: Hawlucha","|turn|14","|","|switch|p2a: Skarmory|Skarmory, M|334/334","|move|p1a: Transformer|Acrobatics|p2a: Skarmory","|-resisted|p2a: Skarmory","|-damage|p2a: Skarmory|310/334","|","|-heal|p2a: Skarmory|330/334|[from] item: Leftovers","|turn|15","|","|switch|p1a: Bird Jesus|Pidgeot, M|307/307","|-damage|p1a: Bird Jesus|231/307|[from] Stealth Rock","|switch|p2a: Hawlucha|Hawlucha, M|296/296","|","|turn|16","|","|detailschange|p1a: Bird Jesus|Pidgeot-Mega, M","|-mega|p1a: Bird Jesus|Pidgeot|Pidgeotite","|move|p2a: Hawlucha|High Jump Kick|p1a: Bird Jesus","|-damage|p1a: Bird Jesus|0 fnt","|faint|p1a: Bird Jesus","|","|","|switch|p1a: Braviary|Braviary, M|341/341","|-damage|p1a: Braviary|256/341|[from] Stealth Rock","|turn|17","|","|move|p2a: Hawlucha|High Jump Kick|p1a: Braviary|[miss]","|-miss|p2a: Hawlucha|p1a: Braviary","|-damage|p2a: Hawlucha|148/296|[from] highjumpkick","|move|p1a: Braviary|Brave Bird|p2a: Hawlucha","|-supereffective|p2a: Hawlucha","|-damage|p2a: Hawlucha|0 fnt","|-damage|p1a: Braviary|207/341|[from] recoil|[of] p2a: Hawlucha","|-damage|p1a: Braviary|173/341|[from] item: Life Orb","|faint|p2a: Hawlucha","|","|","|switch|p2a: Charizard|Charizard-Mega-X, M|297/297","|turn|18","|","|move|p2a: Charizard|Dragon Claw|p1a: Braviary","|-damage|p1a: Braviary|0 fnt","|faint|p1a: Braviary","|","|","|switch|p1a: Transformer|Ditto|225/299","|-damage|p1a: Transformer|188/299|[from] Stealth Rock","|-transform|p1a: Transformer|p2a: Charizard","|turn|19","|","|move|p1a: Transformer|Fire Punch|p2a: Charizard","|-resisted|p2a: Charizard","|-damage|p2a: Charizard|258/297","|move|p2a: Charizard|Dragon Claw|p1a: Transformer","|-supereffective|p1a: Transformer","|-damage|p1a: Transformer|0 fnt","|faint|p1a: Transformer","|","|","|switch|p1a: Capuccino|Cinccino, M|291/291","|-damage|p1a: Capuccino|255/291|[from] Stealth Rock","|turn|20","|","|move|p1a: Capuccino|Rock Blast|p2a: Charizard","|-supereffective|p2a: Charizard","|-damage|p2a: Charizard|214/297","|-supereffective|p2a: Charizard","|-damage|p2a: Charizard|168/297","|-supereffective|p2a: Charizard","|-damage|p2a: Charizard|124/297","|-supereffective|p2a: Charizard","|-damage|p2a: Charizard|80/297","|-supereffective|p2a: Charizard","|-damage|p2a: Charizard|36/297","|-hitcount|p2a: Charizard|5","|move|p2a: Charizard|Dragon Claw|p1a: Capuccino","|-damage|p1a: Capuccino|0 fnt","|faint|p1a: Capuccino","|","|win|Guard Wulf"],"p1rating":{"entryid":"5765428","serverid":"eos","formatid":"monotype","userid":"marxbot","username":"Marx Bot","w":"196","l":292,"t":"0","gxe":41,"r":"1434.8210524771","rd":"25","sigma":"0","rptime":"1438419600","rpr":1431.2955929644,"rprd":25,"rpsigma":"0","acre":1039.0611025058,"lacre":1039.0611025058,"oldacre":"1061.7000508829"},"p2rating":{"entryid":7326062,"formatid":"monotype","userid":"guardwulf","username":"Guard Wulf","r":1500,"rd":130,"sigma":0,"rpr":1534.8437477412,"rprd":122.05777227973,"rpsigma":0,"rptime":1438419600,"w":1,"l":0,"t":0,"gxe":54.4,"acre":1047.0297364909,"lacre":1047.0297364909,"oldacre":1000},"endType":"normal"}