{"seed":[59328,13688,51990,7230],"turns":19,"p1":"gabethegreen","p2":"DJ Biggie","p1team":[{"name":"Vanilluxe","species":"Vanilluxe","item":"lifeorb","ability":"Weak Armor","moves":["flashcannon","icebeam","freezedry","hiddenpowerground"],"nature":"Timid","evs":{"hp":0,"atk":0,"def":0,"spa":252,"spd":4,"spe":252},"ivs":{"hp":31,"atk":31,"def":31,"spa":30,"spd":30,"spe":31}},{"name":"Regice","species":"Regice","item":"assaultvest","ability":"Clear Body","moves":["flashcannon","icebeam","thunderbolt","signalbeam"],"nature":"Modest","evs":{"hp":248,"atk":0,"def":0,"spa":252,"spd":8,"spe":0},"ivs":{"hp":31,"atk":31,"def":31,"spa":31,"spd":31,"spe":31}},{"name":"Mamoswine","species":"Mamoswine","item":"lifeorb","ability":"Thick Fat","moves":["avalanche","iceshard","earthquake","iciclecrash"],"nature":"Jolly","evs":{"hp":0,"atk":252,"def":0,"spa":0,"spd":4,"spe":252},"ivs":{"hp":31,"atk":31,"def":31,"spa":31,"spd":31,"spe":31}},{"name":"Abomasnow","species":"Abomasnow","item":"focussash","ability":"Snow Warning","moves":["earthquake","brickbreak","swordsdance","iceshard"],"nature":"Adamant","evs":{"hp":248,"atk":252,"def":0,"spa":0,"spd":8,"spe":0},"ivs":{"hp":31,"atk":31,"def":31,"spa":31,"spd":31,"spe":31}},{"name":"Glalie","species":"Glalie","item":"glalitite","ability":"Ice Body","moves":["explosion","doubleedge","earthquake","iceshard"],"nature":"Adamant","evs":{"hp":248,"atk":252,"def":0,"spa":0,"spd":8,"spe":0},"ivs":{"hp":31,"atk":31,"def":31,"spa":31,"spd":31,"spe":31}},{"name":"Froslass","species":"Froslass","item":"focussash","ability":"Cursed Body","moves":["taunt","spikes","icebeam","destinybond"],"nature":"Timid","evs":{"hp":0,"atk":0,"def":4,"spa":252,"spd":0,"spe":252},"ivs":{"hp":31,"atk":31,"def":31,"spa":31,"spd":31,"spe":31}}],"p2team":[{"name":"Faildra","species":"kingdra","item":"scopelens","ability":"Sniper","moves":["focusenergy","dracometeor","surf","agility"],"nature":"Modest","evs":{"hp":0,"atk":0,"def":4,"spa":252,"spd":0,"spe":252},"ivs":{"hp":31,"atk":31,"def":31,"spa":31,"spd":31,"spe":31}},{"name":"Hen + Tie","species":"tentacruel","item":"blacksludge","ability":"Liquid Ooze","moves":["scald","rapidspin","acidspray","knockoff"],"nature":"Timid","evs":{"hp":248,"atk":0,"def":216,"spa":0,"spd":28,"spe":16},"ivs":{"hp":31,"atk":31,"def":31,"spa":31,"spd":31,"spe":31}},{"name":"Kenny (The Bae)","species":"azumarill","item":"assaultvest","ability":"Sap Sipper","moves":["playrough","waterfall","aquajet","knockoff"],"nature":"Adamant","evs":{"hp":240,"atk":252,"def":0,"spa":0,"spd":16,"spe":0},"gender":"F","ivs":{"hp":31,"atk":31,"def":31,"spa":31,"spd":31,"spe":31}},{"name":"Slippy","species":"politoed","item":"choicespecs","ability":"Drizzle","moves":["scald","hydropump","hiddenpowergrass","mudbomb"],"nature":"Modest","evs":{"hp":248,"atk":0,"def":0,"spa":252,"spd":8,"spe":0},"ivs":{"hp":31,"atk":30,"def":31,"spa":30,"spd":31,"spe":31}},{"name":"Samba de Amigo","species":"ludicolo","item":"lifeorb","ability":"Swift Swim","moves":["hydropump","gigadrain","icebeam","focusblast"],"nature":"Modest","evs":{"hp":0,"atk":0,"def":0,"spa":252,"spd":4,"spe":252},"ivs":{"hp":31,"atk":31,"def":31,"spa":31,"spd":31,"spe":31}},{"name":"JUST DO IT!","species":"swampert","item":"swampertite","ability":"Damp","moves":["waterfall","earthquake","icepunch","poweruppunch"],"nature":"Adamant","evs":{"hp":0,"atk":252,"def":4,"spa":0,"spd":0,"spe":252},"ivs":{"hp":31,"atk":31,"def":31,"spa":31,"spd":31,"spe":31}}],"log":["|player|p1|gabethegreen|168","|player|p2|DJ Biggie|109","|gametype|singles","|gen|6","|tier|Monotype","|rated","|rule|Baton Pass Clause: Limit one Baton Passer, can't pass Spe and other stats simultaneously","|rule|Swagger Clause: Swagger is banned","|rule|Same Type Clause: Pokémon in a team must share a type","|clearpoke","|poke|p1|Vanilluxe, M","|poke|p1|Regice","|poke|p1|Mamoswine, F","|poke|p1|Abomasnow, M","|poke|p1|Glalie, M","|poke|p1|Froslass, F","|poke|p2|Kingdra, M","|poke|p2|Tentacruel, F","|poke|p2|Azumarill, F","|poke|p2|Politoed, F","|poke|p2|Ludicolo, M","|poke|p2|Swampert, F","|rule|Sleep Clause Mod: Limit one foe put to sleep","|rule|Species Clause: Limit one of each Pokémon","|rule|OHKO Clause: OHKO moves are banned","|rule|Moody Clause: Moody is banned","|rule|Evasion Moves Clause: Evasion moves are banned","|rule|Endless Battle Clause: Forcing endless battles is banned","|rule|HP Percentage Mod: HP is shown in percentages","|teampreview","|","|start","|switch|p1a: Froslass|Froslass, F|281/281","|switch|p2a: Slippy|Politoed, F|383/383","|-weather|RainDance","|turn|1","|","|move|p1a: Froslass|Spikes|p2a: Slippy","|-sidestart|p2: DJ Biggie|Spikes","|move|p2a: Slippy|Scald|p1a: Froslass","|-enditem|p1a: Froslass|Focus Sash","|-damage|p1a: Froslass|1/281","|-start|p2a: Slippy|Disable|Scald","|","|-weather|RainDance|[upkeep]","|turn|2","|","|switch|p2a: Hen + Tie|Tentacruel, F|363/363","|-damage|p2a: Hen + Tie|318/363|[from] Spikes","|move|p1a: Froslass|Taunt|p2a: Hen + Tie","|-start|p2a: Hen + Tie|move: Taunt","|","|-weather|RainDance|[upkeep]","|-heal|p2a: Hen + Tie|340/363|[from] item: Black Sludge","|turn|3","|","|move|p1a: Froslass|Destiny Bond|p1a: Froslass","|-singlemove|p1a: Froslass|Destiny Bond","|move|p2a: Hen + Tie|Rapid Spin|p1a: Froslass","|-immune|p1a: Froslass|[msg]","|","|-weather|RainDance|[upkeep]","|-heal|p2a: Hen + Tie|362/363|[from] item: Black Sludge","|turn|4","|","|switch|p2a: Kenny (The Bae)|Azumarill, F|401/401","|-damage|p2a: Kenny (The Bae)|351/401|[from] Spikes","|move|p1a: Froslass|Spikes|p2a: Kenny (The Bae)","|-sidestart|p2: DJ Biggie|Spikes","|","|-weather|RainDance|[upkeep]","|turn|5","|","|move|p2a: Kenny (The Bae)|Aqua Jet|p1a: Froslass","|-damage|p1a: Froslass|0 fnt","|-start|p2a: Kenny (The Bae)|Disable|Aqua Jet","|faint|p1a: Froslass","|","|-weather|none","|","|switch|p1a: Vanilluxe|Vanilluxe, M|283/283","|turn|6","|","|switch|p2a: Hen + Tie|Tentacruel, F|362/363","|-damage|p2a: Hen + Tie|302/363|[from] Spikes","|move|p1a: Vanilluxe|Freeze-Dry|p2a: Hen + Tie","|-supereffective|p2a: Hen + Tie","|-damage|p2a: Hen + Tie|52/363","|-damage|p1a: Vanilluxe|255/283|[from] item: Life Orb","|","|-heal|p2a: Hen + Tie|74/363|[from] item: Black Sludge","|turn|7","|","|move|p1a: Vanilluxe|Freeze-Dry|p2a: Hen + Tie","|-supereffective|p2a: Hen + Tie","|-damage|p2a: Hen + Tie|0 fnt","|-damage|p1a: Vanilluxe|227/283|[from] item: Life Orb","|faint|p2a: Hen + Tie","|","|","|switch|p2a: Slippy|Politoed, F|383/383","|-damage|p2a: Slippy|320/383|[from] Spikes","|-weather|RainDance","|turn|8","|","|move|p1a: Vanilluxe|Freeze-Dry|p2a: Slippy","|-supereffective|p2a: Slippy","|-damage|p2a: Slippy|21/383","|-damage|p1a: Vanilluxe|199/283|[from] item: Life Orb","|move|p2a: Slippy|Scald|p1a: Vanilluxe","|-damage|p1a: Vanilluxe|0 fnt","|faint|p1a: Vanilluxe","|","|-weather|RainDance|[upkeep]","|","|switch|p1a: Abomasnow|Abomasnow, M|383/383","|-weather|Hail","|turn|9","|","|switch|p2a: Kenny (The Bae)|Azumarill, F|351/401","|-damage|p2a: Kenny (The Bae)|285/401|[from] Spikes","|move|p1a: Abomasnow|Ice Shard|p2a: Kenny (The Bae)","|-resisted|p2a: Kenny (The Bae)","|-damage|p2a: Kenny (The Bae)|247/401","|","|-weather|Hail|[upkeep]","|-damage|p2a: Kenny (The Bae)|222/401|[from] hail","|turn|10","|","|switch|p1a: Regice|Regice|363/363","|move|p2a: Kenny (The Bae)|Play Rough|p1a: Regice","|-damage|p1a: Regice|264/363","|","|-weather|Hail|[upkeep]","|-damage|p2a: Kenny (The Bae)|197/401|[from] hail","|turn|11","|","|move|p2a: Kenny (The Bae)|Knock Off|p1a: Regice","|-damage|p1a: Regice|195/363","|-enditem|p1a: Regice|Assault Vest|[from] move: Knock Off|[of] p2a: Kenny (The Bae)","|move|p1a: Regice|Thunderbolt|p2a: Kenny (The Bae)","|-supereffective|p2a: Kenny (The Bae)","|-damage|p2a: Kenny (The Bae)|53/401","|","|-weather|Hail|[upkeep]","|-damage|p2a: Kenny (The Bae)|28/401|[from] hail","|turn|12","|","|move|p1a: Regice|Thunderbolt|p2a: Kenny (The Bae)","|-supereffective|p2a: Kenny (The Bae)","|-damage|p2a: Kenny (The Bae)|0 fnt","|faint|p2a: Kenny (The Bae)","|","|-weather|Hail|[upkeep]","|","|switch|p2a: Faildra|Kingdra, M|291/291","|-damage|p2a: Faildra|243/291|[from] Spikes","|turn|13","|","|move|p2a: Faildra|Focus Energy|p2a: Faildra","|-start|p2a: Faildra|move: Focus Energy","|move|p1a: Regice|Ice Beam|p2a: Faildra","|-damage|p2a: Faildra|89/291","|","|-weather|none","|turn|14","|","|move|p2a: Faildra|Draco Meteor|p1a: Regice","|-crit|p1a: Regice","|-damage|p1a: Regice|0 fnt","|-unboost|p2a: Faildra|spa|2","|faint|p1a: Regice","|","|","|switch|p1a: Mamoswine|Mamoswine, F|361/361","|turn|15","|","|move|p1a: Mamoswine|Ice Shard|p2a: Faildra","|-damage|p2a: Faildra|0 fnt","|-damage|p1a: Mamoswine|325/361|[from] item: Life Orb","|faint|p2a: Faildra","|","|","|switch|p2a: Slippy|Politoed, F|21/383","|-damage|p2a: Slippy|0 fnt|[from] Spikes","|faint|p2a: Slippy","|","|switch|p2a: Samba de Amigo|Ludicolo, M|301/301","|-damage|p2a: Samba de Amigo|251/301|[from] Spikes","|turn|16","|","|move|p2a: Samba de Amigo|Hydro Pump|p1a: Mamoswine","|-supereffective|p1a: Mamoswine","|-damage|p1a: Mamoswine|0 fnt","|-damage|p2a: Samba de Amigo|221/301|[from] item: Life Orb","|faint|p1a: Mamoswine","|","|","|switch|p1a: Abomasnow|Abomasnow, M|383/383","|-weather|Hail","|turn|17","|","|move|p2a: Samba de Amigo|Focus Blast|p1a: Abomasnow","|-supereffective|p1a: Abomasnow","|-enditem|p1a: Abomasnow|Focus Sash","|-damage|p1a: Abomasnow|1/383","|-damage|p2a: Samba de Amigo|191/301|[from] item: Life Orb","|move|p1a: Abomasnow|Swords Dance|p1a: Abomasnow","|-boost|p1a: Abomasnow|atk|2","|","|-weather|Hail|[upkeep]","|-damage|p2a: Samba de Amigo|173/301|[from] hail","|turn|18","|","|move|p1a: Abomasnow|Ice Shard|p2a: Samba de Amigo","|-damage|p2a: Samba de Amigo|16/301","|move|p2a: Samba de Amigo|Ice Beam|p1a: Abomasnow","|-damage|p1a: Abomasnow|0 fnt","|-damage|p2a: Samba de Amigo|0 fnt|[from] item: Life Orb","|faint|p1a: Abomasnow","|faint|p2a: Samba de Amigo","|","|-weather|Hail|[upkeep]","|","|switch|p2a: JUST DO IT!|Swampert, F|341/341","|switch|p1a: Glalie|Glalie, M|363/363","|-damage|p2a: JUST DO IT!|285/341|[from] Spikes","|turn|19","|","|detailschange|p2a: JUST DO IT!|Swampert-Mega, F","|-mega|p2a: JUST DO IT!|Swampert|Swampertite","|detailschange|p1a: Glalie|Glalie-Mega, M","|-mega|p1a: Glalie|Glalie|Glalitite","|move|p2a: JUST DO IT!|Power-Up Punch|p1a: Glalie","|-supereffective|p1a: Glalie","|-damage|p1a: Glalie|231/363","|-boost|p2a: JUST DO IT!|atk|1","|move|p1a: Glalie|Explosion|p2a: JUST DO IT!","|-damage|p2a: JUST DO IT!|0 fnt","|faint|p1a: Glalie","|faint|p2a: JUST DO IT!","|","|win|DJ Biggie"],"p1rating":{"entryid":"7308127","serverid":"eos","formatid":"monotype","userid":"gabethegreen","username":"gabethegreen","w":"0","l":6,"t":"0","gxe":31.4,"r":"1500","rd":"130","sigma":"0","rptime":"1438333200","rpr":1347.0874932494,"rprd":98.503543585828,"rpsigma":"0","acre":1000,"lacre":1000,"oldacre":"1000"},"p2rating":{"entryid":"7236327","serverid":"eos","formatid":"monotype","userid":"djbiggie","username":"DJ Biggie","w":11,"l":"6","t":"0","gxe":58.5,"r":"1553.2984658363","rd":"74.915670016559","sigma":"0","rptime":"1438333200","rpr":1565.6467233522,"rprd":73.498236787023,"rpsigma":"0","acre":1175.3589464378,"lacre":1175.3589464378,"oldacre":"1161.1913155321"},"endType":"normal"}