{"seed":[62809,51048,43728,41065],"turns":23,"p1":"CTIL-Raf","p2":"V Deuce","p1team":[{"name":"Homemade Tank","species":"rotomwash","item":"leftovers","ability":"Levitate","moves":["willowisp","painsplit","voltswitch","hydropump"],"nature":"Calm","evs":{"hp":252,"atk":0,"def":0,"spa":4,"spd":252,"spe":0},"ivs":{"hp":31,"atk":31,"def":31,"spa":31,"spd":31,"spe":31}},{"name":"Thunderbird","species":"zapdos","item":"leftovers","ability":"Pressure","moves":["discharge","toxic","heatwave","roost"],"nature":"Calm","evs":{"hp":252,"atk":0,"def":0,"spa":4,"spd":252,"spe":0},"ivs":{"hp":31,"atk":31,"def":31,"spa":31,"spd":31,"spe":31}},{"name":"Spikes 4 STAB","species":"manectric","item":"manectite","ability":"Lightning Rod","moves":["voltswitch","protect","overheat","hiddenpowerice"],"nature":"Timid","evs":{"hp":0,"atk":0,"def":0,"spa":252,"spd":4,"spe":252},"gender":"M","ivs":{"hp":31,"atk":30,"def":30,"spa":31,"spd":31,"spe":31},"shiny":true},{"name":"Raiden-Therian","species":"thundurustherian","item":"choicescarf","ability":"Volt Absorb","moves":["psychic","focusblast","hiddenpowerice","thunderbolt"],"nature":"Modest","evs":{"hp":0,"atk":0,"def":0,"spa":252,"spd":4,"spe":252},"ivs":{"hp":31,"atk":30,"def":30,"spa":31,"spd":31,"spe":31},"shiny":true},{"name":"Itsy Bitsy","species":"galvantula","item":"focussash","ability":"Compound Eyes","moves":["spiderweb","stickyweb","thunder","bugbuzz"],"nature":"Timid","evs":{"hp":0,"atk":0,"def":0,"spa":252,"spd":4,"spe":252},"gender":"F","ivs":{"hp":31,"atk":31,"def":31,"spa":31,"spd":31,"spe":31}},{"name":"Electivire","species":"Electivire","item":"choiceband","ability":"Vital Spirit","moves":["crosschop","thunderpunch","firepunch","icepunch"],"nature":"Adamant","evs":{"hp":0,"atk":252,"def":0,"spa":0,"spd":0,"spe":252},"gender":"M","ivs":{"hp":31,"atk":31,"def":31,"spa":31,"spd":31,"spe":31}}],"p2team":[{"name":"Drink Green Bull","species":"tauros","item":"lifeorb","ability":"Sheer Force","moves":["rockclimb","zenheadbutt","ironhead","rockslide"],"nature":"Naive","evs":{"hp":0,"atk":252,"def":0,"spa":4,"spd":0,"spe":252},"shiny":true,"ivs":{"hp":31,"atk":31,"def":31,"spa":31,"spd":31,"spe":31}},{"name":"Side Chick","species":"meloetta","item":"assaultvest","ability":"Serene Grace","moves":["psychic","focusblast","hypervoice","shadowball"],"nature":"Modest","evs":{"hp":248,"atk":0,"def":0,"spa":252,"spd":8,"spe":0},"ivs":{"hp":31,"atk":31,"def":31,"spa":31,"spd":31,"spe":31}},{"name":"S3x Toy","species":"porygon2","item":"eviolite","ability":"Trace","moves":["thunderwave","icebeam","foulplay","recover"],"nature":"Bold","evs":{"hp":252,"atk":0,"def":252,"spa":4,"spd":0,"spe":0},"shiny":true,"ivs":{"hp":31,"atk":31,"def":31,"spa":31,"spd":31,"spe":31}},{"name":"Fat ass hoe","species":"chansey","item":"eviolite","ability":"Natural Cure","moves":["wish","softboiled","seismictoss","healbell"],"nature":"Sassy","evs":{"hp":252,"atk":0,"def":252,"spa":0,"spd":4,"spe":0},"ivs":{"hp":31,"atk":31,"def":31,"spa":31,"spd":31,"spe":0}},{"name":"Mah Nigga","species":"staraptor","item":"leftovers","ability":"Intimidate","moves":["defog","featherdance","bravebird","roost"],"nature":"Impish","evs":{"hp":4,"atk":0,"def":252,"spa":0,"spd":0,"spe":252},"gender":"M","shiny":true,"ivs":{"hp":31,"atk":31,"def":31,"spa":31,"spd":31,"spe":31}},{"name":"Bae","species":"lopunny","item":"lopunnite","ability":"Limber","moves":["fakeout","poweruppunch","return","highjumpkick"],"nature":"Jolly","evs":{"hp":0,"atk":252,"def":0,"spa":0,"spd":4,"spe":252},"gender":"F","shiny":true,"ivs":{"hp":31,"atk":31,"def":31,"spa":31,"spd":31,"spe":31}}],"log":["|player|p1|CTIL-Raf|238","|player|p2|V Deuce|deucez.gif","|gametype|singles","|gen|6","|tier|Monotype","|rated","|rule|Baton Pass Clause: Limit one Baton Passer, can't pass Spe and other stats simultaneously","|rule|Swagger Clause: Swagger is banned","|rule|Same Type Clause: Pokémon in a team must share a type","|clearpoke","|poke|p1|Rotom-Wash","|poke|p1|Zapdos","|poke|p1|Manectric, M, shiny","|poke|p1|Thundurus-Therian, M, shiny","|poke|p1|Galvantula, F","|poke|p1|Electivire, M","|poke|p2|Tauros, M, shiny","|poke|p2|Meloetta","|poke|p2|Porygon2, shiny","|poke|p2|Chansey, F","|poke|p2|Staraptor, M, shiny","|poke|p2|Lopunny, F, shiny","|rule|Sleep Clause Mod: Limit one foe put to sleep","|rule|Species Clause: Limit one of each Pokémon","|rule|OHKO Clause: OHKO moves are banned","|rule|Moody Clause: Moody is banned","|rule|Evasion Moves Clause: Evasion moves are banned","|rule|Endless Battle Clause: Forcing endless battles is banned","|rule|HP Percentage Mod: HP is shown in percentages","|teampreview","|","|start","|switch|p1a: Itsy Bitsy|Galvantula, F|281/281","|switch|p2a: Bae|Lopunny, F, shiny|271/271","|turn|1","|","|switch|p1a: Raiden-Therian|Thundurus-Therian, M, shiny|299/299","|detailschange|p2a: Bae|Lopunny-Mega, F, shiny","|-mega|p2a: Bae|Lopunny|Lopunnite","|move|p2a: Bae|Power-Up Punch|p1a: Raiden-Therian","|-resisted|p1a: Raiden-Therian","|-damage|p1a: Raiden-Therian|247/299","|-boost|p2a: Bae|atk|1","|","|turn|2","|","|move|p1a: Raiden-Therian|Psychic|p2a: Bae","|-supereffective|p2a: Bae","|-damage|p2a: Bae|0 fnt","|faint|p2a: Bae","|","|","|switch|p2a: Side Chick|Meloetta|403/403","|turn|3","|","|switch|p1a: Thunderbird|Zapdos|384/384","|-ability|p1a: Thunderbird|Pressure","|move|p2a: Side Chick|Psychic|p1a: Thunderbird","|-damage|p1a: Thunderbird|239/384","|-unboost|p1a: Thunderbird|spd|1","|","|-heal|p1a: Thunderbird|263/384|[from] item: Leftovers","|turn|4","|","|move|p1a: Thunderbird|Toxic|p2a: Side Chick","|-status|p2a: Side Chick|tox","|move|p2a: Side Chick|Psychic|p1a: Thunderbird","|-damage|p1a: Thunderbird|67/384","|-unboost|p1a: Thunderbird|spd|1","|","|-heal|p1a: Thunderbird|91/384|[from] item: Leftovers","|-damage|p2a: Side Chick|378/403 tox|[from] psn","|turn|5","|","|move|p1a: Thunderbird|Discharge|p2a: Side Chick","|-damage|p2a: Side Chick|311/403 tox","|move|p2a: Side Chick|Hyper Voice|p1a: Thunderbird","|-damage|p1a: Thunderbird|0 fnt","|faint|p1a: Thunderbird","|","|-damage|p2a: Side Chick|261/403 tox|[from] psn","|","|switch|p1a: Itsy Bitsy|Galvantula, F|281/281","|turn|6","|","|switch|p2a: Fat ass hoe|Chansey, F|704/704","|move|p1a: Itsy Bitsy|Sticky Web|p2a: Fat ass hoe","|-sidestart|p2: V Deuce|move: Sticky Web","|","|turn|7","|","|switch|p1a: Electivire|Electivire, M|291/291","|move|p2a: Fat ass hoe|Heal Bell|p2a: Fat ass hoe","|-cureteam|p2a: Fat ass hoe|[from] move: HealBell","|","|turn|8","|","|switch|p2a: S3x Toy|Porygon2, shiny|374/374","|-activate|p2a: S3x Toy|move: Sticky Web","|-unboost|p2a: S3x Toy|spe|1","|-ability|p2a: S3x Toy|Vital Spirit|[from] ability: Trace|[of] p1a: Electivire","|move|p1a: Electivire|Cross Chop|p2a: S3x Toy","|-supereffective|p2a: S3x Toy","|-damage|p2a: S3x Toy|192/374","|","|turn|9","|","|move|p1a: Electivire|Cross Chop|p2a: S3x Toy","|-crit|p2a: S3x Toy","|-supereffective|p2a: S3x Toy","|-damage|p2a: S3x Toy|0 fnt","|faint|p2a: S3x Toy","|","|","|switch|p2a: Side Chick|Meloetta|261/403","|-activate|p2a: Side Chick|move: Sticky Web","|-unboost|p2a: Side Chick|spe|1","|turn|10","|","|move|p1a: Electivire|Cross Chop|p2a: Side Chick","|-damage|p2a: Side Chick|39/403","|move|p2a: Side Chick|Psychic|p1a: Electivire","|-damage|p1a: Electivire|105/291","|","|turn|11","|","|switch|p1a: Raiden-Therian|Thundurus-Therian, M, shiny|247/299","|move|p2a: Side Chick|Hyper Voice|p1a: Raiden-Therian","|-damage|p1a: Raiden-Therian|55/299","|","|turn|12","|","|move|p1a: Raiden-Therian|Thunderbolt|p2a: Side Chick","|-damage|p2a: Side Chick|0 fnt","|faint|p2a: Side Chick","|","|","|switch|p2a: Fat ass hoe|Chansey, F|704/704","|-activate|p2a: Fat ass hoe|move: Sticky Web","|-unboost|p2a: Fat ass hoe|spe|1","|turn|13","|","|move|p1a: Raiden-Therian|Thunderbolt|p2a: Fat ass hoe","|-damage|p2a: Fat ass hoe|592/704","|move|p2a: Fat ass hoe|Seismic Toss|p1a: Raiden-Therian","|-damage|p1a: Raiden-Therian|0 fnt","|faint|p1a: Raiden-Therian","|","|","|switch|p1a: Electivire|Electivire, M|105/291","|turn|14","|","|switch|p2a: Mah Nigga|Staraptor, M, shiny|312/312","|-ability|p2a: Mah Nigga|Intimidate","|-unboost|p1a: Electivire|atk|1","|move|p1a: Electivire|Cross Chop|p2a: Mah Nigga","|-damage|p2a: Mah Nigga|204/312","|","|-heal|p2a: Mah Nigga|223/312|[from] item: Leftovers","|turn|15","|","|switch|p1a: Itsy Bitsy|Galvantula, F|281/281","|move|p2a: Mah Nigga|Defog|p1a: Itsy Bitsy","|-unboost|p1a: Itsy Bitsy|evasion|1","|-sideend|p2: V Deuce|Sticky Web|[from] move: Defog|[of] p2a: Mah Nigga","|","|-heal|p2a: Mah Nigga|242/312|[from] item: Leftovers","|turn|16","|","|move|p1a: Itsy Bitsy|Thunder|p2a: Mah Nigga","|-supereffective|p2a: Mah Nigga","|-damage|p2a: Mah Nigga|0 fnt","|faint|p2a: Mah Nigga","|","|","|switch|p2a: Drink Green Bull|Tauros, M, shiny|291/291","|turn|17","|","|move|p2a: Drink Green Bull|Rock Slide|p1a: Itsy Bitsy","|-supereffective|p1a: Itsy Bitsy","|-enditem|p1a: Itsy Bitsy|Focus Sash","|-damage|p1a: Itsy Bitsy|1/281","|move|p1a: Itsy Bitsy|Thunder|p2a: Drink Green Bull","|-damage|p2a: Drink Green Bull|53/291","|","|turn|18","|","|move|p2a: Drink Green Bull|Zen Headbutt|p1a: Itsy Bitsy","|-damage|p1a: Itsy Bitsy|0 fnt","|faint|p1a: Itsy Bitsy","|","|","|switch|p1a: Spikes 4 STAB|Manectric, M, shiny|281/281","|turn|19","|","|detailschange|p1a: Spikes 4 STAB|Manectric-Mega, M, shiny","|-mega|p1a: Spikes 4 STAB|Manectric|Manectite","|-ability|p1a: Spikes 4 STAB|Intimidate","|-unboost|p2a: Drink Green Bull|atk|1","|move|p1a: Spikes 4 STAB|Protect|p1a: Spikes 4 STAB","|-singleturn|p1a: Spikes 4 STAB|Protect","|move|p2a: Drink Green Bull|Rock Climb|p1a: Spikes 4 STAB","|-activate|p1a: Spikes 4 STAB|Protect","|","|turn|20","|","|switch|p2a: Fat ass hoe|Chansey, F|592/704","|move|p1a: Spikes 4 STAB|Volt Switch|p2a: Fat ass hoe","|-damage|p2a: Fat ass hoe|513/704","|","|switch|p1a: Electivire|Electivire, M|105/291","|","|turn|21","|","|move|p1a: Electivire|Cross Chop|p2a: Fat ass hoe","|-supereffective|p2a: Fat ass hoe","|-damage|p2a: Fat ass hoe|0 fnt","|faint|p2a: Fat ass hoe","|","|","|switch|p2a: Drink Green Bull|Tauros, M, shiny|53/291","|turn|22","|","|move|p2a: Drink Green Bull|Zen Headbutt|p1a: Electivire","|-damage|p1a: Electivire|0 fnt","|faint|p1a: Electivire","|","|","|switch|p1a: Spikes 4 STAB|Manectric-Mega, M, shiny|281/281","|-ability|p1a: Spikes 4 STAB|Intimidate","|-unboost|p2a: Drink Green Bull|atk|1","|turn|23","|","|move|p1a: Spikes 4 STAB|Volt Switch|p2a: Drink Green Bull","|-damage|p2a: Drink Green Bull|0 fnt","|faint|p2a: Drink Green Bull","|","|win|CTIL-Raf"],"p1rating":{"entryid":"7111984","serverid":"eos","formatid":"monotype","userid":"ctilraf","username":"CTIL-Raf","w":32,"l":"16","t":"0","gxe":65,"r":"1621.9662596694","rd":"52.576771198529","sigma":"0","rptime":"1438333200","rpr":1617.5107520392,"rprd":51.672918377934,"rpsigma":"0","acre":1199.9235308593,"lacre":1199.9235308593,"oldacre":"1187.2270772919"},"p2rating":{"entryid":7309857,"formatid":"monotype","userid":"vdeuce","username":"V Deuce","r":1500,"rd":130,"sigma":0,"rpr":1471.4573363761,"rprd":122.77809361812,"rpsigma":0,"rptime":1438333200,"w":0,"l":1,"t":0,"gxe":46.4,"acre":1000,"lacre":1000,"oldacre":1000},"endType":"normal"}