{"seed":[42614,60233,37906,23148],"turns":24,"p1":"R06L29A01","p2":"Sovereign♕Unknown","p1team":[{"name":"Druddigon","species":"Druddigon","item":"focussash","ability":"Rough Skin","moves":["glare","dragontail","earthquake","stealthrock"],"nature":"Adamant","evs":{"hp":248,"atk":252,"def":0,"spa":0,"spd":8,"spe":0},"shiny":true,"ivs":{"hp":31,"atk":31,"def":31,"spa":31,"spd":31,"spe":31}},{"name":"Dragonite","species":"Dragonite","item":"weaknesspolicy","ability":"Multiscale","moves":["extremespeed","dragondance","dragonclaw","earthquake"],"nature":"Adamant","evs":{"hp":0,"atk":252,"def":0,"spa":0,"spd":4,"spe":252},"ivs":{"hp":31,"atk":31,"def":31,"spa":31,"spd":31,"spe":31}},{"name":"Goodra","species":"Goodra","item":"assaultvest","ability":"Gooey","moves":["dragonpulse","icebeam","flamethrower","sludgebomb"],"nature":"Modest","evs":{"hp":248,"atk":0,"def":0,"spa":252,"spd":8,"spe":0},"shiny":true,"ivs":{"hp":31,"atk":31,"def":31,"spa":31,"spd":31,"spe":31}},{"name":"Latias","species":"Latias","item":"latiasite","ability":"Levitate","moves":["thunderbolt","recover","dragonpulse","surf"],"nature":"Modest","evs":{"hp":248,"atk":0,"def":0,"spa":252,"spd":8,"spe":0},"shiny":true,"ivs":{"hp":31,"atk":31,"def":31,"spa":31,"spd":31,"spe":31}},{"name":"Garchomp","species":"Garchomp","item":"focussash","ability":"Rough Skin","moves":["dragonclaw","swordsdance","earthquake","firefang"],"nature":"Jolly","evs":{"hp":0,"atk":252,"def":0,"spa":0,"spd":4,"spe":252},"shiny":true,"ivs":{"hp":31,"atk":31,"def":31,"spa":31,"spd":31,"spe":31}},{"name":"Salamence","species":"Salamence","item":"choicescarf","ability":"Moxie","moves":["dragontail","irontail","firefang","outrage"],"nature":"Jolly","evs":{"hp":0,"atk":252,"def":0,"spa":0,"spd":4,"spe":252},"shiny":true,"ivs":{"hp":31,"atk":31,"def":31,"spa":31,"spd":31,"spe":31}}],"p2team":[{"name":"Bites of Dust","species":"garchomp","item":"rockyhelmet","ability":"Rough Skin","moves":["stealthrock","earthquake","toxic","fireblast"],"nature":"Impish","evs":{"hp":252,"atk":0,"def":164,"spa":0,"spd":76,"spe":16},"gender":"M","ivs":{"hp":31,"atk":31,"def":31,"spa":31,"spd":31,"spe":31}},{"name":"Sea Leaf","species":"dragalge","item":"blacksludge","ability":"Adaptability","moves":["dracometeor","sludgewave","focusblast","toxicspikes"],"nature":"Modest","evs":{"hp":228,"atk":0,"def":0,"spa":252,"spd":0,"spe":28},"gender":"F","ivs":{"hp":31,"atk":31,"def":31,"spa":31,"spd":31,"spe":31}},{"name":"R U Jelly?","species":"goodra","item":"assaultvest","ability":"Sap Sipper","moves":["dracometeor","fireblast","sludgebomb","icebeam"],"nature":"Modest","evs":{"hp":240,"atk":0,"def":0,"spa":252,"spd":0,"spe":16},"gender":"F","ivs":{"hp":31,"atk":31,"def":31,"spa":31,"spd":31,"spe":31}},{"name":"Dracoknight","species":"dragonite","item":"lumberry","ability":"Multiscale","moves":["dragondance","outrage","extremespeed","earthquake"],"nature":"Adamant","evs":{"hp":0,"atk":252,"def":4,"spa":0,"spd":0,"spe":252},"gender":"M","ivs":{"hp":31,"atk":31,"def":31,"spa":31,"spd":31,"spe":31}},{"name":"Cerberus+RedBull","species":"hydreigon","item":"choicescarf","ability":"Levitate","moves":["dracometeor","darkpulse","earthpower","flashcannon"],"nature":"Modest","evs":{"hp":0,"atk":4,"def":0,"spa":252,"spd":0,"spe":252},"gender":"M","ivs":{"hp":31,"atk":31,"def":31,"spa":31,"spd":31,"spe":31}},{"name":"Cloud with Wings","species":"altaria","item":"altarianite","ability":"Cloud Nine","moves":["roost","hypervoice","healbell","flamethrower"],"nature":"Bold","evs":{"hp":248,"atk":0,"def":104,"spa":0,"spd":156,"spe":0},"gender":"F","ivs":{"hp":31,"atk":31,"def":31,"spa":31,"spd":31,"spe":31}}],"log":["|player|p1|R06L29A01|209","|player|p2|Sovereign♕Unknown|99","|gametype|singles","|gen|6","|tier|Monotype","|rated","|rule|Baton Pass Clause: Limit one Baton Passer, can't pass Spe and other stats simultaneously","|rule|Swagger Clause: Swagger is banned","|rule|Same Type Clause: Pokémon in a team must share a type","|clearpoke","|poke|p1|Druddigon, M, shiny","|poke|p1|Dragonite, M","|poke|p1|Goodra, M, shiny","|poke|p1|Latias, F, shiny","|poke|p1|Garchomp, M, shiny","|poke|p1|Salamence, F, shiny","|poke|p2|Garchomp, M","|poke|p2|Dragalge, F","|poke|p2|Goodra, F","|poke|p2|Dragonite, M","|poke|p2|Hydreigon, M","|poke|p2|Altaria, F","|rule|Sleep Clause Mod: Limit one foe put to sleep","|rule|Species Clause: Limit one of each Pokémon","|rule|OHKO Clause: OHKO moves are banned","|rule|Moody Clause: Moody is banned","|rule|Evasion Moves Clause: Evasion moves are banned","|rule|Endless Battle Clause: Forcing endless battles is banned","|rule|HP Percentage Mod: HP is shown in percentages","|teampreview","|","|start","|switch|p1a: Druddigon|Druddigon, M, shiny|357/357","|switch|p2a: Cloud with Wings|Altaria, F|353/353","|-ability|p2a: Cloud with Wings|Cloud Nine","|turn|1","|","|detailschange|p2a: Cloud with Wings|Altaria-Mega, F","|-mega|p2a: Cloud with Wings|Altaria|Altarianite","|move|p2a: Cloud with Wings|Hyper Voice|p1a: Druddigon","|-supereffective|p1a: Druddigon","|-damage|p1a: Druddigon|25/357","|move|p1a: Druddigon|Glare|p2a: Cloud with Wings","|-status|p2a: Cloud with Wings|par","|","|turn|2","|","|move|p1a: Druddigon|Stealth Rock|p2a: Cloud with Wings","|-sidestart|p2: Sovereign♕Unknown|move: Stealth Rock","|cant|p2a: Cloud with Wings|par","|","|turn|3","|","|move|p1a: Druddigon|Earthquake|p2a: Cloud with Wings","|-damage|p2a: Cloud with Wings|263/353 par","|cant|p2a: Cloud with Wings|par","|","|turn|4","|","|move|p1a: Druddigon|Earthquake|p2a: Cloud with Wings","|-damage|p2a: Cloud with Wings|168/353 par","|move|p2a: Cloud with Wings|Heal Bell|p2a: Cloud with Wings","|-cureteam|p2a: Cloud with Wings|[from] move: HealBell","|","|turn|5","|","|move|p2a: Cloud with Wings|Roost|p2a: Cloud with Wings","|-heal|p2a: Cloud with Wings|345/353","|move|p1a: Druddigon|Earthquake|p2a: Cloud with Wings","|-damage|p2a: Cloud with Wings|245/353","|","|turn|6","|","|move|p2a: Cloud with Wings|Hyper Voice|p1a: Druddigon","|-supereffective|p1a: Druddigon","|-damage|p1a: Druddigon|0 fnt","|faint|p1a: Druddigon","|","|","|switch|p1a: Salamence|Salamence, F, shiny|331/331","|turn|7","|","|switch|p2a: Sea Leaf|Dragalge, F|328/328","|-damage|p2a: Sea Leaf|287/328|[from] Stealth Rock","|move|p1a: Salamence|Iron Tail|p2a: Sea Leaf|[miss]","|-miss|p1a: Salamence|p2a: Sea Leaf","|","|-heal|p2a: Sea Leaf|307/328|[from] item: Black Sludge","|turn|8","|","|switch|p1a: Goodra|Goodra, M, shiny|383/383","|move|p2a: Sea Leaf|Toxic Spikes|p1a: Goodra","|-sidestart|p1: R06L29A01|move: Toxic Spikes","|","|-heal|p2a: Sea Leaf|327/328|[from] item: Black Sludge","|turn|9","|","|move|p1a: Goodra|Dragon Pulse|p2a: Sea Leaf","|-supereffective|p2a: Sea Leaf","|-damage|p2a: Sea Leaf|69/328","|move|p2a: Sea Leaf|Toxic Spikes|p1a: Goodra","|-sidestart|p1: R06L29A01|move: Toxic Spikes","|","|-heal|p2a: Sea Leaf|89/328|[from] item: Black Sludge","|turn|10","|","|switch|p2a: R U Jelly?|Goodra, F|381/381","|-damage|p2a: R U Jelly?|334/381|[from] Stealth Rock","|move|p1a: Goodra|Ice Beam|p2a: R U Jelly?","|-supereffective|p2a: R U Jelly?","|-damage|p2a: R U Jelly?|238/381","|","|turn|11","|","|move|p2a: R U Jelly?|Ice Beam|p1a: Goodra","|-supereffective|p1a: Goodra","|-damage|p1a: Goodra|289/383","|move|p1a: Goodra|Ice Beam|p2a: R U Jelly?","|-supereffective|p2a: R U Jelly?","|-damage|p2a: R U Jelly?|144/381","|","|turn|12","|","|move|p2a: R U Jelly?|Ice Beam|p1a: Goodra","|-supereffective|p1a: Goodra","|-damage|p1a: Goodra|195/383","|move|p1a: Goodra|Ice Beam|p2a: R U Jelly?","|-crit|p2a: R U Jelly?","|-supereffective|p2a: R U Jelly?","|-damage|p2a: R U Jelly?|0 fnt","|faint|p2a: R U Jelly?","|","|","|switch|p2a: Cerberus+RedBull|Hydreigon, M|325/325","|-damage|p2a: Cerberus+RedBull|285/325|[from] Stealth Rock","|turn|13","|","|switch|p1a: Dragonite|Dragonite, M|323/323","|move|p2a: Cerberus+RedBull|Draco Meteor|p1a: Dragonite","|-supereffective|p1a: Dragonite","|-damage|p1a: Dragonite|86/323","|-enditem|p1a: Dragonite|Weakness Policy","|-boost|p1a: Dragonite|atk|2|[from] item: Weakness Policy","|-boost|p1a: Dragonite|spa|2|[from] item: Weakness Policy","|-unboost|p2a: Cerberus+RedBull|spa|2","|","|turn|14","|","|move|p1a: Dragonite|Extreme Speed|p2a: Cerberus+RedBull","|-damage|p2a: Cerberus+RedBull|71/325","|move|p2a: Cerberus+RedBull|Draco Meteor|p1a: Dragonite","|-supereffective|p1a: Dragonite","|-damage|p1a: Dragonite|0 fnt","|-unboost|p2a: Cerberus+RedBull|spa|2","|faint|p1a: Dragonite","|","|","|switch|p1a: Latias|Latias, F, shiny|363/363","|turn|15","|","|switch|p2a: Sea Leaf|Dragalge, F|89/328","|-damage|p2a: Sea Leaf|48/328|[from] Stealth Rock","|detailschange|p1a: Latias|Latias-Mega, F, shiny","|-mega|p1a: Latias|Latias|Latiasite","|move|p1a: Latias|Dragon Pulse|p2a: Sea Leaf","|-supereffective|p2a: Sea Leaf","|-damage|p2a: Sea Leaf|0 fnt","|faint|p2a: Sea Leaf","|","|","|switch|p2a: Dracoknight|Dragonite, M|323/323","|-damage|p2a: Dracoknight|243/323|[from] Stealth Rock","|turn|16","|","|move|p2a: Dracoknight|Extreme Speed|p1a: Latias","|-damage|p1a: Latias|273/363","|move|p1a: Latias|Thunderbolt|p2a: Dracoknight","|-damage|p2a: Dracoknight|129/323","|","|turn|17","|","|move|p2a: Dracoknight|Outrage|p1a: Latias","|-supereffective|p1a: Latias","|-damage|p1a: Latias|0 fnt","|faint|p1a: Latias","|","|","|switch|p1a: Garchomp|Garchomp, M, shiny|357/357","|-status|p1a: Garchomp|tox","|turn|18","|","|move|p1a: Garchomp|Dragon Claw|p2a: Dracoknight","|-supereffective|p2a: Dracoknight","|-damage|p2a: Dracoknight|0 fnt","|faint|p2a: Dracoknight","|","|-damage|p1a: Garchomp|335/357 tox|[from] psn","|","|switch|p2a: Bites of Dust|Garchomp, M|420/420","|-damage|p2a: Bites of Dust|394/420|[from] Stealth Rock","|turn|19","|","|move|p1a: Garchomp|Dragon Claw|p2a: Bites of Dust","|-crit|p2a: Bites of Dust","|-supereffective|p2a: Bites of Dust","|-damage|p2a: Bites of Dust|52/420","|-damage|p1a: Garchomp|291/357 tox|[from] ability: Rough Skin|[of] p2a: Bites of Dust","|-damage|p1a: Garchomp|232/357 tox|[from] item: Rocky Helmet|[of] p2a: Bites of Dust","|move|p2a: Bites of Dust|Stealth Rock|p1a: Garchomp","|-sidestart|p1: R06L29A01|move: Stealth Rock","|","|-damage|p1a: Garchomp|188/357 tox|[from] psn","|turn|20","|","|switch|p2a: Cloud with Wings|Altaria-Mega, F|245/353","|-damage|p2a: Cloud with Wings|201/353|[from] Stealth Rock","|move|p1a: Garchomp|Earthquake|p2a: Cloud with Wings","|-damage|p2a: Cloud with Wings|68/353","|","|-damage|p1a: Garchomp|122/357 tox|[from] psn","|turn|21","|","|move|p1a: Garchomp|Earthquake|p2a: Cloud with Wings","|-damage|p2a: Cloud with Wings|0 fnt","|faint|p2a: Cloud with Wings","|","|-damage|p1a: Garchomp|34/357 tox|[from] psn","|","|switch|p2a: Cerberus+RedBull|Hydreigon, M|71/325","|-damage|p2a: Cerberus+RedBull|31/325|[from] Stealth Rock","|turn|22","|","|move|p2a: Cerberus+RedBull|Dark Pulse|p1a: Garchomp","|-damage|p1a: Garchomp|0 fnt","|faint|p1a: Garchomp","|","|","|switch|p1a: Goodra|Goodra, M, shiny|195/383","|-status|p1a: Goodra|tox","|-damage|p1a: Goodra|148/383 tox|[from] Stealth Rock","|turn|23","|","|move|p2a: Cerberus+RedBull|Dark Pulse|p1a: Goodra","|-damage|p1a: Goodra|78/383 tox","|move|p1a: Goodra|Dragon Pulse|p2a: Cerberus+RedBull","|-supereffective|p2a: Cerberus+RedBull","|-damage|p2a: Cerberus+RedBull|0 fnt","|faint|p2a: Cerberus+RedBull","|","|-damage|p1a: Goodra|55/383 tox|[from] psn","|","|switch|p2a: Bites of Dust|Garchomp, M|52/420","|-damage|p2a: Bites of Dust|26/420|[from] Stealth Rock","|turn|24","|","|move|p2a: Bites of Dust|Fire Blast|p1a: Goodra","|-resisted|p1a: Goodra","|-damage|p1a: Goodra|40/383 tox","|move|p1a: Goodra|Dragon Pulse|p2a: Bites of Dust","|-supereffective|p2a: Bites of Dust","|-damage|p2a: Bites of Dust|0 fnt","|faint|p2a: Bites of Dust","|","|win|R06L29A01"],"p1rating":{"entryid":"6931648","serverid":"eos","formatid":"monotype","userid":"r06l29a01","username":"R06L29A01","w":47,"l":"52","t":"0","gxe":48.9,"r":"1488.1935314594","rd":"38.022959824519","sigma":"0","rptime":"1438419600","rpr":1491.5000405444,"rprd":36.19441214235,"rpsigma":"0","acre":1135.5865009058,"lacre":1135.5865009058,"oldacre":"1113.1982719592"},"p2rating":{"entryid":"7172559","serverid":"eos","formatid":"monotype","userid":"sovereignunknown","username":"Sovereign♕Unknown","w":"4","l":7,"t":"0","gxe":45.1,"r":"1452.5467240237","rd":"107.45517671281","sigma":"0","rptime":"1438419600","rpr":1461.9495817966,"rprd":85.583217400139,"rpsigma":"0","acre":1057.5009112168,"lacre":1057.5009112168,"oldacre":"1076.7684622475"},"endType":"normal"}