{"seed":[61704,53719,26283,36429],"turns":35,"p1":"DpxYT","p2":"Traine✘ Chief","p1team":[{"name":"Terrakion","species":"Terrakion","item":"sitrusberry","ability":"Justified","moves":["closecombat","ironhead","sacredsword","rockslide"],"nature":"Jolly","evs":{"hp":0,"atk":252,"def":0,"spa":0,"spd":4,"spe":252},"ivs":{"hp":31,"atk":31,"def":31,"spa":31,"spd":31,"spe":31}},{"name":"Diancie","species":"Diancie","item":"leftovers","ability":"Clear Body","moves":["diamondstorm","ancientpower","moonblast","earthpower"],"nature":"Quiet","evs":{"hp":252,"atk":4,"def":0,"spa":252,"spd":0,"spe":0},"ivs":{"hp":31,"atk":31,"def":31,"spa":31,"spd":31,"spe":31}},{"name":"Tyranitar","species":"Tyranitar","item":"lifeorb","ability":"Sand Stream","moves":["thunderwave","rockslide","crunch","protect"],"nature":"Careful","evs":{"hp":248,"atk":8,"def":0,"spa":0,"spd":252,"spe":0},"ivs":{"hp":31,"atk":31,"def":31,"spa":31,"spd":31,"spe":31}},{"name":"Kabutops","species":"Kabutops","item":"choiceband","ability":"Swift Swim","moves":["aquajet","doubleedge","rockslide","superpower"],"nature":"Adamant","evs":{"hp":0,"atk":252,"def":0,"spa":0,"spd":4,"spe":252},"ivs":{"hp":31,"atk":31,"def":31,"spa":31,"spd":31,"spe":31}},{"name":"Cradily","species":"Cradily","item":"leftovers","ability":"Storm Drain","moves":["ancientpower","gigadrain","toxic","recover"],"nature":"Calm","evs":{"hp":252,"atk":0,"def":0,"spa":4,"spd":252,"spe":0},"ivs":{"hp":31,"atk":31,"def":31,"spa":31,"spd":31,"spe":31}},{"name":"Aerodactyl","species":"Aerodactyl","item":"aerodactylite","ability":"Rock Head","moves":["aerialace","dragonclaw","thunderfang","rockslide"],"nature":"Jolly","evs":{"hp":0,"atk":252,"def":0,"spa":0,"spd":4,"spe":252},"ivs":{"hp":31,"atk":31,"def":31,"spa":31,"spd":31,"spe":31}}],"p2team":[{"name":"Cofagrigus","species":"Cofagrigus","item":"leftovers","ability":"Mummy","moves":["toxic","willowisp","trickroom","hex"],"nature":"Sassy","evs":{"hp":252,"atk":0,"def":0,"spa":4,"spd":252,"spe":0},"ivs":{"hp":31,"atk":31,"def":31,"spa":31,"spd":31,"spe":0}},{"name":"Aegislash","species":"Aegislash","item":"weaknesspolicy","ability":"Stance Change","moves":["swordsdance","kingsshield","shadowsneak","ironhead"],"nature":"Adamant","evs":{"hp":248,"atk":252,"def":0,"spa":0,"spd":8,"spe":0},"ivs":{"hp":31,"atk":31,"def":31,"spa":31,"spd":31,"spe":31}},{"name":"Banette","species":"Banette","item":"banettite","ability":"Cursed Body","moves":["cottonguard","shadowclaw","knockoff","shadowsneak"],"nature":"Adamant","evs":{"hp":248,"atk":252,"def":0,"spa":0,"spd":8,"spe":0},"gender":"F","ivs":{"hp":31,"atk":31,"def":31,"spa":31,"spd":31,"spe":31}},{"name":"Dusknoir","species":"Dusknoir","item":"leftovers","ability":"Pressure","moves":["icepunch","shadowsneak","poweruppunch","counter"],"nature":"Adamant","evs":{"hp":248,"atk":252,"def":0,"spa":0,"spd":8,"spe":0},"ivs":{"hp":31,"atk":31,"def":31,"spa":31,"spd":31,"spe":31}},{"name":"Jellicent","species":"Jellicent","item":"leftovers","ability":"Water Absorb","moves":["scald","icebeam","shadowball","substitute"],"nature":"Calm","evs":{"hp":248,"atk":0,"def":0,"spa":100,"spd":160,"spe":0},"ivs":{"hp":31,"atk":31,"def":31,"spa":31,"spd":31,"spe":31}},{"name":"Sableye","species":"Sableye","item":"focussash","ability":"Prankster","moves":["willowisp","confuseray","painsplit","foulplay"],"nature":"Calm","evs":{"hp":248,"atk":0,"def":8,"spa":0,"spd":252,"spe":0},"ivs":{"hp":31,"atk":31,"def":31,"spa":31,"spd":31,"spe":31}}],"log":["|player|p1|DpxYT|80","|player|p2|Traine✘ Chief|127","|gametype|singles","|gen|6","|tier|Monotype","|rated","|rule|Baton Pass Clause: Limit one Baton Passer, can't pass Spe and other stats simultaneously","|rule|Swagger Clause: Swagger is banned","|rule|Same Type Clause: Pokémon in a team must share a type","|clearpoke","|poke|p1|Terrakion","|poke|p1|Diancie","|poke|p1|Tyranitar, M","|poke|p1|Kabutops, M","|poke|p1|Cradily, M","|poke|p1|Aerodactyl, F","|poke|p2|Cofagrigus, M","|poke|p2|Aegislash, M","|poke|p2|Banette, F","|poke|p2|Dusknoir, M","|poke|p2|Jellicent, F","|poke|p2|Sableye, F","|rule|Sleep Clause Mod: Limit one foe put to sleep","|rule|Species Clause: Limit one of each Pokémon","|rule|OHKO Clause: OHKO moves are banned","|rule|Moody Clause: Moody is banned","|rule|Evasion Moves Clause: Evasion moves are banned","|rule|Endless Battle Clause: Forcing endless battles is banned","|rule|HP Percentage Mod: HP is shown in percentages","|teampreview","|","|start","|switch|p1a: Cradily|Cradily, M|376/376","|switch|p2a: Sableye|Sableye, F|303/303","|turn|1","|","|move|p2a: Sableye|Confuse Ray|p1a: Cradily","|-start|p1a: Cradily|confusion","|-activate|p1a: Cradily|confusion","|move|p1a: Cradily|Toxic|p2a: Sableye","|-status|p2a: Sableye|tox","|","|-damage|p2a: Sableye|285/303 tox|[from] psn","|turn|2","|","|move|p2a: Sableye|Will-O-Wisp|p1a: Cradily","|-status|p1a: Cradily|brn","|-activate|p1a: Cradily|confusion","|move|p1a: Cradily|Ancient Power|p2a: Sableye","|-damage|p2a: Sableye|234/303 tox","|","|-damage|p2a: Sableye|198/303 tox|[from] psn","|-damage|p1a: Cradily|329/376 brn|[from] brn","|turn|3","|","|switch|p2a: Jellicent|Jellicent, F|403/403","|-activate|p1a: Cradily|confusion","|move|p1a: Cradily|Giga Drain|p2a: Jellicent","|-supereffective|p2a: Jellicent","|-damage|p2a: Jellicent|295/403","|-heal|p1a: Cradily|376/376 brn|[from] drain|[of] p2a: Jellicent","|","|-heal|p2a: Jellicent|320/403|[from] item: Leftovers","|-damage|p1a: Cradily|329/376 brn|[from] brn","|turn|4","|","|move|p2a: Jellicent|Substitute|p2a: Jellicent","|-start|p2a: Jellicent|Substitute","|-damage|p2a: Jellicent|220/403","|-end|p1a: Cradily|confusion","|move|p1a: Cradily|Toxic|p2a: Jellicent","|-fail|p2a: Jellicent","|","|-heal|p2a: Jellicent|245/403|[from] item: Leftovers","|-heal|p1a: Cradily|352/376 brn|[from] item: Leftovers","|-damage|p1a: Cradily|305/376 brn|[from] brn","|turn|5","|","|move|p2a: Jellicent|Shadow Ball|p1a: Cradily","|-damage|p1a: Cradily|236/376 brn","|move|p1a: Cradily|Giga Drain|p2a: Jellicent","|-supereffective|p2a: Jellicent","|-end|p2a: Jellicent|Substitute","|-heal|p1a: Cradily|286/376 brn|[from] drain|[of] p2a: Jellicent","|","|-heal|p2a: Jellicent|270/403|[from] item: Leftovers","|-heal|p1a: Cradily|309/376 brn|[from] item: Leftovers","|-damage|p1a: Cradily|262/376 brn|[from] brn","|turn|6","|","|switch|p2a: Aegislash|Aegislash, M|323/323","|move|p1a: Cradily|Giga Drain|p2a: Aegislash","|-resisted|p2a: Aegislash","|-damage|p2a: Aegislash|297/323","|-heal|p1a: Cradily|275/376 brn|[from] drain|[of] p2a: Aegislash","|","|-heal|p1a: Cradily|298/376 brn|[from] item: Leftovers","|-damage|p1a: Cradily|251/376 brn|[from] brn","|turn|7","|","|move|p2a: Aegislash|Swords Dance|p2a: Aegislash","|-boost|p2a: Aegislash|atk|2","|move|p1a: Cradily|Recover|p1a: Cradily","|-heal|p1a: Cradily|376/376 brn","|","|-damage|p1a: Cradily|329/376 brn|[from] brn","|turn|8","|","|switch|p1a: Tyranitar|Tyranitar, M|403/403","|-weather|Sandstorm","|move|p2a: Aegislash|Swords Dance|p2a: Aegislash","|-boost|p2a: Aegislash|atk|2","|","|-weather|Sandstorm|[upkeep]","|turn|9","|","|move|p2a: Aegislash|King's Shield|p2a: Aegislash","|-singleturn|p2a: Aegislash|Protect","|move|p1a: Tyranitar|Thunder Wave|p2a: Aegislash","|-status|p2a: Aegislash|par","|","|-weather|Sandstorm|[upkeep]","|turn|10","|","|move|p1a: Tyranitar|Crunch|p2a: Aegislash","|-supereffective|p2a: Aegislash","|-damage|p2a: Aegislash|53/323 par","|-enditem|p2a: Aegislash|Weakness Policy","|-boost|p2a: Aegislash|atk|2|[from] item: Weakness Policy","|-boost|p2a: Aegislash|spa|2|[from] item: Weakness Policy","|-unboost|p2a: Aegislash|def|1","|-damage|p1a: Tyranitar|363/403|[from] item: Life Orb","|-formechange|p2a: Aegislash|Aegislash-Blade","|move|p2a: Aegislash|Iron Head|p1a: Tyranitar","|-supereffective|p1a: Tyranitar","|-damage|p1a: Tyranitar|0 fnt","|faint|p1a: Tyranitar","|","|-weather|Sandstorm|[upkeep]","|","|switch|p1a: Kabutops|Kabutops, M|261/261","|turn|11","|","|-formechange|p2a: Aegislash|Aegislash","|move|p2a: Aegislash|King's Shield|p2a: Aegislash","|-singleturn|p2a: Aegislash|Protect","|move|p1a: Kabutops|Rock Slide|p2a: Aegislash","|-activate|p2a: Aegislash|Protect","|","|-weather|Sandstorm|[upkeep]","|turn|12","|","|-formechange|p2a: Aegislash|Aegislash-Blade","|move|p2a: Aegislash|Shadow Sneak|p1a: Kabutops","|-damage|p1a: Kabutops|0 fnt","|faint|p1a: Kabutops","|","|-weather|none","|","|switch|p1a: Diancie|Diancie|304/304","|turn|13","|","|move|p2a: Aegislash|Shadow Sneak|p1a: Diancie","|-damage|p1a: Diancie|63/304","|move|p1a: Diancie|Diamond Storm|p2a: Aegislash","|-resisted|p2a: Aegislash","|-damage|p2a: Aegislash|0 fnt","|-boost|p1a: Diancie|def|1","|faint|p2a: Aegislash","|","|-heal|p1a: Diancie|82/304|[from] item: Leftovers","|","|switch|p2a: Dusknoir|Dusknoir, M|293/293","|-ability|p2a: Dusknoir|Pressure","|turn|14","|","|move|p2a: Dusknoir|Power-Up Punch|p1a: Diancie","|-damage|p1a: Diancie|60/304","|-boost|p2a: Dusknoir|atk|1","|move|p1a: Diancie|Diamond Storm|p2a: Dusknoir","|-damage|p2a: Dusknoir|197/293","|","|-heal|p2a: Dusknoir|215/293|[from] item: Leftovers","|-heal|p1a: Diancie|79/304|[from] item: Leftovers","|turn|15","|","|move|p2a: Dusknoir|Power-Up Punch|p1a: Diancie","|-damage|p1a: Diancie|49/304","|-boost|p2a: Dusknoir|atk|1","|move|p1a: Diancie|Moonblast|p2a: Dusknoir","|-damage|p2a: Dusknoir|92/293","|","|-heal|p2a: Dusknoir|110/293|[from] item: Leftovers","|-heal|p1a: Diancie|68/304|[from] item: Leftovers","|turn|16","|","|move|p2a: Dusknoir|Shadow Sneak|p1a: Diancie","|-damage|p1a: Diancie|10/304","|move|p1a: Diancie|Moonblast|p2a: Dusknoir","|-damage|p2a: Dusknoir|0 fnt","|faint|p2a: Dusknoir","|","|-heal|p1a: Diancie|29/304|[from] item: Leftovers","|","|switch|p2a: Jellicent|Jellicent, F|270/403","|turn|17","|","|move|p2a: Jellicent|Shadow Ball|p1a: Diancie","|-damage|p1a: Diancie|0 fnt","|faint|p1a: Diancie","|","|-heal|p2a: Jellicent|295/403|[from] item: Leftovers","|","|switch|p1a: Cradily|Cradily, M|329/376 brn","|turn|18","|","|move|p2a: Jellicent|Ice Beam|p1a: Cradily","|-supereffective|p1a: Cradily","|-damage|p1a: Cradily|227/376 brn","|move|p1a: Cradily|Toxic|p2a: Jellicent","|-status|p2a: Jellicent|tox","|","|-heal|p2a: Jellicent|320/403 tox|[from] item: Leftovers","|-heal|p1a: Cradily|250/376 brn|[from] item: Leftovers","|-damage|p2a: Jellicent|295/403 tox|[from] psn","|-damage|p1a: Cradily|203/376 brn|[from] brn","|turn|19","|","|switch|p2a: Sableye|Sableye, F|198/303 tox","|move|p1a: Cradily|Recover|p1a: Cradily","|-heal|p1a: Cradily|376/376 brn","|","|-damage|p2a: Sableye|180/303 tox|[from] psn","|-damage|p1a: Cradily|329/376 brn|[from] brn","|turn|20","|","|move|p2a: Sableye|Confuse Ray|p1a: Cradily","|-start|p1a: Cradily|confusion","|-activate|p1a: Cradily|confusion","|-damage|p1a: Cradily|316/376 brn|[from] confusion","|","|-heal|p1a: Cradily|339/376 brn|[from] item: Leftovers","|-damage|p2a: Sableye|144/303 tox|[from] psn","|-damage|p1a: Cradily|292/376 brn|[from] brn","|turn|21","|","|switch|p2a: Cofagrigus|Cofagrigus, M|320/320","|-activate|p1a: Cradily|confusion","|move|p1a: Cradily|Giga Drain|p2a: Cofagrigus","|-damage|p2a: Cofagrigus|269/320","|-heal|p1a: Cradily|318/376 brn|[from] drain|[of] p2a: Cofagrigus","|","|-heal|p1a: Cradily|341/376 brn|[from] item: Leftovers","|-heal|p2a: Cofagrigus|289/320|[from] item: Leftovers","|-damage|p1a: Cradily|294/376 brn|[from] brn","|turn|22","|","|-end|p1a: Cradily|confusion","|move|p1a: Cradily|Toxic|p2a: Cofagrigus","|-status|p2a: Cofagrigus|tox","|move|p2a: Cofagrigus|Hex|p1a: Cradily","|-damage|p1a: Cradily|185/376 brn","|","|-heal|p1a: Cradily|208/376 brn|[from] item: Leftovers","|-heal|p2a: Cofagrigus|309/320 tox|[from] item: Leftovers","|-damage|p1a: Cradily|161/376 brn|[from] brn","|-damage|p2a: Cofagrigus|289/320 tox|[from] psn","|turn|23","|","|switch|p2a: Banette|Banette, F|331/331","|move|p1a: Cradily|Recover|p1a: Cradily","|-heal|p1a: Cradily|349/376 brn","|","|-heal|p1a: Cradily|372/376 brn|[from] item: Leftovers","|-damage|p1a: Cradily|325/376 brn|[from] brn","|turn|24","|","|detailschange|p2a: Banette|Banette-Mega, F","|-mega|p2a: Banette|Banette|Banettite","|move|p2a: Banette|Knock Off|p1a: Cradily","|-damage|p1a: Cradily|178/376 brn","|-enditem|p1a: Cradily|Leftovers|[from] move: Knock Off|[of] p2a: Banette","|move|p1a: Cradily|Giga Drain|p2a: Banette","|-damage|p2a: Banette|246/331","|-heal|p1a: Cradily|221/376 brn|[from] drain|[of] p2a: Banette","|","|-damage|p1a: Cradily|174/376 brn|[from] brn","|turn|25","|","|move|p2a: Banette|Shadow Claw|p1a: Cradily","|-crit|p1a: Cradily","|-damage|p1a: Cradily|0 fnt","|faint|p1a: Cradily","|","|","|switch|p1a: Aerodactyl|Aerodactyl, F|301/301","|turn|26","|","|detailschange|p1a: Aerodactyl|Aerodactyl-Mega, F","|-mega|p1a: Aerodactyl|Aerodactyl|Aerodactylite","|move|p2a: Banette|Cotton Guard|p2a: Banette","|-boost|p2a: Banette|def|3","|move|p1a: Aerodactyl|Dragon Claw|p2a: Banette","|-damage|p2a: Banette|182/331","|","|turn|27","|","|move|p1a: Aerodactyl|Thunder Fang|p2a: Banette","|-damage|p2a: Banette|128/331","|move|p2a: Banette|Shadow Claw|p1a: Aerodactyl","|-damage|p1a: Aerodactyl|129/301","|","|turn|28","|","|move|p2a: Banette|Cotton Guard|p2a: Banette","|-boost|p2a: Banette|def|3","|move|p1a: Aerodactyl|Thunder Fang|p2a: Banette","|-damage|p2a: Banette|96/331","|","|turn|29","|","|move|p2a: Banette|Shadow Sneak|p1a: Aerodactyl","|-damage|p1a: Aerodactyl|15/301","|move|p1a: Aerodactyl|Thunder Fang|p2a: Banette","|-damage|p2a: Banette|63/331","|","|turn|30","|","|move|p2a: Banette|Shadow Sneak|p1a: Aerodactyl","|-damage|p1a: Aerodactyl|0 fnt","|faint|p1a: Aerodactyl","|","|","|switch|p1a: Terrakion|Terrakion|323/323","|turn|31","|","|move|p2a: Banette|Shadow Sneak|p1a: Terrakion","|-damage|p1a: Terrakion|223/323","|move|p1a: Terrakion|Rock Slide|p2a: Banette","|-damage|p2a: Banette|18/331","|","|turn|32","|","|move|p2a: Banette|Shadow Sneak|p1a: Terrakion","|-damage|p1a: Terrakion|120/323","|-enditem|p1a: Terrakion|Sitrus Berry|[eat]","|-heal|p1a: Terrakion|200/323|[from] item: Sitrus Berry","|move|p1a: Terrakion|Rock Slide|p2a: Banette","|-damage|p2a: Banette|0 fnt","|faint|p2a: Banette","|","|","|switch|p2a: Cofagrigus|Cofagrigus, M|289/320 tox","|turn|33","|","|move|p1a: Terrakion|Rock Slide|p2a: Cofagrigus","|-damage|p2a: Cofagrigus|189/320 tox","|move|p2a: Cofagrigus|Trick Room|p2a: Cofagrigus","|-fieldstart|move: Trick Room|[of] p2a: Cofagrigus","|","|-heal|p2a: Cofagrigus|209/320 tox|[from] item: Leftovers","|-damage|p2a: Cofagrigus|189/320 tox|[from] psn","|turn|34","|","|move|p2a: Cofagrigus|Will-O-Wisp|p1a: Terrakion","|-status|p1a: Terrakion|brn","|move|p1a: Terrakion|Rock Slide|p2a: Cofagrigus","|-damage|p2a: Cofagrigus|137/320 tox","|","|-heal|p2a: Cofagrigus|157/320 tox|[from] item: Leftovers","|-damage|p2a: Cofagrigus|117/320 tox|[from] psn","|-damage|p1a: Terrakion|160/323 brn|[from] brn","|turn|35","|","|move|p2a: Cofagrigus|Hex|p1a: Terrakion","|-damage|p1a: Terrakion|4/323 brn","|move|p1a: Terrakion|Rock Slide|p2a: Cofagrigus","|-damage|p2a: Cofagrigus|71/320 tox","|","|-heal|p2a: Cofagrigus|91/320 tox|[from] item: Leftovers","|-damage|p2a: Cofagrigus|31/320 tox|[from] psn","|-damage|p1a: Terrakion|0 fnt|[from] brn","|faint|p1a: Terrakion","|","|win|Traine✘ Chief"],"p1rating":{"entryid":"7278102","serverid":"eos","formatid":"monotype","userid":"dpxyt","username":"DpxYT","w":"0","l":3,"t":"0","gxe":37.1,"r":"1454.5172685364","rd":"123.1120823442","sigma":"0","rptime":"1438419600","rpr":1395.4836130512,"rprd":110.67624144322,"rpsigma":"0","acre":1000,"lacre":1000,"oldacre":"1000"},"p2rating":{"entryid":"7268014","serverid":"eos","formatid":"monotype","userid":"trainechief","username":"Traine✘ Chief","w":15,"l":"10","t":"0","gxe":55.6,"r":"1528.3016149862","rd":"69.49252107079","sigma":"0","rptime":"1438419600","rpr":1542.9571160461,"rprd":65.412448499082,"rpsigma":"0","acre":1169.1269719262,"lacre":1169.1269719262,"oldacre":"1154.5691215661"},"endType":"normal"}