{"seed":[56941,33876,44504,60349],"turns":21,"p1":"DpxYT","p2":"MrNyanNyanz","p1team":[{"name":"Magnezone","species":"Magnezone","item":"airballoon","ability":"Analytic","moves":["thunderbolt","flashcannon","hiddenpowerflying","voltswitch"],"nature":"Modest","evs":{"hp":252,"atk":0,"def":0,"spa":252,"spd":4,"spe":0},"ivs":{"hp":30,"atk":30,"def":30,"spa":30,"spd":30,"spe":31}},{"name":"Lanturn","species":"Lanturn","item":"leftovers","ability":"Volt Absorb","moves":["thunderbolt","scald","protect","aquaring"],"nature":"Bold","evs":{"hp":252,"atk":0,"def":252,"spa":4,"spd":0,"spe":0},"ivs":{"hp":31,"atk":31,"def":31,"spa":31,"spd":31,"spe":31}},{"name":"Rotom-Heat","species":"Rotom-Heat","item":"leftovers","ability":"Levitate","moves":["confuseray","overheat","voltswitch","willowisp"],"nature":"Calm","evs":{"hp":252,"atk":0,"def":176,"spa":4,"spd":76,"spe":0},"ivs":{"hp":31,"atk":31,"def":31,"spa":31,"spd":31,"spe":31}},{"name":"Stunfisk","species":"Stunfisk","item":"choicespecs","ability":"Static","moves":["earthpower","thunderbolt","scald","sludgewave"],"nature":"Modest","evs":{"hp":248,"atk":0,"def":0,"spa":252,"spd":8,"spe":0},"ivs":{"hp":31,"atk":31,"def":31,"spa":31,"spd":31,"spe":31}},{"name":"Eelektross","species":"Eelektross","item":"lifeorb","ability":"Levitate","moves":["coil","crunch","drainpunch","thunderpunch"],"nature":"Adamant","evs":{"hp":248,"atk":252,"def":0,"spa":0,"spd":8,"spe":0},"ivs":{"hp":31,"atk":31,"def":31,"spa":31,"spd":31,"spe":31}},{"name":"Electivire","species":"Electivire","item":"expertbelt","ability":"Motor Drive","moves":["earthquake","poweruppunch","rockslide","thunderpunch"],"nature":"Adamant","evs":{"hp":0,"atk":252,"def":0,"spa":0,"spd":4,"spe":252},"ivs":{"hp":31,"atk":31,"def":31,"spa":31,"spd":31,"spe":31}}],"p2team":[{"name":"useless","species":"forretress","item":"custapberry","ability":"Sturdy","moves":["explosion","stealthrock","rapidspin","gyroball"],"nature":"Brave","evs":{"hp":248,"atk":252,"def":0,"spa":0,"spd":8,"spe":0},"ivs":{"hp":31,"atk":31,"def":31,"spa":31,"spd":31,"spe":0}},{"name":"YoMama","species":"pinsir","item":"pinsirite","ability":"Hyper Cutter","moves":["quickattack","return","earthquake","closecombat"],"nature":"Jolly","evs":{"hp":4,"atk":252,"def":0,"spa":0,"spd":0,"spe":252},"shiny":true,"ivs":{"hp":31,"atk":31,"def":31,"spa":31,"spd":31,"spe":31}},{"name":"Tech","species":"genesect","item":"choicescarf","ability":"Download","moves":["icebeam","flamethrower","ironhead","extremespeed"],"nature":"Hasty","evs":{"hp":0,"atk":128,"def":0,"spa":128,"spd":0,"spe":252},"shiny":true,"ivs":{"hp":31,"atk":31,"def":31,"spa":31,"spd":31,"spe":31}},{"name":"Vodka","species":"volcarona","item":"lumberry","ability":"Flame Body","moves":["quiverdance","hiddenpowerrock","roost","fierydance"],"nature":"Bold","evs":{"hp":252,"atk":0,"def":252,"spa":0,"spd":0,"spe":4},"ivs":{"hp":31,"atk":31,"def":30,"spa":31,"spd":30,"spe":30},"shiny":true},{"name":"Huh Speed boss","species":"scolipede","item":"focussash","ability":"Speed Boost","moves":["rockslide","poisonjab","protect","swordsdance"],"nature":"Adamant","evs":{"hp":0,"atk":252,"def":0,"spa":0,"spd":4,"spe":252},"shiny":true,"ivs":{"hp":31,"atk":31,"def":31,"spa":31,"spd":31,"spe":31}},{"name":"Pink","species":"heracross","item":"choicescarf","ability":"Moxie","moves":["stoneedge","closecombat","megahorn","earthquake"],"nature":"Jolly","evs":{"hp":0,"atk":252,"def":0,"spa":0,"spd":4,"spe":252},"shiny":true,"ivs":{"hp":31,"atk":31,"def":31,"spa":31,"spd":31,"spe":31}}],"log":["|player|p1|DpxYT|80","|player|p2|MrNyanNyanz|mrnyannyanz.png","|gametype|singles","|gen|6","|tier|Monotype","|rated","|rule|Baton Pass Clause: Limit one Baton Passer, can't pass Spe and other stats simultaneously","|rule|Swagger Clause: Swagger is banned","|rule|Same Type Clause: Pokémon in a team must share a type","|clearpoke","|poke|p1|Magnezone","|poke|p1|Lanturn, F","|poke|p1|Rotom-Heat","|poke|p1|Stunfisk, M","|poke|p1|Eelektross, M","|poke|p1|Electivire, M","|poke|p2|Forretress, F","|poke|p2|Pinsir, F, shiny","|poke|p2|Genesect-*, shiny","|poke|p2|Volcarona, M, shiny","|poke|p2|Scolipede, M, shiny","|poke|p2|Heracross, M, shiny","|rule|Sleep Clause Mod: Limit one foe put to sleep","|rule|Species Clause: Limit one of each Pokémon","|rule|OHKO Clause: OHKO moves are banned","|rule|Moody Clause: Moody is banned","|rule|Evasion Moves Clause: Evasion moves are banned","|rule|Endless Battle Clause: Forcing endless battles is banned","|rule|HP Percentage Mod: HP is shown in percentages","|teampreview","|","|start","|switch|p1a: Magnezone|Magnezone|343/343","|switch|p2a: useless|Forretress, F|353/353","|-item|p1a: Magnezone|Air Balloon","|turn|1","|","|move|p1a: Magnezone|Volt Switch|p2a: useless","|-damage|p2a: useless|152/353","|","|switch|p1a: Rotom-Heat|Rotom-Heat|304/304","|move|p2a: useless|Stealth Rock|p1a: Rotom-Heat","|-sidestart|p1: DpxYT|move: Stealth Rock","|","|turn|2","|","|move|p1a: Rotom-Heat|Overheat|p2a: useless|[miss]","|-miss|p1a: Rotom-Heat|p2a: useless","|move|p2a: useless|Explosion|p1a: Rotom-Heat","|-damage|p1a: Rotom-Heat|117/304","|faint|p2a: useless","|","|-heal|p1a: Rotom-Heat|136/304|[from] item: Leftovers","|","|switch|p2a: Huh Speed boss|Scolipede, M, shiny|261/261","|turn|3","|","|move|p2a: Huh Speed boss|Rock Slide|p1a: Rotom-Heat","|-miss|p2a: Huh Speed boss|p1a: Rotom-Heat","|move|p1a: Rotom-Heat|Confuse Ray|p2a: Huh Speed boss","|-start|p2a: Huh Speed boss|confusion","|","|-heal|p1a: Rotom-Heat|155/304|[from] item: Leftovers","|-boost|p2a: Huh Speed boss|spe|1|[from] ability: Speed Boost","|turn|4","|","|-activate|p2a: Huh Speed boss|confusion","|move|p2a: Huh Speed boss|Rock Slide|p1a: Rotom-Heat","|-supereffective|p1a: Rotom-Heat","|-damage|p1a: Rotom-Heat|33/304","|cant|p1a: Rotom-Heat|flinch","|","|-heal|p1a: Rotom-Heat|52/304|[from] item: Leftovers","|-boost|p2a: Huh Speed boss|spe|1|[from] ability: Speed Boost","|turn|5","|","|-activate|p2a: Huh Speed boss|confusion","|move|p2a: Huh Speed boss|Poison Jab|p1a: Rotom-Heat","|-damage|p1a: Rotom-Heat|0 fnt","|faint|p1a: Rotom-Heat","|","|-boost|p2a: Huh Speed boss|spe|1|[from] ability: Speed Boost","|","|switch|p1a: Electivire|Electivire, M|291/291","|-damage|p1a: Electivire|255/291|[from] Stealth Rock","|turn|6","|","|-end|p2a: Huh Speed boss|confusion","|move|p2a: Huh Speed boss|Poison Jab|p1a: Electivire","|-damage|p1a: Electivire|68/291","|-status|p1a: Electivire|psn","|move|p1a: Electivire|Rock Slide|p2a: Huh Speed boss","|-miss|p1a: Electivire|p2a: Huh Speed boss","|","|-damage|p1a: Electivire|32/291 psn|[from] psn","|-boost|p2a: Huh Speed boss|spe|1|[from] ability: Speed Boost","|turn|7","|","|move|p2a: Huh Speed boss|Poison Jab|p1a: Electivire","|-damage|p1a: Electivire|0 fnt","|faint|p1a: Electivire","|","|-boost|p2a: Huh Speed boss|spe|1|[from] ability: Speed Boost","|","|switch|p1a: Magnezone|Magnezone|343/343","|-damage|p1a: Magnezone|322/343|[from] Stealth Rock","|-item|p1a: Magnezone|Air Balloon","|turn|8","|","|move|p2a: Huh Speed boss|Rock Slide|p1a: Magnezone","|-crit|p1a: Magnezone","|-resisted|p1a: Magnezone","|-damage|p1a: Magnezone|263/343","|-enditem|p1a: Magnezone|Air Balloon","|move|p1a: Magnezone|Hidden Power|p2a: Huh Speed boss","|-supereffective|p2a: Huh Speed boss","|-enditem|p2a: Huh Speed boss|Focus Sash","|-damage|p2a: Huh Speed boss|1/261","|","|-boost|p2a: Huh Speed boss|spe|1|[from] ability: Speed Boost","|turn|9","|","|switch|p2a: Vodka|Volcarona, M, shiny|374/374","|move|p1a: Magnezone|Volt Switch|p2a: Vodka","|-damage|p2a: Vodka|188/374","|","|switch|p1a: Lanturn|Lanturn, F|454/454","|-damage|p1a: Lanturn|398/454|[from] Stealth Rock","|","|-heal|p1a: Lanturn|426/454|[from] item: Leftovers","|turn|10","|","|move|p2a: Vodka|Quiver Dance|p2a: Vodka","|-boost|p2a: Vodka|spa|1","|-boost|p2a: Vodka|spd|1","|-boost|p2a: Vodka|spe|1","|move|p1a: Lanturn|Scald|p2a: Vodka","|-supereffective|p2a: Vodka","|-damage|p2a: Vodka|98/374","|","|-heal|p1a: Lanturn|454/454|[from] item: Leftovers","|turn|11","|","|move|p2a: Vodka|Quiver Dance|p2a: Vodka","|-boost|p2a: Vodka|spa|1","|-boost|p2a: Vodka|spd|1","|-boost|p2a: Vodka|spe|1","|move|p1a: Lanturn|Scald|p2a: Vodka","|-crit|p2a: Vodka","|-supereffective|p2a: Vodka","|-damage|p2a: Vodka|0 fnt","|faint|p2a: Vodka","|","|","|switch|p2a: YoMama|Pinsir, F, shiny|272/272","|turn|12","|","|move|p2a: YoMama|Earthquake|p1a: Lanturn","|-supereffective|p1a: Lanturn","|-damage|p1a: Lanturn|240/454","|move|p1a: Lanturn|Thunderbolt|p2a: YoMama","|-damage|p2a: YoMama|164/272","|","|-heal|p1a: Lanturn|268/454|[from] item: Leftovers","|turn|13","|","|detailschange|p2a: YoMama|Pinsir-Mega, F, shiny","|-mega|p2a: YoMama|Pinsir|Pinsirite","|move|p2a: YoMama|Earthquake|p1a: Lanturn","|-supereffective|p1a: Lanturn","|-damage|p1a: Lanturn|4/454","|move|p1a: Lanturn|Scald|p2a: YoMama","|-damage|p2a: YoMama|88/272","|-status|p2a: YoMama|brn","|","|-heal|p1a: Lanturn|32/454|[from] item: Leftovers","|-damage|p2a: YoMama|54/272 brn|[from] brn","|turn|14","|","|move|p1a: Lanturn|Protect|p1a: Lanturn","|-singleturn|p1a: Lanturn|Protect","|move|p2a: YoMama|Close Combat|p1a: Lanturn","|-activate|p1a: Lanturn|Protect","|","|-heal|p1a: Lanturn|60/454|[from] item: Leftovers","|-damage|p2a: YoMama|20/272 brn|[from] brn","|turn|15","|","|switch|p1a: Eelektross|Eelektross, M|373/373","|-damage|p1a: Eelektross|327/373|[from] Stealth Rock","|move|p2a: YoMama|Close Combat|p1a: Eelektross","|-damage|p1a: Eelektross|224/373","|-unboost|p2a: YoMama|def|1","|-unboost|p2a: YoMama|spd|1","|","|-damage|p2a: YoMama|0 fnt|[from] brn","|faint|p2a: YoMama","|","|switch|p2a: Pink|Heracross, M, shiny|301/301","|turn|16","|","|move|p2a: Pink|Close Combat|p1a: Eelektross","|-damage|p1a: Eelektross|0 fnt","|-unboost|p2a: Pink|def|1","|-unboost|p2a: Pink|spd|1","|faint|p1a: Eelektross","|-boost|p2a: Pink|atk|1|[from] ability: Moxie","|","|","|switch|p1a: Lanturn|Lanturn, F|60/454","|-damage|p1a: Lanturn|4/454|[from] Stealth Rock","|turn|17","|","|move|p1a: Lanturn|Protect|p1a: Lanturn","|-singleturn|p1a: Lanturn|Protect","|move|p2a: Pink|Close Combat|p1a: Lanturn","|-activate|p1a: Lanturn|Protect","|","|-heal|p1a: Lanturn|32/454|[from] item: Leftovers","|turn|18","|","|move|p2a: Pink|Close Combat|p1a: Lanturn","|-damage|p1a: Lanturn|0 fnt","|-unboost|p2a: Pink|def|1","|-unboost|p2a: Pink|spd|1","|faint|p1a: Lanturn","|-boost|p2a: Pink|atk|1|[from] ability: Moxie","|","|","|switch|p1a: Stunfisk|Stunfisk, M|421/421","|-damage|p1a: Stunfisk|395/421|[from] Stealth Rock","|turn|19","|","|switch|p2a: Huh Speed boss|Scolipede, M, shiny|1/261","|move|p1a: Stunfisk|Earth Power|p2a: Huh Speed boss","|-damage|p2a: Huh Speed boss|0 fnt","|faint|p2a: Huh Speed boss","|","|","|switch|p2a: Pink|Heracross, M, shiny|301/301","|turn|20","|","|move|p2a: Pink|Earthquake|p1a: Stunfisk","|-crit|p1a: Stunfisk","|-supereffective|p1a: Stunfisk","|-damage|p1a: Stunfisk|0 fnt","|faint|p1a: Stunfisk","|-boost|p2a: Pink|atk|1|[from] ability: Moxie","|","|","|switch|p1a: Magnezone|Magnezone|263/343","|-damage|p1a: Magnezone|242/343|[from] Stealth Rock","|turn|21","|","|move|p2a: Pink|Earthquake|p1a: Magnezone","|-supereffective|p1a: Magnezone","|-damage|p1a: Magnezone|0 fnt","|faint|p1a: Magnezone","|-boost|p2a: Pink|atk|1|[from] ability: Moxie","|","|win|MrNyanNyanz"],"p1rating":{"entryid":"7278102","serverid":"eos","formatid":"monotype","userid":"dpxyt","username":"DpxYT","w":"1","l":5,"t":"0","gxe":37.6,"r":"1454.5172685364","rd":"123.1120823442","sigma":"0","rptime":"1438419600","rpr":1400.7275455108,"rprd":97.998176386723,"rpsigma":"0","acre":1034.2745049668,"lacre":1034.2745049668,"oldacre":"1049.7933525257"},"p2rating":{"entryid":"6703862","serverid":"eos","formatid":"monotype","userid":"mrnyannyanz","username":"MrNyanNyanz","w":21,"l":"18","t":"0","gxe":51,"r":"1506.9606390427","rd":"57.504566753378","sigma":"0","rptime":"1438419600","rpr":1507.5136337733,"rprd":56.21118149509,"rpsigma":"0","acre":1112.4510642663,"lacre":1112.4510642663,"oldacre":"1088.7417255878"},"endType":"normal"}