{"seed":[54297,30306,17477,8743],"turns":23,"p1":"Guard Wanderer","p2":"Emg Prof Volco","p1team":[{"name":"Weezing","species":"Weezing","item":"sitrusberry","ability":"Levitate","moves":["toxicspikes","willowisp","memento","thief"],"nature":"Careful","evs":{"hp":248,"atk":8,"def":0,"spa":0,"spd":252,"spe":0},"ivs":{"hp":31,"atk":31,"def":31,"spa":31,"spd":31,"spe":31}},{"name":"Tentacruel","species":"Tentacruel","item":"assaultvest","ability":"Liquid Ooze","moves":["scald","acidspray","gigadrain","hex"],"nature":"Timid","evs":{"hp":0,"atk":0,"def":4,"spa":252,"spd":0,"spe":252},"ivs":{"hp":31,"atk":31,"def":31,"spa":31,"spd":31,"spe":31}},{"name":"Skuntank","species":"Skuntank","item":"","ability":"Stench","moves":["snatch","thief","suckerpunch","poisonjab"],"nature":"Adamant","evs":{"hp":248,"atk":252,"def":0,"spa":0,"spd":8,"spe":0},"ivs":{"hp":31,"atk":31,"def":31,"spa":31,"spd":31,"spe":31}},{"name":"Crobat","species":"Crobat","item":"whiteherb","ability":"Infiltrator","moves":["curse","acrobatics","roost","superfang"],"nature":"Jolly","evs":{"hp":248,"atk":8,"def":0,"spa":0,"spd":0,"spe":252},"ivs":{"hp":31,"atk":31,"def":31,"spa":31,"spd":31,"spe":31}},{"name":"Gengar","species":"Gengar","item":"choicescarf","ability":"Levitate","moves":["trick","destinybond","venoshock","hex"],"nature":"Timid","evs":{"hp":0,"atk":0,"def":0,"spa":252,"spd":4,"spe":252},"ivs":{"hp":31,"atk":31,"def":31,"spa":31,"spd":31,"spe":31}},{"name":"Amoonguss","species":"Amoonguss","item":"blacksludge","ability":"Regenerator","moves":["spore","gigadrain","gastroacid","stunspore"],"nature":"Calm","evs":{"hp":248,"atk":0,"def":0,"spa":8,"spd":252,"spe":0},"shiny":true,"ivs":{"hp":31,"atk":31,"def":31,"spa":31,"spd":31,"spe":31}}],"p2team":[{"name":"Conkeldurr","species":"Conkeldurr","item":"assaultvest","ability":"Guts","moves":["machpunch","knockoff","drainpunch","icepunch"],"nature":"Adamant","evs":{"hp":248,"atk":252,"def":0,"spa":0,"spd":8,"spe":0},"gender":"M","shiny":true,"ivs":{"hp":31,"atk":31,"def":31,"spa":31,"spd":31,"spe":31}},{"name":"Infernape","species":"Infernape","item":"focussash","ability":"Blaze","moves":["vacuumwave","stealthrock","taunt","flamethrower"],"nature":"Timid","evs":{"hp":0,"atk":0,"def":0,"spa":252,"spd":4,"spe":252},"gender":"M","shiny":true,"ivs":{"hp":31,"atk":31,"def":31,"spa":31,"spd":31,"spe":31}},{"name":"Gallade","species":"Gallade","item":"galladite","ability":"Steadfast","moves":["swordsdance","drainpunch","shadowsneak","zenheadbutt"],"nature":"Jolly","evs":{"hp":0,"atk":252,"def":0,"spa":0,"spd":4,"spe":252},"shiny":true,"ivs":{"hp":31,"atk":31,"def":31,"spa":31,"spd":31,"spe":31}},{"name":"Heracross","species":"Heracross","item":"choicescarf","ability":"Moxie","moves":["closecombat","megahorn","earthquake","rockslide"],"nature":"Jolly","evs":{"hp":0,"atk":252,"def":0,"spa":0,"spd":0,"spe":252},"gender":"M","shiny":true,"ivs":{"hp":31,"atk":31,"def":31,"spa":31,"spd":31,"spe":31}},{"name":"Keldeo","species":"Keldeo","item":"choicescarf","ability":"Justified","moves":["secretsword","scald","hiddenpowerelectric","icywind"],"nature":"Timid","evs":{"hp":0,"atk":0,"def":0,"spa":252,"spd":4,"spe":252},"ivs":{"hp":31,"atk":31,"def":31,"spa":30,"spd":31,"spe":31}},{"name":"Breloom","species":"Breloom","item":"focussash","ability":"Technician","moves":["machpunch","spore","bulletseed","rocktomb"],"nature":"Adamant","evs":{"hp":0,"atk":252,"def":0,"spa":0,"spd":0,"spe":252},"gender":"M","shiny":true,"ivs":{"hp":31,"atk":31,"def":31,"spa":31,"spd":31,"spe":31}}],"log":["|player|p1|Guard Wanderer|235","|player|p2|Emg Prof Volco|162","|gametype|singles","|gen|6","|tier|Monotype","|rated","|rule|Baton Pass Clause: Limit one Baton Passer, can't pass Spe and other stats simultaneously","|rule|Swagger Clause: Swagger is banned","|rule|Same Type Clause: Pokémon in a team must share a type","|clearpoke","|poke|p1|Weezing, F","|poke|p1|Tentacruel, M","|poke|p1|Skuntank, F","|poke|p1|Crobat, M","|poke|p1|Gengar, F","|poke|p1|Amoonguss, F, shiny","|poke|p2|Conkeldurr, M, shiny","|poke|p2|Infernape, M, shiny","|poke|p2|Gallade, M, shiny","|poke|p2|Heracross, M, shiny","|poke|p2|Keldeo","|poke|p2|Breloom, M, shiny","|rule|Sleep Clause Mod: Limit one foe put to sleep","|rule|Species Clause: Limit one of each Pokémon","|rule|OHKO Clause: OHKO moves are banned","|rule|Moody Clause: Moody is banned","|rule|Evasion Moves Clause: Evasion moves are banned","|rule|Endless Battle Clause: Forcing endless battles is banned","|rule|HP Percentage Mod: HP is shown in percentages","|teampreview","|","|start","|switch|p1a: Weezing|Weezing, F|333/333","|switch|p2a: Infernape|Infernape, M, shiny|293/293","|turn|1","|","|move|p2a: Infernape|Taunt|p1a: Weezing","|-start|p1a: Weezing|move: Taunt","|cant|p1a: Weezing|move: Taunt|Toxic Spikes","|","|turn|2","|","|switch|p1a: Crobat|Crobat, M|373/373","|move|p2a: Infernape|Stealth Rock|p1a: Crobat","|-sidestart|p1: Guard Wanderer|move: Stealth Rock","|","|turn|3","|","|move|p1a: Crobat|Curse|p1a: Crobat","|-boost|p1a: Crobat|atk|1","|-boost|p1a: Crobat|def|1","|-unboost|p1a: Crobat|spe|1","|-enditem|p1a: Crobat|White Herb","|-restoreboost|p1a: Crobat|[silent]","|move|p2a: Infernape|Taunt|p1a: Crobat","|-start|p1a: Crobat|move: Taunt","|","|turn|4","|","|move|p1a: Crobat|Acrobatics|p2a: Infernape","|-supereffective|p2a: Infernape","|-enditem|p2a: Infernape|Focus Sash","|-damage|p2a: Infernape|1/293","|move|p2a: Infernape|Flamethrower|p1a: Crobat","|-damage|p1a: Crobat|144/373","|","|turn|5","|","|move|p2a: Infernape|Vacuum Wave|p1a: Crobat","|-resisted|p1a: Crobat","|-damage|p1a: Crobat|128/373","|move|p1a: Crobat|Acrobatics|p2a: Infernape","|-supereffective|p2a: Infernape","|-damage|p2a: Infernape|0 fnt","|faint|p2a: Infernape","|","|","|switch|p2a: Keldeo|Keldeo|323/323","|turn|6","|","|move|p2a: Keldeo|Scald|p1a: Crobat","|-damage|p1a: Crobat|0 fnt","|faint|p1a: Crobat","|","|","|switch|p1a: Weezing|Weezing, F|333/333","|-damage|p1a: Weezing|292/333|[from] Stealth Rock","|turn|7","|","|move|p2a: Keldeo|Scald|p1a: Weezing","|-crit|p1a: Weezing","|-damage|p1a: Weezing|105/333","|-enditem|p1a: Weezing|Sitrus Berry|[eat]","|-heal|p1a: Weezing|188/333|[from] item: Sitrus Berry","|move|p1a: Weezing|Toxic Spikes|p2a: Keldeo","|-sidestart|p2: Emg Prof Volco|move: Toxic Spikes","|","|turn|8","|","|move|p2a: Keldeo|Scald|p1a: Weezing","|-damage|p1a: Weezing|55/333","|move|p1a: Weezing|Toxic Spikes|p2a: Keldeo","|-sidestart|p2: Emg Prof Volco|move: Toxic Spikes","|","|turn|9","|","|switch|p1a: Tentacruel|Tentacruel, M|301/301","|-damage|p1a: Tentacruel|264/301|[from] Stealth Rock","|move|p2a: Keldeo|Scald|p1a: Tentacruel","|-resisted|p1a: Tentacruel","|-damage|p1a: Tentacruel|223/301","|-status|p1a: Tentacruel|brn","|","|-damage|p1a: Tentacruel|186/301 brn|[from] brn","|turn|10","|","|switch|p2a: Conkeldurr|Conkeldurr, M, shiny|413/413","|-status|p2a: Conkeldurr|tox","|move|p1a: Tentacruel|Acid Spray|p2a: Conkeldurr","|-damage|p2a: Conkeldurr|368/413 tox","|-unboost|p2a: Conkeldurr|spd|2","|","|-damage|p1a: Tentacruel|149/301 brn|[from] brn","|-damage|p2a: Conkeldurr|343/413 tox|[from] psn","|turn|11","|","|switch|p2a: Keldeo|Keldeo|323/323","|-status|p2a: Keldeo|tox","|move|p1a: Tentacruel|Scald|p2a: Keldeo","|-resisted|p2a: Keldeo","|-damage|p2a: Keldeo|267/323 tox","|","|-damage|p2a: Keldeo|247/323 tox|[from] psn","|-damage|p1a: Tentacruel|112/301 brn|[from] brn","|turn|12","|","|move|p2a: Keldeo|Hidden Power|p1a: Tentacruel","|-supereffective|p1a: Tentacruel","|-damage|p1a: Tentacruel|30/301 brn","|move|p1a: Tentacruel|Hex|p2a: Keldeo","|-damage|p2a: Keldeo|119/323 tox","|","|-damage|p2a: Keldeo|79/323 tox|[from] psn","|-damage|p1a: Tentacruel|0 fnt|[from] brn","|faint|p1a: Tentacruel","|","|switch|p1a: Amoonguss|Amoonguss, F, shiny|431/431","|-damage|p1a: Amoonguss|378/431|[from] Stealth Rock","|turn|13","|","|move|p2a: Keldeo|Hidden Power|p1a: Amoonguss","|-resisted|p1a: Amoonguss","|-damage|p1a: Amoonguss|347/431","|move|p1a: Amoonguss|Giga Drain|p2a: Keldeo","|-supereffective|p2a: Keldeo","|-damage|p2a: Keldeo|0 fnt","|-heal|p1a: Amoonguss|387/431|[from] drain|[of] p2a: Keldeo","|faint|p2a: Keldeo","|","|-heal|p1a: Amoonguss|413/431|[from] item: Black Sludge","|","|switch|p2a: Gallade|Gallade, M, shiny|277/277","|-status|p2a: Gallade|tox","|turn|14","|","|detailschange|p2a: Gallade|Gallade-Mega, M, shiny","|-mega|p2a: Gallade|Gallade|Galladite","|move|p2a: Gallade|Zen Headbutt|p1a: Amoonguss","|-supereffective|p1a: Amoonguss","|-damage|p1a: Amoonguss|0 fnt","|faint|p1a: Amoonguss","|","|-damage|p2a: Gallade|260/277 tox|[from] psn","|","|switch|p1a: Gengar|Gengar, F|261/261","|-damage|p1a: Gengar|229/261|[from] Stealth Rock","|turn|15","|","|move|p1a: Gengar|Hex|p2a: Gallade","|-supereffective|p2a: Gallade","|-damage|p2a: Gallade|0 fnt","|faint|p2a: Gallade","|","|","|switch|p2a: Breloom|Breloom, M, shiny|261/261","|-status|p2a: Breloom|tox","|turn|16","|","|switch|p1a: Weezing|Weezing, F|55/333","|-damage|p1a: Weezing|14/333|[from] Stealth Rock","|move|p2a: Breloom|Spore|p1a: Weezing","|-status|p1a: Weezing|slp","|","|-damage|p2a: Breloom|245/261 tox|[from] psn","|turn|17","|","|move|p2a: Breloom|Rock Tomb|p1a: Weezing","|-damage|p1a: Weezing|0 fnt","|faint|p1a: Weezing","|","|-damage|p2a: Breloom|213/261 tox|[from] psn","|","|switch|p1a: Gengar|Gengar, F|229/261","|-damage|p1a: Gengar|197/261|[from] Stealth Rock","|turn|18","|","|move|p1a: Gengar|Hex|p2a: Breloom","|-crit|p2a: Breloom","|-damage|p2a: Breloom|0 fnt","|faint|p2a: Breloom","|","|","|switch|p2a: Conkeldurr|Conkeldurr, M, shiny|343/413 tox","|turn|19","|","|switch|p1a: Skuntank|Skuntank, F|409/409","|-damage|p1a: Skuntank|358/409|[from] Stealth Rock","|move|p2a: Conkeldurr|Knock Off|p1a: Skuntank","|-resisted|p1a: Skuntank","|-damage|p1a: Skuntank|273/409","|","|-damage|p2a: Conkeldurr|318/413 tox|[from] psn","|turn|20","|","|move|p1a: Skuntank|Thief|p2a: Conkeldurr","|-crit|p2a: Conkeldurr","|-resisted|p2a: Conkeldurr","|-damage|p2a: Conkeldurr|242/413 tox","|-item|p1a: Skuntank|Assault Vest|[from] move: Thief|[of] p2a: Conkeldurr","|move|p2a: Conkeldurr|Drain Punch|p1a: Skuntank","|-damage|p1a: Skuntank|0 fnt","|-heal|p2a: Conkeldurr|379/413 tox|[from] drain|[of] p1a: Skuntank","|faint|p1a: Skuntank","|","|-damage|p2a: Conkeldurr|329/413 tox|[from] psn","|","|switch|p1a: Gengar|Gengar, F|197/261","|-damage|p1a: Gengar|165/261|[from] Stealth Rock","|turn|21","|","|move|p1a: Gengar|Hex|p2a: Conkeldurr","|-damage|p2a: Conkeldurr|0 fnt","|faint|p2a: Conkeldurr","|","|","|switch|p2a: Heracross|Heracross, M, shiny|301/301","|-status|p2a: Heracross|tox","|turn|22","|","|move|p1a: Gengar|Hex|p2a: Heracross","|-damage|p2a: Heracross|73/301 tox","|move|p2a: Heracross|Rock Slide|p1a: Gengar","|-damage|p1a: Gengar|28/261","|","|-damage|p2a: Heracross|55/301 tox|[from] psn","|turn|23","|","|move|p1a: Gengar|Hex|p2a: Heracross","|-damage|p2a: Heracross|0 fnt","|faint|p2a: Heracross","|","|win|Guard Wanderer"],"p1rating":{"entryid":"6731189","serverid":"eos","formatid":"monotype","userid":"guardwanderer","username":"Guard Wanderer","w":70,"l":"97","t":"0","gxe":39.9,"r":"1419.3229163761","rd":"31.120178144835","sigma":"0","rptime":"1438419600","rpr":1422.4277924613,"rprd":30.503822731145,"rpsigma":"0","acre":1122.4047861178,"lacre":1122.4047861178,"oldacre":"1104.7197965184"},"p2rating":{"entryid":7320846,"formatid":"monotype","userid":"emgprofvolco","username":"Emg Prof Volco","r":1500,"rd":130,"sigma":0,"rpr":1447.5055793466,"rprd":122.21247953526,"rpsigma":0,"rptime":1438419600,"w":0,"l":1,"t":0,"gxe":43.5,"acre":1000,"lacre":1000,"oldacre":1000},"endType":"normal"}