{"seed":[9395,50170,41461,34681],"turns":25,"p1":"Marx-Bot","p2":"V Deuce","p1team":[{"name":"Darude Hailstorm","species":"abomasnow","item":"focussash","ability":"Snow Warning","moves":["blizzard","gigadrain","iceshard","shadowball"],"nature":"Mild","evs":{"hp":248,"atk":8,"def":0,"spa":252,"spd":0,"spe":0},"gender":"M","shiny":true,"ivs":{"hp":31,"atk":31,"def":31,"spa":31,"spd":31,"spe":31}},{"name":"Froslass","species":"Froslass","item":"focussash","ability":"Cursed Body","moves":["destinybond","icebeam","taunt","shadowball"],"nature":"Timid","evs":{"hp":0,"atk":0,"def":0,"spa":252,"spd":4,"spe":252},"ivs":{"hp":31,"atk":31,"def":31,"spa":31,"spd":31,"spe":31}},{"name":"Ice Age","species":"mamoswine","item":"choicescarf","ability":"Thick Fat","moves":["superpower","earthquake","iciclecrash","stoneedge"],"nature":"Jolly","evs":{"hp":0,"atk":252,"def":0,"spa":0,"spd":4,"spe":252},"gender":"M","shiny":true,"ivs":{"hp":31,"atk":31,"def":31,"spa":31,"spd":31,"spe":31}},{"name":"The Titanic","species":"avalugg","item":"rockyhelmet","ability":"Sturdy","moves":["rapidspin","toxic","recover","avalanche"],"nature":"Bold","evs":{"hp":248,"atk":0,"def":252,"spa":0,"spd":8,"spe":0},"gender":"M","shiny":true,"ivs":{"hp":31,"atk":31,"def":31,"spa":31,"spd":31,"spe":31}},{"name":"Kyurem-Black","species":"Kyurem-Black","item":"muscleband","ability":"Teravolt","moves":["fusionbolt","outrage","icebeam","shadowclaw"],"nature":"Naughty","evs":{"hp":248,"atk":252,"def":0,"spa":8,"spd":0,"spe":0},"ivs":{"hp":31,"atk":31,"def":31,"spa":31,"spd":31,"spe":31}},{"name":"King Kold","species":"rotomfrost","item":"leftovers","ability":"Levitate","moves":["discharge","willowisp","painsplit","charge"],"nature":"Calm","evs":{"hp":248,"atk":0,"def":0,"spa":252,"spd":8,"spe":0},"shiny":true,"ivs":{"hp":31,"atk":31,"def":31,"spa":31,"spd":31,"spe":31}}],"p2team":[{"name":"Aegislash","species":"Aegislash","item":"weaknesspolicy","ability":"Stance Change","moves":["kingsshield","swordsdance","shadowsneak","sacredsword"],"nature":"Adamant","evs":{"hp":208,"atk":252,"def":40,"spa":0,"spd":8,"spe":0},"gender":"M","ivs":{"hp":31,"atk":31,"def":31,"spa":31,"spd":31,"spe":0},"shiny":true},{"name":"Gengar","species":"Gengar","item":"focussash","ability":"Levitate","moves":["sludgewave","focusblast","shadowball","destinybond"],"nature":"Timid","evs":{"hp":0,"atk":0,"def":0,"spa":252,"spd":4,"spe":252},"gender":"M","shiny":true,"ivs":{"hp":31,"atk":31,"def":31,"spa":31,"spd":31,"spe":31}},{"name":"Jellicent","species":"Jellicent","item":"leftovers","ability":"Cursed Body","moves":["toxic","acidarmor","scald","recover"],"nature":"Calm","evs":{"hp":252,"atk":0,"def":4,"spa":0,"spd":252,"spe":0},"gender":"M","shiny":true,"ivs":{"hp":31,"atk":31,"def":31,"spa":31,"spd":31,"spe":31}},{"name":"Chandelure","species":"Chandelure","item":"choicescarf","ability":"Infiltrator","moves":["fireblast","energyball","darkpulse","shadowball"],"nature":"Modest","evs":{"hp":4,"atk":0,"def":0,"spa":252,"spd":0,"spe":252},"gender":"M","shiny":true,"ivs":{"hp":31,"atk":31,"def":31,"spa":31,"spd":31,"spe":31}},{"name":"Sableye","species":"Sableye","item":"sablenite","ability":"Prankster","moves":["calmmind","snarl","recover","willowisp"],"nature":"Bold","evs":{"hp":252,"atk":0,"def":252,"spa":0,"spd":4,"spe":0},"gender":"M","shiny":true,"ivs":{"hp":31,"atk":31,"def":31,"spa":31,"spd":31,"spe":31}},{"name":"Mismagius","species":"Mismagius","item":"focussash","ability":"Levitate","moves":["taunt","curse","shadowball","healbell"],"nature":"Timid","evs":{"hp":252,"atk":0,"def":40,"spa":0,"spd":0,"spe":216},"gender":"F","ivs":{"hp":31,"atk":31,"def":31,"spa":31,"spd":31,"spe":0},"shiny":true}],"log":["|player|p1|Marx-Bot|238","|player|p2|V Deuce|deucez.gif","|gametype|singles","|gen|6","|tier|Monotype","|rated","|rule|Baton Pass Clause: Limit one Baton Passer, can't pass Spe and other stats simultaneously","|rule|Swagger Clause: Swagger is banned","|rule|Same Type Clause: Pokémon in a team must share a type","|clearpoke","|poke|p1|Abomasnow, M, shiny","|poke|p1|Froslass, F","|poke|p1|Mamoswine, M, shiny","|poke|p1|Avalugg, M, shiny","|poke|p1|Kyurem-Black","|poke|p1|Rotom-Frost, shiny","|poke|p2|Aegislash, M, shiny","|poke|p2|Gengar, M, shiny","|poke|p2|Jellicent, M, shiny","|poke|p2|Chandelure, M, shiny","|poke|p2|Sableye, M, shiny","|poke|p2|Mismagius, F, shiny","|rule|Sleep Clause Mod: Limit one foe put to sleep","|rule|Species Clause: Limit one of each Pokémon","|rule|OHKO Clause: OHKO moves are banned","|rule|Moody Clause: Moody is banned","|rule|Evasion Moves Clause: Evasion moves are banned","|rule|Endless Battle Clause: Forcing endless battles is banned","|rule|HP Percentage Mod: HP is shown in percentages","|teampreview","|","|start","|switch|p1a: King Kold|Rotom-Frost, shiny|303/303","|switch|p2a: Mismagius|Mismagius, F, shiny|324/324","|turn|1","|","|move|p2a: Mismagius|Taunt|p1a: King Kold","|-start|p1a: King Kold|move: Taunt","|cant|p1a: King Kold|move: Taunt|Charge","|","|turn|2","|","|switch|p2a: Gengar|Gengar, M, shiny|261/261","|move|p1a: King Kold|Discharge|p2a: Gengar","|-damage|p2a: Gengar|110/261","|-status|p2a: Gengar|par","|","|turn|3","|","|move|p1a: King Kold|Discharge|p2a: Gengar","|-damage|p2a: Gengar|0 fnt","|faint|p2a: Gengar","|","|-end|p1a: King Kold|move: Taunt","|","|switch|p2a: Aegislash|Aegislash, M, shiny|313/313","|turn|4","|","|switch|p1a: Froslass|Froslass, F|281/281","|move|p2a: Aegislash|Swords Dance|p2a: Aegislash","|-boost|p2a: Aegislash|atk|2","|","|turn|5","|","|-formechange|p2a: Aegislash|Aegislash-Blade","|move|p2a: Aegislash|Shadow Sneak|p1a: Froslass","|-supereffective|p1a: Froslass","|-enditem|p1a: Froslass|Focus Sash","|-damage|p1a: Froslass|1/281","|-start|p2a: Aegislash|Disable|Shadow Sneak","|move|p1a: Froslass|Taunt|p2a: Aegislash","|-start|p2a: Aegislash|move: Taunt","|","|turn|6","|","|move|p1a: Froslass|Destiny Bond|p1a: Froslass","|-singlemove|p1a: Froslass|Destiny Bond","|move|p2a: Aegislash|Sacred Sword|p1a: Froslass","|-immune|p1a: Froslass|[msg]","|","|turn|7","|","|move|p1a: Froslass|Shadow Ball|p2a: Aegislash","|-supereffective|p2a: Aegislash","|-damage|p2a: Aegislash|0 fnt","|faint|p2a: Aegislash","|","|","|switch|p2a: Sableye|Sableye, M, shiny|304/304","|turn|8","|","|move|p2a: Sableye|Will-O-Wisp|p1a: Froslass","|-status|p1a: Froslass|brn","|move|p1a: Froslass|Ice Beam|p2a: Sableye","|-damage|p2a: Sableye|138/304","|","|-damage|p1a: Froslass|0 fnt|[from] brn","|faint|p1a: Froslass","|","|switch|p1a: King Kold|Rotom-Frost, shiny|303/303","|turn|9","|","|detailschange|p2a: Sableye|Sableye-Mega, M, shiny","|-mega|p2a: Sableye|Sableye|Sablenite","|move|p2a: Sableye|Recover|p2a: Sableye","|-heal|p2a: Sableye|290/304","|move|p1a: King Kold|Discharge|p2a: Sableye","|-damage|p2a: Sableye|188/304","|","|turn|10","|","|move|p1a: King Kold|Charge|p1a: King Kold","|-boost|p1a: King Kold|spd|1","|-activate|p1a: King Kold|move: Charge","|move|p2a: Sableye|Snarl|p1a: King Kold","|-damage|p1a: King Kold|270/303","|-unboost|p1a: King Kold|spa|1","|","|-heal|p1a: King Kold|288/303|[from] item: Leftovers","|turn|11","|","|move|p1a: King Kold|Discharge|p2a: Sableye","|-crit|p2a: Sableye","|-damage|p2a: Sableye|0 fnt","|faint|p2a: Sableye","|","|-heal|p1a: King Kold|303/303|[from] item: Leftovers","|","|switch|p2a: Chandelure|Chandelure, M, shiny|262/262","|turn|12","|","|move|p2a: Chandelure|Fire Blast|p1a: King Kold|[miss]","|-miss|p2a: Chandelure|p1a: King Kold","|move|p1a: King Kold|Charge|p1a: King Kold","|-boost|p1a: King Kold|spd|1","|-activate|p1a: King Kold|move: Charge","|","|turn|13","|","|move|p2a: Chandelure|Fire Blast|p1a: King Kold","|-supereffective|p1a: King Kold","|-damage|p1a: King Kold|99/303","|move|p1a: King Kold|Discharge|p2a: Chandelure","|-damage|p2a: Chandelure|70/262","|","|-heal|p1a: King Kold|117/303|[from] item: Leftovers","|turn|14","|","|move|p2a: Chandelure|Fire Blast|p1a: King Kold","|-supereffective|p1a: King Kold","|-damage|p1a: King Kold|0 fnt","|faint|p1a: King Kold","|","|","|switch|p1a: Ice Age|Mamoswine, M, shiny|361/361","|turn|15","|","|move|p1a: Ice Age|Stone Edge|p2a: Chandelure","|-supereffective|p2a: Chandelure","|-damage|p2a: Chandelure|0 fnt","|faint|p2a: Chandelure","|","|","|switch|p2a: Jellicent|Jellicent, M, shiny|404/404","|turn|16","|","|move|p1a: Ice Age|Stone Edge|p2a: Jellicent|[miss]","|-miss|p1a: Ice Age|p2a: Jellicent","|move|p2a: Jellicent|Acid Armor|p2a: Jellicent","|-boost|p2a: Jellicent|def|2","|","|turn|17","|","|move|p1a: Ice Age|Stone Edge|p2a: Jellicent","|-crit|p2a: Jellicent","|-damage|p2a: Jellicent|167/404","|-start|p1a: Ice Age|Disable|Stone Edge","|move|p2a: Jellicent|Acid Armor|p2a: Jellicent","|-boost|p2a: Jellicent|def|2","|","|-heal|p2a: Jellicent|192/404|[from] item: Leftovers","|turn|18","|","|switch|p1a: The Titanic|Avalugg, M, shiny|393/393","|move|p2a: Jellicent|Recover|p2a: Jellicent","|-heal|p2a: Jellicent|394/404","|","|-heal|p2a: Jellicent|404/404|[from] item: Leftovers","|turn|19","|","|move|p2a: Jellicent|Toxic|p1a: The Titanic","|-status|p1a: The Titanic|tox","|move|p1a: The Titanic|Toxic|p2a: Jellicent","|-status|p2a: Jellicent|tox","|","|-damage|p2a: Jellicent|379/404 tox|[from] psn","|-damage|p1a: The Titanic|369/393 tox|[from] psn","|turn|20","|","|switch|p1a: Darude Hailstorm|Abomasnow, M, shiny|383/383","|-weather|Hail","|move|p2a: Jellicent|Acid Armor|p2a: Jellicent","|-boost|p2a: Jellicent|def|2","|","|-weather|Hail|[upkeep]","|-damage|p2a: Jellicent|354/404 tox|[from] hail","|-heal|p2a: Jellicent|379/404 tox|[from] item: Leftovers","|-damage|p2a: Jellicent|329/404 tox|[from] psn","|turn|21","|","|switch|p2a: Mismagius|Mismagius, F, shiny|324/324","|move|p1a: Darude Hailstorm|Giga Drain|p2a: Mismagius","|-damage|p2a: Mismagius|219/324","|","|-weather|Hail|[upkeep]","|-damage|p2a: Mismagius|199/324|[from] hail","|turn|22","|","|move|p2a: Mismagius|Heal Bell|p2a: Mismagius","|-cureteam|p2a: Mismagius|[from] move: HealBell","|move|p1a: Darude Hailstorm|Shadow Ball|p2a: Mismagius","|-supereffective|p2a: Mismagius","|-damage|p2a: Mismagius|43/324","|","|-weather|Hail|[upkeep]","|-damage|p2a: Mismagius|23/324|[from] hail","|turn|23","|","|move|p1a: Darude Hailstorm|Ice Shard|p2a: Mismagius","|-damage|p2a: Mismagius|0 fnt","|faint|p2a: Mismagius","|","|-weather|Hail|[upkeep]","|","|switch|p2a: Jellicent|Jellicent, M, shiny|329/404","|turn|24","|","|move|p1a: Darude Hailstorm|Giga Drain|p2a: Jellicent","|-crit|p2a: Jellicent","|-supereffective|p2a: Jellicent","|-damage|p2a: Jellicent|83/404","|move|p2a: Jellicent|Scald|p1a: Darude Hailstorm","|-resisted|p1a: Darude Hailstorm","|-damage|p1a: Darude Hailstorm|339/383","|","|-weather|none","|-heal|p2a: Jellicent|108/404|[from] item: Leftovers","|turn|25","|","|move|p1a: Darude Hailstorm|Giga Drain|p2a: Jellicent","|-supereffective|p2a: Jellicent","|-damage|p2a: Jellicent|0 fnt","|-heal|p1a: Darude Hailstorm|383/383|[from] drain|[of] p2a: Jellicent","|-start|p1a: Darude Hailstorm|Disable|Giga Drain","|faint|p2a: Jellicent","|","|win|Marx-Bot"],"p1rating":{"entryid":"5765428","serverid":"eos","formatid":"monotype","userid":"marxbot","username":"Marx Bot","w":195,"l":"287","t":"0","gxe":41.7,"r":1434.8210524771,"rd":25,"sigma":"0","rptime":1438419600,"rpr":1436.7611678985,"rprd":25,"rpsigma":"0","acre":1112.3250811129,"lacre":1112.3250811129,"oldacre":"1093.1051105905"},"p2rating":{"entryid":"7309857","serverid":"eos","formatid":"monotype","userid":"vdeuce","username":"V Deuce","w":"0","l":2,"t":"0","gxe":41.1,"r":1471.4573363761,"rd":122.77809361812,"sigma":"0","rptime":1438419600,"rpr":1428.8026689195,"rprd":115.8762389779,"rpsigma":"0","acre":1000,"lacre":1000,"oldacre":"1000"},"endType":"normal"}