{"seed":[31130,52555,47186,52815],"turns":27,"p1":"Alliance-C-Control","p2":"log.history","p1team":[{"name":"Medicham","species":"Medicham","item":"leftovers","ability":"Pure Power","moves":["batonpass","drainpunch","substitute","acupressure"],"nature":"Jolly","evs":{"hp":248,"atk":8,"def":0,"spa":0,"spd":0,"spe":252},"ivs":{"hp":31,"atk":31,"def":31,"spa":31,"spd":31,"spe":31}},{"name":"Heracross","species":"Heracross","item":"heracronite","ability":"Moxie","moves":["bulletseed","closecombat","rockblast","pinmissile"],"nature":"Adamant","evs":{"hp":248,"atk":252,"def":0,"spa":0,"spd":8,"spe":0},"ivs":{"hp":31,"atk":31,"def":31,"spa":31,"spd":31,"spe":31}},{"name":"Chesnaught","species":"Chesnaught","item":"sitrusberry","ability":"Bulletproof","moves":["drainpunch","ironhead","earthquake","bellydrum"],"nature":"Adamant","evs":{"hp":252,"atk":252,"def":0,"spa":0,"spd":4,"spe":0},"ivs":{"hp":31,"atk":31,"def":31,"spa":31,"spd":31,"spe":31}},{"name":"Gallade","species":"Gallade","item":"galladite","ability":"Steadfast","moves":["drainpunch","psychocut","icepunch","knockoff"],"nature":"Adamant","evs":{"hp":248,"atk":252,"def":0,"spa":0,"spd":8,"spe":0},"ivs":{"hp":31,"atk":31,"def":31,"spa":31,"spd":31,"spe":31}},{"name":"Infernape","species":"Infernape","item":"focussash","ability":"Iron Fist","moves":["closecombat","flareblitz","machpunch","endeavor"],"nature":"Jolly","evs":{"hp":0,"atk":252,"def":0,"spa":0,"spd":4,"spe":252},"ivs":{"hp":31,"atk":31,"def":31,"spa":31,"spd":31,"spe":31}},{"name":"Cobalion","species":"Cobalion","item":"leftovers","ability":"Justified","moves":["flashcannon","stealthrock","thunderwave","voltswitch"],"nature":"Timid","evs":{"hp":0,"atk":0,"def":0,"spa":252,"spd":4,"spe":252},"ivs":{"hp":31,"atk":31,"def":31,"spa":31,"spd":31,"spe":31}}],"p2team":[{"name":"Tyranitar","species":"Tyranitar","item":"assaultvest","ability":"Sand Stream","moves":["fireblast","icebeam","stoneedge","pursuit"],"nature":"Modest","evs":{"hp":252,"atk":0,"def":0,"spa":160,"spd":96,"spe":0},"ivs":{"hp":31,"atk":31,"def":31,"spa":31,"spd":31,"spe":31}},{"name":"Aggron","species":"Aggron","item":"aggronite","ability":"Sturdy","moves":["thunderwave","heavyslam","firepunch","earthquake"],"nature":"Impish","evs":{"hp":252,"atk":0,"def":220,"spa":0,"spd":36,"spe":0},"ivs":{"hp":31,"atk":31,"def":31,"spa":31,"spd":31,"spe":31}},{"name":"Terrakion","species":"Terrakion","item":"choicescarf","ability":"Justified","moves":["closecombat","earthquake","zenheadbutt","stoneedge"],"nature":"Adamant","evs":{"hp":0,"atk":252,"def":0,"spa":0,"spd":0,"spe":252},"ivs":{"hp":31,"atk":31,"def":31,"spa":31,"spd":31,"spe":31}},{"name":"Aerodactyl","species":"Aerodactyl","item":"lumberry","ability":"Rock Head","moves":["earthquake","stoneedge","taunt","defog"],"nature":"Adamant","evs":{"hp":0,"atk":252,"def":0,"spa":0,"spd":0,"spe":252},"ivs":{"hp":31,"atk":31,"def":31,"spa":31,"spd":31,"spe":31}},{"name":"Cradily","species":"Cradily","item":"leftovers","ability":"Storm Drain","moves":["gigadrain","hiddenpowerfire","stockpile","rest"],"nature":"Calm","evs":{"hp":252,"atk":0,"def":0,"spa":4,"spd":252,"spe":0},"ivs":{"hp":31,"atk":30,"def":31,"spa":30,"spd":31,"spe":30}},{"name":"Omastar","species":"Omastar","item":"focussash","ability":"Weak Armor","moves":["hiddenpowergrass","surf","shellsmash","icebeam"],"nature":"Modest","evs":{"hp":0,"atk":0,"def":0,"spa":252,"spd":0,"spe":252},"ivs":{"hp":31,"atk":30,"def":31,"spa":30,"spd":31,"spe":31}}],"log":["|player|p1|Alliance-C-Control|190","|player|p2|log.history|196","|gametype|singles","|gen|6","|tier|Monotype","|rated","|rule|Baton Pass Clause: Limit one Baton Passer, can't pass Spe and other stats simultaneously","|rule|Swagger Clause: Swagger is banned","|rule|Same Type Clause: Pokémon in a team must share a type","|clearpoke","|poke|p1|Medicham, M","|poke|p1|Heracross, F","|poke|p1|Chesnaught, M","|poke|p1|Gallade, M","|poke|p1|Infernape, F","|poke|p1|Cobalion","|poke|p2|Tyranitar, F","|poke|p2|Aggron, M","|poke|p2|Terrakion","|poke|p2|Aerodactyl, F","|poke|p2|Cradily, F","|poke|p2|Omastar, F","|rule|Sleep Clause Mod: Limit one foe put to sleep","|rule|Species Clause: Limit one of each Pokémon","|rule|OHKO Clause: OHKO moves are banned","|rule|Moody Clause: Moody is banned","|rule|Evasion Moves Clause: Evasion moves are banned","|rule|Endless Battle Clause: Forcing endless battles is banned","|rule|HP Percentage Mod: HP is shown in percentages","|teampreview","|","|start","|switch|p1a: Medicham|Medicham, M|323/323","|switch|p2a: Tyranitar|Tyranitar, F|404/404","|-weather|Sandstorm","|turn|1","|","|switch|p2a: Aerodactyl|Aerodactyl, F|301/301","|move|p1a: Medicham|Substitute|p1a: Medicham","|-start|p1a: Medicham|Substitute","|-damage|p1a: Medicham|243/323","|","|-weather|Sandstorm|[upkeep]","|-damage|p1a: Medicham|223/323|[from] sandstorm","|-heal|p1a: Medicham|243/323|[from] item: Leftovers","|turn|2","|","|move|p2a: Aerodactyl|Earthquake|p1a: Medicham","|-end|p1a: Medicham|Substitute","|move|p1a: Medicham|Acupressure|p1a: Medicham","|-boost|p1a: Medicham|spe|2","|","|-weather|Sandstorm|[upkeep]","|-damage|p1a: Medicham|223/323|[from] sandstorm","|-heal|p1a: Medicham|243/323|[from] item: Leftovers","|turn|3","|","|move|p1a: Medicham|Drain Punch|p2a: Aerodactyl","|-damage|p2a: Aerodactyl|139/301","|-heal|p1a: Medicham|323/323|[from] drain|[of] p2a: Aerodactyl","|move|p2a: Aerodactyl|Earthquake|p1a: Medicham","|-damage|p1a: Medicham|178/323","|","|-weather|Sandstorm|[upkeep]","|-damage|p1a: Medicham|158/323|[from] sandstorm","|-heal|p1a: Medicham|178/323|[from] item: Leftovers","|turn|4","|","|move|p1a: Medicham|Drain Punch|p2a: Aerodactyl","|-damage|p2a: Aerodactyl|0 fnt","|-heal|p1a: Medicham|248/323|[from] drain|[of] p2a: Aerodactyl","|faint|p2a: Aerodactyl","|","|-weather|Sandstorm|[upkeep]","|-damage|p1a: Medicham|228/323|[from] sandstorm","|-heal|p1a: Medicham|248/323|[from] item: Leftovers","|","|switch|p2a: Aggron|Aggron, M|344/344","|turn|5","|","|detailschange|p2a: Aggron|Aggron-Mega, M","|-mega|p2a: Aggron|Aggron|Aggronite","|move|p1a: Medicham|Acupressure|p1a: Medicham","|-boost|p1a: Medicham|spa|2","|move|p2a: Aggron|Heavy Slam|p1a: Medicham","|-damage|p1a: Medicham|0 fnt","|faint|p1a: Medicham","|","|-weather|none","|","|switch|p1a: Chesnaught|Chesnaught, M|380/380","|turn|6","|","|switch|p2a: Cradily|Cradily, F|376/376","|move|p1a: Chesnaught|Belly Drum|p1a: Chesnaught","|-damage|p1a: Chesnaught|190/380","|-setboost|p1a: Chesnaught|atk|6|[from] move: Belly Drum","|-enditem|p1a: Chesnaught|Sitrus Berry|[eat]","|-heal|p1a: Chesnaught|285/380|[from] item: Sitrus Berry","|","|turn|7","|","|move|p1a: Chesnaught|Iron Head|p2a: Cradily","|-supereffective|p2a: Cradily","|-damage|p2a: Cradily|0 fnt","|faint|p2a: Cradily","|","|","|switch|p2a: Omastar|Omastar, F|281/281","|turn|8","|","|move|p2a: Omastar|Shell Smash|p2a: Omastar","|-boost|p2a: Omastar|atk|2","|-boost|p2a: Omastar|spa|2","|-boost|p2a: Omastar|spe|2","|-unboost|p2a: Omastar|def|1","|-unboost|p2a: Omastar|spd|1","|move|p1a: Chesnaught|Iron Head|p2a: Omastar","|-enditem|p2a: Omastar|Focus Sash","|-damage|p2a: Omastar|1/281","|-boost|p2a: Omastar|spe|1|[from] ability: Weak Armor","|-unboost|p2a: Omastar|def|1|[from] ability: Weak Armor","|","|turn|9","|","|switch|p1a: Infernape|Infernape, F|293/293","|move|p2a: Omastar|Ice Beam|p1a: Infernape","|-resisted|p1a: Infernape","|-damage|p1a: Infernape|145/293","|","|turn|10","|","|switch|p2a: Aggron|Aggron-Mega, M|344/344","|move|p1a: Infernape|Mach Punch|p2a: Aggron","|-supereffective|p2a: Aggron","|-damage|p2a: Aggron|302/344","|","|turn|11","|","|switch|p1a: Cobalion|Cobalion|323/323","|switch|p2a: Tyranitar|Tyranitar, F|404/404","|-weather|Sandstorm","|","|-weather|Sandstorm|[upkeep]","|turn|12","|","|switch|p2a: Omastar|Omastar, F|1/281","|move|p1a: Cobalion|Stealth Rock|p2a: Omastar","|-sidestart|p2: log.history|move: Stealth Rock","|","|-weather|Sandstorm|[upkeep]","|turn|13","|","|move|p1a: Cobalion|Volt Switch|p2a: Omastar","|-supereffective|p2a: Omastar","|-damage|p2a: Omastar|0 fnt","|faint|p2a: Omastar","|","|switch|p1a: Gallade|Gallade, M|339/339","|","|-weather|Sandstorm|[upkeep]","|-damage|p1a: Gallade|318/339|[from] sandstorm","|","|switch|p2a: Aggron|Aggron-Mega, M|302/344","|-damage|p2a: Aggron|281/344|[from] Stealth Rock","|turn|14","|","|move|p1a: Gallade|Drain Punch|p2a: Aggron","|-supereffective|p2a: Aggron","|-damage|p2a: Aggron|196/344","|-heal|p1a: Gallade|339/339|[from] drain|[of] p2a: Aggron","|move|p2a: Aggron|Thunder Wave|p1a: Gallade","|-status|p1a: Gallade|par","|","|-weather|Sandstorm|[upkeep]","|-damage|p1a: Gallade|318/339 par|[from] sandstorm","|turn|15","|","|switch|p1a: Cobalion|Cobalion|323/323","|move|p2a: Aggron|Heavy Slam|p1a: Cobalion","|-resisted|p1a: Cobalion","|-damage|p1a: Cobalion|298/323","|","|-weather|none","|-heal|p1a: Cobalion|318/323|[from] item: Leftovers","|turn|16","|","|switch|p2a: Tyranitar|Tyranitar, F|404/404","|-damage|p2a: Tyranitar|354/404|[from] Stealth Rock","|-weather|Sandstorm","|move|p1a: Cobalion|Thunder Wave|p2a: Tyranitar","|-status|p2a: Tyranitar|par","|","|-weather|Sandstorm|[upkeep]","|-heal|p1a: Cobalion|323/323|[from] item: Leftovers","|turn|17","|","|move|p1a: Cobalion|Volt Switch|p2a: Tyranitar","|-damage|p2a: Tyranitar|326/404 par","|","|switch|p1a: Gallade|Gallade, M|318/339 par","|move|p2a: Tyranitar|Fire Blast|p1a: Gallade","|-damage|p1a: Gallade|227/339 par","|","|-weather|Sandstorm|[upkeep]","|-damage|p1a: Gallade|206/339 par|[from] sandstorm","|turn|18","|","|switch|p1a: Infernape|Infernape, F|145/293","|switch|p2a: Aggron|Aggron-Mega, M|196/344","|-damage|p2a: Aggron|175/344|[from] Stealth Rock","|","|-weather|Sandstorm|[upkeep]","|-damage|p1a: Infernape|127/293|[from] sandstorm","|turn|19","|","|switch|p2a: Tyranitar|Tyranitar, F|326/404 par","|-damage|p2a: Tyranitar|276/404 par|[from] Stealth Rock","|move|p1a: Infernape|Endeavor|p2a: Tyranitar","|-damage|p2a: Tyranitar|127/404 par","|","|-weather|Sandstorm|[upkeep]","|-damage|p1a: Infernape|109/293|[from] sandstorm","|turn|20","|","|move|p1a: Infernape|Mach Punch|p2a: Tyranitar","|-supereffective|p2a: Tyranitar","|-damage|p2a: Tyranitar|0 fnt","|faint|p2a: Tyranitar","|","|-weather|none","|","|switch|p2a: Terrakion|Terrakion|323/323","|-damage|p2a: Terrakion|303/323|[from] Stealth Rock","|turn|21","|","|switch|p1a: Gallade|Gallade, M|206/339 par","|move|p2a: Terrakion|Zen Headbutt|p1a: Gallade","|-damage|p1a: Gallade|53/339 par","|","|turn|22","|","|move|p2a: Terrakion|Zen Headbutt|p1a: Gallade","|-damage|p1a: Gallade|0 fnt","|faint|p1a: Gallade","|","|","|switch|p1a: Cobalion|Cobalion|323/323","|turn|23","|","|switch|p2a: Aggron|Aggron-Mega, M|175/344","|-damage|p2a: Aggron|154/344|[from] Stealth Rock","|move|p1a: Cobalion|Thunder Wave|p2a: Aggron","|-status|p2a: Aggron|par","|","|turn|24","|","|move|p1a: Cobalion|Volt Switch|p2a: Aggron","|-damage|p2a: Aggron|82/344 par","|","|switch|p1a: Infernape|Infernape, F|109/293","|cant|p2a: Aggron|par","|","|turn|25","|","|move|p1a: Infernape|Close Combat|p2a: Aggron","|-supereffective|p2a: Aggron","|-damage|p2a: Aggron|0 fnt","|-unboost|p1a: Infernape|def|1","|-unboost|p1a: Infernape|spd|1","|faint|p2a: Aggron","|","|","|switch|p2a: Terrakion|Terrakion|303/323","|-damage|p2a: Terrakion|283/323|[from] Stealth Rock","|turn|26","|","|move|p1a: Infernape|Mach Punch|p2a: Terrakion","|-supereffective|p2a: Terrakion","|-damage|p2a: Terrakion|127/323","|move|p2a: Terrakion|Close Combat|p1a: Infernape","|-damage|p1a: Infernape|0 fnt","|-unboost|p2a: Terrakion|def|1","|-unboost|p2a: Terrakion|spd|1","|faint|p1a: Infernape","|","|","|switch|p1a: Heracross|Heracross, F|363/363","|turn|27","|","|detailschange|p1a: Heracross|Heracross-Mega, F","|-mega|p1a: Heracross|Heracross|Heracronite","|move|p2a: Terrakion|Close Combat|p1a: Heracross","|-resisted|p1a: Heracross","|-damage|p1a: Heracross|258/363","|-unboost|p2a: Terrakion|def|1","|-unboost|p2a: Terrakion|spd|1","|move|p1a: Heracross|Close Combat|p2a: Terrakion","|-supereffective|p2a: Terrakion","|-damage|p2a: Terrakion|0 fnt","|-unboost|p1a: Heracross|def|1","|-unboost|p1a: Heracross|spd|1","|faint|p2a: Terrakion","|","|win|Alliance-C-Control"],"p1rating":{"entryid":"6440455","serverid":"eos","formatid":"monotype","userid":"allianceccontrol","username":"Alliance-C-Control","w":226,"l":"293","t":"0","gxe":43.4,"r":"1437.6253948805","rd":"25","sigma":"0","rptime":"1438419600","rpr":1449.6914205525,"rprd":25,"rpsigma":"0","acre":1237.9222715039,"lacre":1237.9222715039,"oldacre":"1206.9067569927"},"p2rating":{"entryid":"6603473","serverid":"eos","formatid":"monotype","userid":"loghistory","username":"log.history","w":"53","l":29,"t":"0","gxe":65.2,"r":"1626.1706508105","rd":"42.016989617486","sigma":"0","rptime":"1438419600","rpr":1618.6865978981,"rprd":41.787974182802,"rpsigma":"0","acre":1261.1633058683,"lacre":1261.1633058683,"oldacre":"1292.1788203795"},"endType":"normal"}