{"seed":[50015,26825,43426,20889],"turns":25,"p1":"Union Wevrm","p2":"Alliance-C-Control","p1team":[{"name":"Skarmory","species":"Skarmory","item":"leftovers","ability":"Sturdy","moves":["bravebird","defog","stealthrock","roost"],"nature":"Impish","evs":{"hp":252,"atk":0,"def":232,"spa":0,"spd":0,"spe":24},"ivs":{"hp":31,"atk":31,"def":31,"spa":31,"spd":31,"spe":31}},{"name":"Metagross","species":"Metagross","item":"airballoon","ability":"Light Metal","moves":["bulletpunch","meteormash","zenheadbutt","earthquake"],"nature":"Adamant","evs":{"hp":3,"atk":252,"def":0,"spa":0,"spd":1,"spe":252},"ivs":{"hp":31,"atk":31,"def":31,"spa":31,"spd":31,"spe":31}},{"name":"Scizor","species":"Scizor","item":"scizorite","ability":"Technician","moves":["bulletpunch","bugbite","roost","swordsdance"],"nature":"Adamant","evs":{"hp":4,"atk":252,"def":0,"spa":0,"spd":0,"spe":252},"ivs":{"hp":31,"atk":31,"def":31,"spa":31,"spd":31,"spe":31}},{"name":"Lucario","species":"Lucario","item":"airballoon","ability":"Justified","moves":["vacuumwave","nastyplot","aurasphere","flashcannon"],"nature":"Timid","evs":{"hp":0,"atk":0,"def":0,"spa":252,"spd":4,"spe":252},"ivs":{"hp":31,"atk":31,"def":31,"spa":31,"spd":31,"spe":31}},{"name":"Heatran","species":"Heatran","item":"airballoon","ability":"Flash Fire","moves":["lavaplume","toxic","protect","willowisp"],"nature":"Calm","evs":{"hp":252,"atk":0,"def":0,"spa":4,"spd":252,"spe":0},"ivs":{"hp":31,"atk":31,"def":31,"spa":31,"spd":31,"spe":31}},{"name":"Jirachi","species":"Jirachi","item":"leftovers","ability":"Serene Grace","moves":["bodyslam","ironhead","zenheadbutt","thunderpunch"],"nature":"","evs":{"hp":4,"atk":252,"def":0,"spa":0,"spd":0,"spe":252},"ivs":{"hp":31,"atk":31,"def":31,"spa":31,"spd":31,"spe":31}}],"p2team":[{"name":"Zapdos","species":"Zapdos","item":"rockyhelmet","ability":"Pressure","moves":["defog","heatwave","voltswitch","roost"],"nature":"Modest","evs":{"hp":248,"atk":0,"def":0,"spa":252,"spd":8,"spe":0},"ivs":{"hp":31,"atk":31,"def":31,"spa":31,"spd":31,"spe":31}},{"name":"Magnezone","species":"Magnezone","item":"choicescarf","ability":"Analytic","moves":["flashcannon","hiddenpowerice","voltswitch","mirrorcoat"],"nature":"Timid","evs":{"hp":0,"atk":0,"def":0,"spa":252,"spd":4,"spe":252},"ivs":{"hp":31,"atk":30,"def":30,"spa":31,"spd":31,"spe":31}},{"name":"Rotom-Wash","species":"Rotom-Wash","item":"leftovers","ability":"Levitate","moves":["hydropump","willowisp","voltswitch","painsplit"],"nature":"Bold","evs":{"hp":252,"atk":0,"def":248,"spa":8,"spd":0,"spe":0},"ivs":{"hp":31,"atk":31,"def":31,"spa":31,"spd":31,"spe":31}},{"name":"Zebstrika","species":"Zebstrika","item":"leftovers","ability":"Sap Sipper","moves":["flamecharge","bounce","mefirst","snatch"],"nature":"Jolly","evs":{"hp":0,"atk":252,"def":0,"spa":0,"spd":4,"spe":252},"happiness":0,"ivs":{"hp":31,"atk":31,"def":31,"spa":31,"spd":31,"spe":31}},{"name":"Thundurus","species":"Thundurus","item":"leftovers","ability":"Prankster","moves":["flashcannon","superpower","thunderbolt","thunderwave"],"nature":"Hasty","evs":{"hp":0,"atk":4,"def":0,"spa":252,"spd":0,"spe":252},"ivs":{"hp":31,"atk":31,"def":31,"spa":31,"spd":31,"spe":31}},{"name":"Emolga","species":"Emolga","item":"sitrusberry","ability":"Motor Drive","moves":["acrobatics","roost","uturn","tailwind"],"nature":"Adamant","evs":{"hp":0,"atk":252,"def":0,"spa":0,"spd":4,"spe":252},"ivs":{"hp":31,"atk":31,"def":31,"spa":31,"spd":31,"spe":31}}],"log":["|player|p1|Union Wevrm|unionwevrm.png","|player|p2|Alliance-C-Control|190","|gametype|singles","|gen|6","|tier|Monotype","|rated","|rule|Baton Pass Clause: Limit one Baton Passer, can't pass Spe and other stats simultaneously","|rule|Swagger Clause: Swagger is banned","|rule|Same Type Clause: Pokémon in a team must share a type","|clearpoke","|poke|p1|Skarmory, F","|poke|p1|Metagross","|poke|p1|Scizor, M","|poke|p1|Lucario, F","|poke|p1|Heatran, M","|poke|p1|Jirachi","|poke|p2|Zapdos","|poke|p2|Magnezone","|poke|p2|Rotom-Wash","|poke|p2|Zebstrika, M","|poke|p2|Thundurus, M","|poke|p2|Emolga, M","|rule|Sleep Clause Mod: Limit one foe put to sleep","|rule|Species Clause: Limit one of each Pokémon","|rule|OHKO Clause: OHKO moves are banned","|rule|Moody Clause: Moody is banned","|rule|Evasion Moves Clause: Evasion moves are banned","|rule|Endless Battle Clause: Forcing endless battles is banned","|rule|HP Percentage Mod: HP is shown in percentages","|teampreview","|","|start","|switch|p1a: Skarmory|Skarmory, F|334/334","|switch|p2a: Magnezone|Magnezone|281/281","|turn|1","|","|move|p2a: Magnezone|Volt Switch|p1a: Skarmory","|-supereffective|p1a: Skarmory","|-damage|p1a: Skarmory|20/334","|","|switch|p2a: Zapdos|Zapdos|383/383","|-ability|p2a: Zapdos|Pressure","|move|p1a: Skarmory|Stealth Rock|p2a: Zapdos","|-sidestart|p2: Alliance-C-Control|move: Stealth Rock","|","|-heal|p1a: Skarmory|40/334|[from] item: Leftovers","|turn|2","|","|move|p2a: Zapdos|Defog|p1a: Skarmory","|-unboost|p1a: Skarmory|evasion|1","|-sideend|p2: Alliance-C-Control|Stealth Rock|[from] move: Defog|[of] p2a: Zapdos","|move|p1a: Skarmory|Roost|p1a: Skarmory","|-heal|p1a: Skarmory|207/334","|","|-heal|p1a: Skarmory|227/334|[from] item: Leftovers","|turn|3","|","|move|p2a: Zapdos|Volt Switch|p1a: Skarmory","|-supereffective|p1a: Skarmory","|-damage|p1a: Skarmory|0 fnt","|faint|p1a: Skarmory","|","|switch|p2a: Magnezone|Magnezone|281/281","|","|","|switch|p1a: Metagross|Metagross|301/301","|-item|p1a: Metagross|Air Balloon","|turn|4","|","|move|p2a: Magnezone|Volt Switch|p1a: Metagross","|-crit|p1a: Metagross","|-damage|p1a: Metagross|91/301","|-enditem|p1a: Metagross|Air Balloon","|","|switch|p2a: Rotom-Wash|Rotom-Wash|304/304","|move|p1a: Metagross|Earthquake|p2a: Rotom-Wash","|-immune|p2a: Rotom-Wash|[msg]","|","|turn|5","|","|move|p1a: Metagross|Bullet Punch|p2a: Rotom-Wash","|-resisted|p2a: Rotom-Wash","|-damage|p2a: Rotom-Wash|291/304","|move|p2a: Rotom-Wash|Volt Switch|p1a: Metagross","|-crit|p1a: Metagross","|-damage|p1a: Metagross|0 fnt","|faint|p1a: Metagross","|","|switch|p2a: Magnezone|Magnezone|281/281","|","|","|switch|p1a: Heatran|Heatran, M|386/386","|-item|p1a: Heatran|Air Balloon","|turn|6","|","|move|p1a: Heatran|Protect|p1a: Heatran","|-singleturn|p1a: Heatran|Protect","|move|p2a: Magnezone|Volt Switch|p1a: Heatran","|-activate|p1a: Heatran|Protect","|","|turn|7","|","|move|p2a: Magnezone|Volt Switch|p1a: Heatran","|-damage|p1a: Heatran|298/386","|-enditem|p1a: Heatran|Air Balloon","|","|switch|p2a: Emolga|Emolga, M|251/251","|move|p1a: Heatran|Toxic|p2a: Emolga","|-status|p2a: Emolga|tox","|","|-damage|p2a: Emolga|236/251 tox|[from] psn","|turn|8","|","|switch|p1a: Jirachi|Jirachi|342/342","|move|p2a: Emolga|U-turn|p1a: Jirachi","|-damage|p1a: Jirachi|280/342","|","|switch|p2a: Thundurus|Thundurus, M|299/299","|","|-heal|p1a: Jirachi|301/342|[from] item: Leftovers","|turn|9","|","|move|p2a: Thundurus|Thunder Wave|p1a: Jirachi","|-status|p1a: Jirachi|par","|move|p1a: Jirachi|Body Slam|p2a: Thundurus","|-damage|p2a: Thundurus|162/299","|","|-heal|p2a: Thundurus|180/299|[from] item: Leftovers","|-heal|p1a: Jirachi|322/342 par|[from] item: Leftovers","|turn|10","|","|switch|p2a: Rotom-Wash|Rotom-Wash|291/304","|move|p1a: Jirachi|Zen Headbutt|p2a: Rotom-Wash","|-damage|p2a: Rotom-Wash|215/304","|","|-heal|p2a: Rotom-Wash|234/304|[from] item: Leftovers","|-heal|p1a: Jirachi|342/342 par|[from] item: Leftovers","|turn|11","|","|move|p2a: Rotom-Wash|Hydro Pump|p1a: Jirachi","|-damage|p1a: Jirachi|194/342 par","|cant|p1a: Jirachi|par","|","|-heal|p2a: Rotom-Wash|253/304|[from] item: Leftovers","|-heal|p1a: Jirachi|215/342 par|[from] item: Leftovers","|turn|12","|","|switch|p1a: Heatran|Heatran, M|298/386","|move|p2a: Rotom-Wash|Volt Switch|p1a: Heatran","|-damage|p1a: Heatran|240/386","|","|switch|p2a: Thundurus|Thundurus, M|180/299","|","|-heal|p2a: Thundurus|198/299|[from] item: Leftovers","|turn|13","|","|move|p2a: Thundurus|Superpower|p1a: Heatran","|-supereffective|p1a: Heatran","|-damage|p1a: Heatran|28/386","|-unboost|p2a: Thundurus|atk|1","|-unboost|p2a: Thundurus|def|1","|move|p1a: Heatran|Lava Plume|p2a: Thundurus","|-damage|p2a: Thundurus|51/299","|","|-heal|p2a: Thundurus|69/299|[from] item: Leftovers","|turn|14","|","|switch|p2a: Emolga|Emolga, M|236/251 tox","|switch|p1a: Scizor|Scizor, M|282/282","|","|-damage|p2a: Emolga|221/251 tox|[from] psn","|turn|15","|","|detailschange|p1a: Scizor|Scizor-Mega, M","|-mega|p1a: Scizor|Scizor|Scizorite","|move|p2a: Emolga|U-turn|p1a: Scizor","|-resisted|p1a: Scizor","|-damage|p1a: Scizor|257/282","|","|switch|p2a: Zapdos|Zapdos|383/383","|-ability|p2a: Zapdos|Pressure","|move|p1a: Scizor|Swords Dance|p1a: Scizor","|-boost|p1a: Scizor|atk|2","|","|turn|16","|","|switch|p1a: Heatran|Heatran, M|28/386","|move|p2a: Zapdos|Heat Wave|p1a: Heatran","|-start|p1a: Heatran|ability: Flash Fire","|","|turn|17","|","|move|p1a: Heatran|Protect|p1a: Heatran","|-singleturn|p1a: Heatran|Protect","|move|p2a: Zapdos|Volt Switch|p1a: Heatran","|-activate|p1a: Heatran|Protect","|","|turn|18","|","|move|p1a: Heatran|Protect|p1a: Heatran","|-fail|p1a: Heatran","|move|p2a: Zapdos|Volt Switch|p1a: Heatran","|-damage|p1a: Heatran|0 fnt","|faint|p1a: Heatran","|","|switch|p2a: Zebstrika|Zebstrika, M|291/291","|","|","|switch|p1a: Jirachi|Jirachi|215/342 par","|turn|19","|","|switch|p2a: Emolga|Emolga, M|221/251 tox","|move|p1a: Jirachi|Zen Headbutt|p2a: Emolga","|-damage|p2a: Emolga|52/251 tox","|-enditem|p2a: Emolga|Sitrus Berry|[eat]","|-heal|p2a: Emolga|114/251 tox|[from] item: Sitrus Berry","|","|-heal|p1a: Jirachi|236/342 par|[from] item: Leftovers","|-damage|p2a: Emolga|99/251 tox|[from] psn","|turn|20","|","|move|p2a: Emolga|Acrobatics|p1a: Jirachi","|-resisted|p1a: Jirachi","|-damage|p1a: Jirachi|158/342 par","|move|p1a: Jirachi|Zen Headbutt|p2a: Emolga","|-damage|p2a: Emolga|0 fnt","|faint|p2a: Emolga","|","|-heal|p1a: Jirachi|179/342 par|[from] item: Leftovers","|","|switch|p2a: Zapdos|Zapdos|383/383","|-ability|p2a: Zapdos|Pressure","|turn|21","|","|move|p2a: Zapdos|Heat Wave|p1a: Jirachi","|-supereffective|p1a: Jirachi","|-damage|p1a: Jirachi|0 fnt","|faint|p1a: Jirachi","|","|","|switch|p1a: Lucario|Lucario, F|281/281","|-item|p1a: Lucario|Air Balloon","|turn|22","|","|move|p1a: Lucario|Flash Cannon|p2a: Zapdos","|-resisted|p2a: Zapdos","|-damage|p2a: Zapdos|308/383","|move|p2a: Zapdos|Heat Wave|p1a: Lucario","|-supereffective|p1a: Lucario","|-damage|p1a: Lucario|0 fnt","|-enditem|p1a: Lucario|Air Balloon","|faint|p1a: Lucario","|","|","|switch|p1a: Scizor|Scizor-Mega, M|257/282","|turn|23","|","|move|p1a: Scizor|Bullet Punch|p2a: Zapdos","|-resisted|p2a: Zapdos","|-damage|p2a: Zapdos|239/383","|-damage|p1a: Scizor|210/282|[from] item: Rocky Helmet|[of] p2a: Zapdos","|move|p2a: Zapdos|Heat Wave|p1a: Scizor","|-miss|p2a: Zapdos|p1a: Scizor","|","|turn|24","|","|move|p1a: Scizor|Bug Bite|p2a: Zapdos","|-resisted|p2a: Zapdos","|-damage|p2a: Zapdos|128/383","|-damage|p1a: Scizor|163/282|[from] item: Rocky Helmet|[of] p2a: Zapdos","|move|p2a: Zapdos|Heat Wave|p1a: Scizor","|-miss|p2a: Zapdos|p1a: Scizor","|","|turn|25","|","|move|p1a: Scizor|Bug Bite|p2a: Zapdos","|-resisted|p2a: Zapdos","|-damage|p2a: Zapdos|18/383","|-damage|p1a: Scizor|116/282|[from] item: Rocky Helmet|[of] p2a: Zapdos","|move|p2a: Zapdos|Heat Wave|p1a: Scizor","|-supereffective|p1a: Scizor","|-damage|p1a: Scizor|0 fnt","|faint|p1a: Scizor","|","|win|Alliance-C-Control"],"p1rating":{"entryid":7313146,"formatid":"monotype","userid":"unionwevrm","username":"Union Wevrm","r":1500,"rd":130,"sigma":0,"rpr":1449.7021200292,"rprd":122.03669334871,"rpsigma":0,"rptime":1438419600,"w":0,"l":1,"t":0,"gxe":43.7,"acre":1000,"lacre":1000,"oldacre":1000},"p2rating":{"entryid":"6440455","serverid":"eos","formatid":"monotype","userid":"allianceccontrol","username":"Alliance-C-Control","w":223,"l":"292","t":"0","gxe":42.6,"r":"1437.6253948805","rd":"25","sigma":"0","rptime":"1438419600","rpr":1443.8701252186,"rprd":25,"rpsigma":"0","acre":1191.7627329026,"lacre":1191.7627329026,"oldacre":"1178.5895597477"},"endType":"normal"}