{"seed":[51146,62049,62837,47081],"turns":21,"p1":"GL♅Akuma","p2":"Silver - Ivy","p1team":[{"name":"Charetard","species":"charizard","item":"charizarditex","ability":"Blaze","moves":["dragondance","dragonclaw","earthquake","firepunch"],"nature":"Adamant","evs":{"hp":0,"atk":252,"def":0,"spa":0,"spd":4,"spe":252},"ivs":{"hp":31,"atk":31,"def":31,"spa":31,"spd":31,"spe":31}},{"name":"Magma","species":"heatran","item":"airballoon","ability":"Flash Fire","moves":["lavaplume","toxic","stealthrock","flashcannon"],"nature":"Calm","evs":{"hp":248,"atk":0,"def":0,"spa":8,"spd":252,"spe":0},"ivs":{"hp":31,"atk":31,"def":31,"spa":31,"spd":31,"spe":31}},{"name":"Infernape","species":"Infernape","item":"focussash","ability":"Iron Fist","moves":["closecombat","machpunch","thunderpunch","firepunch"],"nature":"Jolly","evs":{"hp":0,"atk":252,"def":0,"spa":0,"spd":4,"spe":252},"ivs":{"hp":31,"atk":31,"def":31,"spa":31,"spd":31,"spe":31}},{"name":"Eightales","species":"ninetales","item":"lifeorb","ability":"Drought","moves":["energyball","flamethrower","nastyplot","psyshock"],"nature":"Timid","evs":{"hp":0,"atk":0,"def":0,"spa":252,"spd":4,"spe":252},"ivs":{"hp":31,"atk":31,"def":31,"spa":31,"spd":31,"spe":31}},{"name":"Microwave","species":"rotomheat","item":"choicescarf","ability":"Levitate","moves":["voltswitch","thunderbolt","overheat","painsplit"],"nature":"Timid","evs":{"hp":0,"atk":0,"def":0,"spa":252,"spd":4,"spe":252},"ivs":{"hp":31,"atk":31,"def":31,"spa":31,"spd":31,"spe":31}},{"name":"V for Victini","species":"victini","item":"choicescarf","ability":"Victory Star","moves":["vcreate","boltstrike","zenheadbutt","brickbreak"],"nature":"Jolly","evs":{"hp":0,"atk":252,"def":0,"spa":0,"spd":4,"spe":252},"ivs":{"hp":31,"atk":31,"def":31,"spa":31,"spd":31,"spe":31}}],"p2team":[{"name":"Amazon","species":"venusaur","item":"venusaurite","ability":"Overgrow","moves":["sludgebomb","gigadrain","synthesis","charm"],"nature":"Calm","evs":{"hp":116,"atk":0,"def":84,"spa":100,"spd":208,"spe":0},"shiny":true,"ivs":{"hp":31,"atk":31,"def":31,"spa":31,"spd":31,"spe":31}},{"name":"Siren","species":"serperior","item":"leftovers","ability":"Contrary","moves":["leafstorm","dragonpulse","hiddenpowerice","substitute"],"nature":"Timid","evs":{"hp":36,"atk":0,"def":0,"spa":216,"spd":4,"spe":252},"ivs":{"hp":31,"atk":30,"def":30,"spa":31,"spd":31,"spe":31},"shiny":true},{"name":"Hercules","species":"breloom","item":"focussash","ability":"Technician","moves":["machpunch","bulletseed","rocktomb","spore"],"nature":"Jolly","evs":{"hp":0,"atk":252,"def":0,"spa":0,"spd":4,"spe":252},"shiny":true,"ivs":{"hp":31,"atk":31,"def":31,"spa":31,"spd":31,"spe":31}},{"name":"Colossus","species":"ferrothorn","item":"rockyhelmet","ability":"Iron Barbs","moves":["gyroball","protect","leechseed","stealthrock"],"nature":"Relaxed","evs":{"hp":124,"atk":184,"def":192,"spa":0,"spd":8,"spe":0},"ivs":{"hp":31,"atk":31,"def":31,"spa":31,"spd":31,"spe":0},"shiny":true},{"name":"Ivy","species":"roserade","item":"choicescarf","ability":"Technician","moves":["sludgebomb","shadowball","dazzlinggleam","hiddenpowerfire"],"nature":"Modest","evs":{"hp":0,"atk":0,"def":0,"spa":252,"spd":4,"spe":252},"ivs":{"hp":31,"atk":30,"def":31,"spa":30,"spd":31,"spe":30},"shiny":true},{"name":"Callisto","species":"leavanny","item":"focussash","ability":"Overcoat","moves":["xscissor","knockoff","electroweb","stickyweb"],"nature":"Jolly","evs":{"hp":8,"atk":252,"def":0,"spa":0,"spd":0,"spe":248},"shiny":true,"ivs":{"hp":31,"atk":31,"def":31,"spa":31,"spd":31,"spe":31}}],"log":["|player|p1|GL♅Akuma|145","|player|p2|Silver - Ivy|268","|gametype|singles","|gen|6","|tier|Monotype","|rated","|rule|Baton Pass Clause: Limit one Baton Passer, can't pass Spe and other stats simultaneously","|rule|Swagger Clause: Swagger is banned","|rule|Same Type Clause: Pokémon in a team must share a type","|clearpoke","|poke|p1|Charizard, F","|poke|p1|Heatran, M","|poke|p1|Infernape, F","|poke|p1|Ninetales, F","|poke|p1|Rotom-Heat","|poke|p1|Victini","|poke|p2|Venusaur, M, shiny","|poke|p2|Serperior, F, shiny","|poke|p2|Breloom, M, shiny","|poke|p2|Ferrothorn, M, shiny","|poke|p2|Roserade, M, shiny","|poke|p2|Leavanny, M, shiny","|rule|Sleep Clause Mod: Limit one foe put to sleep","|rule|Species Clause: Limit one of each Pokémon","|rule|OHKO Clause: OHKO moves are banned","|rule|Moody Clause: Moody is banned","|rule|Evasion Moves Clause: Evasion moves are banned","|rule|Endless Battle Clause: Forcing endless battles is banned","|rule|HP Percentage Mod: HP is shown in percentages","|teampreview","|","|start","|switch|p1a: V for Victini|Victini|341/341","|switch|p2a: Callisto|Leavanny, M, shiny|293/293","|turn|1","|","|move|p1a: V for Victini|V-create|p2a: Callisto","|-crit|p2a: Callisto","|-supereffective|p2a: Callisto","|-enditem|p2a: Callisto|Focus Sash","|-damage|p2a: Callisto|1/293","|-unboost|p1a: V for Victini|def|1","|-unboost|p1a: V for Victini|spd|1","|-unboost|p1a: V for Victini|spe|1","|move|p2a: Callisto|Sticky Web|p1a: V for Victini","|-sidestart|p1: GL♅Akuma|move: Sticky Web","|","|turn|2","|","|move|p1a: V for Victini|V-create|p2a: Callisto","|-supereffective|p2a: Callisto","|-damage|p2a: Callisto|0 fnt","|-unboost|p1a: V for Victini|def|1","|-unboost|p1a: V for Victini|spd|1","|-unboost|p1a: V for Victini|spe|1","|faint|p2a: Callisto","|","|","|switch|p2a: Hercules|Breloom, M, shiny|261/261","|turn|3","|","|switch|p1a: Charetard|Charizard, F|297/297","|move|p2a: Hercules|Spore|p1a: Charetard","|-status|p1a: Charetard|slp","|","|turn|4","|","|detailschange|p1a: Charetard|Charizard-Mega-X, F","|-mega|p1a: Charetard|Charizard|Charizardite X","|cant|p1a: Charetard|slp","|move|p2a: Hercules|Rock Tomb|p1a: Charetard","|-crit|p1a: Charetard","|-supereffective|p1a: Charetard","|-damage|p1a: Charetard|25/297 slp","|-unboost|p1a: Charetard|spe|1","|","|turn|5","|","|switch|p1a: Magma|Heatran, M|385/385","|-item|p1a: Magma|Air Balloon","|move|p2a: Hercules|Mach Punch|p1a: Magma","|-supereffective|p1a: Magma","|-damage|p1a: Magma|181/385","|-enditem|p1a: Magma|Air Balloon","|","|turn|6","|","|move|p2a: Hercules|Mach Punch|p1a: Magma","|-supereffective|p1a: Magma","|-damage|p1a: Magma|0 fnt","|faint|p1a: Magma","|","|","|switch|p1a: Infernape|Infernape, F|293/293","|-activate|p1a: Infernape|move: Sticky Web","|-unboost|p1a: Infernape|spe|1","|turn|7","|","|move|p2a: Hercules|Rock Tomb|p1a: Infernape","|-damage|p1a: Infernape|146/293","|-unboost|p1a: Infernape|spe|1","|move|p1a: Infernape|Fire Punch|p2a: Hercules","|-supereffective|p2a: Hercules","|-enditem|p2a: Hercules|Focus Sash","|-damage|p2a: Hercules|1/261","|","|turn|8","|","|switch|p2a: Amazon|Venusaur, M, shiny|330/330","|switch|p1a: V for Victini|Victini|341/341","|-activate|p1a: V for Victini|move: Sticky Web","|-unboost|p1a: V for Victini|spe|1","|","|turn|9","|","|switch|p2a: Colossus|Ferrothorn, M, shiny|320/320","|move|p1a: V for Victini|Zen Headbutt|p2a: Colossus","|-resisted|p2a: Colossus","|-damage|p2a: Colossus|284/320","|-damage|p1a: V for Victini|299/341|[from] ability: Iron Barbs|[of] p2a: Colossus","|-damage|p1a: V for Victini|243/341|[from] item: Rocky Helmet|[of] p2a: Colossus","|","|turn|10","|","|switch|p1a: Charetard|Charizard-Mega-X, F|25/297 slp","|-activate|p1a: Charetard|move: Sticky Web","|-unboost|p1a: Charetard|spe|1","|move|p2a: Colossus|Stealth Rock|p1a: Charetard","|-sidestart|p1: GL♅Akuma|move: Stealth Rock","|","|turn|11","|","|cant|p1a: Charetard|slp","|move|p2a: Colossus|Leech Seed|p1a: Charetard","|-start|p1a: Charetard|move: Leech Seed","|","|-damage|p1a: Charetard|0 fnt|[from] Leech Seed|[of] p2a: Colossus","|-heal|p2a: Colossus|309/320|[silent]","|faint|p1a: Charetard","|","|switch|p1a: Eightales|Ninetales, F|287/287","|-damage|p1a: Eightales|216/287|[from] Stealth Rock","|-activate|p1a: Eightales|move: Sticky Web","|-unboost|p1a: Eightales|spe|1","|-weather|SunnyDay","|turn|12","|","|move|p2a: Colossus|Protect|p2a: Colossus","|-singleturn|p2a: Colossus|Protect","|move|p1a: Eightales|Flamethrower|p2a: Colossus","|-activate|p2a: Colossus|Protect","|","|-weather|SunnyDay|[upkeep]","|turn|13","|","|switch|p2a: Amazon|Venusaur, M, shiny|330/330","|move|p1a: Eightales|Flamethrower|p2a: Amazon","|-supereffective|p2a: Amazon","|-damage|p2a: Amazon|0 fnt","|-damage|p1a: Eightales|188/287|[from] item: Life Orb","|faint|p2a: Amazon","|","|-weather|SunnyDay|[upkeep]","|","|switch|p2a: Hercules|Breloom, M, shiny|1/261","|turn|14","|","|switch|p1a: Infernape|Infernape, F|146/293","|-activate|p1a: Infernape|move: Sticky Web","|-unboost|p1a: Infernape|spe|1","|-damage|p1a: Infernape|110/293|[from] Stealth Rock","|move|p2a: Hercules|Spore|p1a: Infernape","|-status|p1a: Infernape|slp","|","|-weather|SunnyDay|[upkeep]","|turn|15","|","|cant|p1a: Infernape|slp","|move|p2a: Hercules|Rock Tomb|p1a: Infernape","|-damage|p1a: Infernape|0 fnt","|faint|p1a: Infernape","|","|-weather|SunnyDay|[upkeep]","|","|switch|p1a: V for Victini|Victini|243/341","|-activate|p1a: V for Victini|move: Sticky Web","|-unboost|p1a: V for Victini|spe|1","|-damage|p1a: V for Victini|158/341|[from] Stealth Rock","|turn|16","|","|switch|p2a: Colossus|Ferrothorn, M, shiny|309/320","|move|p1a: V for Victini|Zen Headbutt|p2a: Colossus","|-resisted|p2a: Colossus","|-damage|p2a: Colossus|272/320","|-damage|p1a: V for Victini|116/341|[from] ability: Iron Barbs|[of] p2a: Colossus","|-damage|p1a: V for Victini|60/341|[from] item: Rocky Helmet|[of] p2a: Colossus","|","|-weather|none","|turn|17","|","|switch|p1a: Microwave|Rotom-Heat|241/241","|-damage|p1a: Microwave|181/241|[from] Stealth Rock","|move|p2a: Colossus|Leech Seed|p1a: Microwave","|-start|p1a: Microwave|move: Leech Seed","|","|-damage|p1a: Microwave|151/241|[from] Leech Seed|[of] p2a: Colossus","|-heal|p2a: Colossus|302/320|[silent]","|turn|18","|","|move|p2a: Colossus|Protect|p2a: Colossus","|-singleturn|p2a: Colossus|Protect","|move|p1a: Microwave|Overheat|p2a: Colossus","|-activate|p2a: Colossus|Protect","|","|-damage|p1a: Microwave|121/241|[from] Leech Seed|[of] p2a: Colossus","|-heal|p2a: Colossus|320/320|[silent]","|turn|19","|","|move|p1a: Microwave|Overheat|p2a: Colossus","|-supereffective|p2a: Colossus","|-damage|p2a: Colossus|0 fnt","|-unboost|p1a: Microwave|spa|2","|faint|p2a: Colossus","|","|","|switch|p2a: Ivy|Roserade, M, shiny|261/261","|turn|20","|","|move|p1a: Microwave|Overheat|p2a: Ivy","|-supereffective|p2a: Ivy","|-damage|p2a: Ivy|73/261","|-unboost|p1a: Microwave|spa|2","|move|p2a: Ivy|Sludge Bomb|p1a: Microwave","|-damage|p1a: Microwave|0 fnt","|faint|p1a: Microwave","|","|","|switch|p1a: Eightales|Ninetales, F|188/287","|-activate|p1a: Eightales|move: Sticky Web","|-unboost|p1a: Eightales|spe|1","|-damage|p1a: Eightales|117/287|[from] Stealth Rock","|-weather|SunnyDay","|turn|21","|","|move|p2a: Ivy|Sludge Bomb|p1a: Eightales","|-damage|p1a: Eightales|0 fnt","|faint|p1a: Eightales","|","|-weather|SunnyDay|[upkeep]","|","|switch|p1a: V for Victini|Victini|60/341","|-activate|p1a: V for Victini|move: Sticky Web","|-unboost|p1a: V for Victini|spe|1","|-damage|p1a: V for Victini|0 fnt|[from] Stealth Rock","|faint|p1a: V for Victini","|","|win|Silver - Ivy"],"p1rating":{"entryid":"6735374","serverid":"eos","formatid":"monotype","userid":"glakuma","username":"GL♅Akuma","w":"38","l":51,"t":"0","gxe":44.7,"r":"1463.8745478507","rd":"39.903497814742","sigma":"0","rptime":"1438419600","rpr":1460.0862590769,"rprd":39.682514243732,"rpsigma":"0","acre":1096.5943850013,"lacre":1096.5943850013,"oldacre":"1130.5710443681"},"p2rating":{"entryid":7310788,"formatid":"monotype","userid":"silverivy","username":"Silver - Ivy","r":1500,"rd":130,"sigma":0,"rpr":1538.1017204757,"rprd":121.95221632026,"rpsigma":0,"rptime":1438419600,"w":1,"l":0,"t":0,"gxe":54.8,"acre":1054.3626549869,"lacre":1054.3626549869,"oldacre":1000},"endType":"normal"}