{"seed":[13322,37656,29338,19293],"turns":24,"p1":"Emg GL Test Tech","p2":"Sovereign♕Cactus","p1team":[{"name":"Genesect","species":"Genesect","item":"lifeorb","ability":"Download","moves":["ironhead","uturn","icebeam","thunderbolt"],"nature":"Hasty","evs":{"hp":0,"atk":156,"def":0,"spa":100,"spd":0,"spe":252},"ivs":{"hp":31,"atk":31,"def":31,"spa":31,"spd":31,"spe":31}},{"name":"Beedrill","species":"Beedrill","item":"beedrillite","ability":"Swarm","moves":["uturn","protect","poisonjab","drillrun"],"nature":"Jolly","evs":{"hp":0,"atk":252,"def":0,"spa":0,"spd":4,"spe":252},"ivs":{"hp":31,"atk":31,"def":31,"spa":31,"spd":31,"spe":31}},{"name":"Heracross","species":"Heracross","item":"choicescarf","ability":"Moxie","moves":["closecombat","earthquake","stoneedge","megahorn"],"nature":"Jolly","evs":{"hp":0,"atk":252,"def":0,"spa":0,"spd":4,"spe":252},"ivs":{"hp":31,"atk":31,"def":31,"spa":31,"spd":31,"spe":31}},{"name":"Shuckle","species":"Shuckle","item":"mentalherb","ability":"Sturdy","moves":["encore","stealthrock","stickyweb","toxic"],"nature":"Impish","evs":{"hp":252,"atk":0,"def":128,"spa":0,"spd":128,"spe":0},"ivs":{"hp":31,"atk":31,"def":31,"spa":31,"spd":31,"spe":31}},{"name":"Volcarona","species":"Volcarona","item":"leftovers","ability":"Flame Body","moves":["quiverdance","fierydance","hiddenpowerground","roost"],"nature":"Bold","evs":{"hp":248,"atk":0,"def":136,"spa":0,"spd":0,"spe":124},"ivs":{"hp":31,"atk":31,"def":31,"spa":30,"spd":30,"spe":31}},{"name":"Vivillon","species":"Vivillon","item":"focussash","ability":"Compound Eyes","moves":["powder","hurricane","sleeppowder","quiverdance"],"nature":"Modest","evs":{"hp":0,"atk":0,"def":0,"spa":252,"spd":4,"spe":252},"ivs":{"hp":31,"atk":31,"def":31,"spa":31,"spd":31,"spe":31}}],"p2team":[{"name":"Kermit On Roids","species":"seismitoad","item":"assaultvest","ability":"Water Absorb","moves":["earthquake","scald","grassknot","sludgewave"],"nature":"Mild","evs":{"hp":252,"atk":4,"def":0,"spa":252,"spd":0,"spe":0},"shiny":true,"ivs":{"hp":31,"atk":31,"def":31,"spa":31,"spd":31,"spe":31}},{"name":"Barney On Roids","species":"garchomp","item":"garchompite","ability":"Sand Veil","moves":["dracometeor","stoneedge","fireblast","earthquake"],"nature":"Naive","evs":{"hp":248,"atk":252,"def":0,"spa":8,"spd":0,"spe":0},"shiny":true,"ivs":{"hp":31,"atk":31,"def":31,"spa":31,"spd":31,"spe":31}},{"name":"DigDug On Roids","species":"excadrill","item":"lifeorb","ability":"Sand Rush","moves":["earthquake","xscissor","swordsdance","ironhead"],"nature":"Adamant","evs":{"hp":0,"atk":252,"def":0,"spa":0,"spd":4,"spe":252},"shiny":true,"ivs":{"hp":31,"atk":31,"def":31,"spa":31,"spd":31,"spe":31}},{"name":"Sonic On Roids","species":"gliscor","item":"toxicorb","ability":"Poison Heal","moves":["protect","substitute","toxic","earthquake"],"nature":"Impish","evs":{"hp":248,"atk":0,"def":188,"spa":0,"spd":0,"spe":72},"shiny":true,"ivs":{"hp":31,"atk":31,"def":31,"spa":31,"spd":31,"spe":31}},{"name":"Hulk W/o Roids","species":"landorus","item":"lifeorb","ability":"Sheer Force","moves":["earthpower","focusblast","psychic","gravity"],"nature":"Timid","evs":{"hp":0,"atk":0,"def":0,"spa":252,"spd":4,"spe":252},"shiny":true,"ivs":{"hp":31,"atk":31,"def":31,"spa":31,"spd":31,"spe":31}},{"name":"Numel On Roids","species":"hippowdon","item":"leftovers","ability":"Sand Stream","moves":["earthquake","slackoff","stealthrock","whirlwind"],"nature":"Adamant","evs":{"hp":252,"atk":252,"def":0,"spa":0,"spd":4,"spe":0},"shiny":true,"ivs":{"hp":31,"atk":31,"def":31,"spa":31,"spd":31,"spe":31}}],"log":["|player|p1|Emg GL Test Tech|149","|player|p2|Sovereign♕Cactus|251","|gametype|singles","|gen|6","|tier|Monotype","|rated","|rule|Baton Pass Clause: Limit one Baton Passer, can't pass Spe and other stats simultaneously","|rule|Swagger Clause: Swagger is banned","|rule|Same Type Clause: Pokémon in a team must share a type","|clearpoke","|poke|p1|Genesect-*","|poke|p1|Beedrill, M","|poke|p1|Heracross, F","|poke|p1|Shuckle, F","|poke|p1|Volcarona, M","|poke|p1|Vivillon, F","|poke|p2|Seismitoad, M, shiny","|poke|p2|Garchomp, F, shiny","|poke|p2|Excadrill, M, shiny","|poke|p2|Gliscor, M, shiny","|poke|p2|Landorus, M, shiny","|poke|p2|Hippowdon, F, shiny","|rule|Sleep Clause Mod: Limit one foe put to sleep","|rule|Species Clause: Limit one of each Pokémon","|rule|OHKO Clause: OHKO moves are banned","|rule|Moody Clause: Moody is banned","|rule|Evasion Moves Clause: Evasion moves are banned","|rule|Endless Battle Clause: Forcing endless battles is banned","|rule|HP Percentage Mod: HP is shown in percentages","|teampreview","|","|start","|switch|p1a: Shuckle|Shuckle, F|244/244","|switch|p2a: Numel On Roids|Hippowdon, F, shiny|420/420","|-weather|Sandstorm","|turn|1","|","|switch|p2a: DigDug On Roids|Excadrill, M, shiny|361/361","|move|p1a: Shuckle|Encore|p2a: DigDug On Roids","|-fail|p2a: DigDug On Roids","|","|-weather|Sandstorm|[upkeep]","|turn|2","|","|move|p2a: DigDug On Roids|Swords Dance|p2a: DigDug On Roids","|-boost|p2a: DigDug On Roids|atk|2","|move|p1a: Shuckle|Sticky Web|p2a: DigDug On Roids","|-sidestart|p2: Sovereign♕Cactus|move: Sticky Web","|","|-weather|Sandstorm|[upkeep]","|turn|3","|","|move|p2a: DigDug On Roids|Earthquake|p1a: Shuckle","|-damage|p1a: Shuckle|45/244","|-damage|p2a: DigDug On Roids|325/361|[from] item: Life Orb","|move|p1a: Shuckle|Encore|p2a: DigDug On Roids","|-start|p2a: DigDug On Roids|Encore","|","|-weather|Sandstorm|[upkeep]","|turn|4","|","|move|p2a: DigDug On Roids|Earthquake|p1a: Shuckle","|-damage|p1a: Shuckle|0 fnt","|-damage|p2a: DigDug On Roids|289/361|[from] item: Life Orb","|faint|p1a: Shuckle","|","|-weather|Sandstorm|[upkeep]","|","|switch|p1a: Vivillon|Vivillon, F|301/301","|turn|5","|","|switch|p2a: Numel On Roids|Hippowdon, F, shiny|420/420","|-activate|p2a: Numel On Roids|move: Sticky Web","|-unboost|p2a: Numel On Roids|spe|1","|move|p1a: Vivillon|Sleep Powder|p2a: Numel On Roids","|-status|p2a: Numel On Roids|slp","|","|-weather|none","|turn|6","|","|switch|p2a: Sonic On Roids|Gliscor, M, shiny|353/353","|move|p1a: Vivillon|Quiver Dance|p1a: Vivillon","|-boost|p1a: Vivillon|spa|1","|-boost|p1a: Vivillon|spd|1","|-boost|p1a: Vivillon|spe|1","|","|-status|p2a: Sonic On Roids|tox|[from] item: Toxic Orb","|turn|7","|","|move|p1a: Vivillon|Hurricane|p2a: Sonic On Roids","|-crit|p2a: Sonic On Roids","|-damage|p2a: Sonic On Roids|0 fnt","|faint|p2a: Sonic On Roids","|","|","|switch|p2a: Numel On Roids|Hippowdon, F, shiny|420/420 slp","|-activate|p2a: Numel On Roids|move: Sticky Web","|-unboost|p2a: Numel On Roids|spe|1","|-weather|Sandstorm","|turn|8","|","|switch|p1a: Genesect|Genesect|283/283","|-boost|p1a: Genesect|spa|1|[from] ability: Download","|cant|p2a: Numel On Roids|slp","|","|-weather|Sandstorm|[upkeep]","|turn|9","|","|move|p1a: Genesect|Ice Beam|p2a: Numel On Roids","|-supereffective|p2a: Numel On Roids","|-damage|p2a: Numel On Roids|0 fnt","|-damage|p1a: Genesect|255/283|[from] item: Life Orb","|faint|p2a: Numel On Roids","|","|-weather|Sandstorm|[upkeep]","|","|switch|p2a: DigDug On Roids|Excadrill, M, shiny|289/361","|-activate|p2a: DigDug On Roids|move: Sticky Web","|-unboost|p2a: DigDug On Roids|spe|1","|turn|10","|","|move|p2a: DigDug On Roids|Earthquake|p1a: Genesect","|-damage|p1a: Genesect|0 fnt","|-damage|p2a: DigDug On Roids|253/361|[from] item: Life Orb","|faint|p1a: Genesect","|","|-weather|Sandstorm|[upkeep]","|","|switch|p1a: Beedrill|Beedrill, M|271/271","|turn|11","|","|detailschange|p1a: Beedrill|Beedrill-Mega, M","|-mega|p1a: Beedrill|Beedrill|Beedrillite","|move|p1a: Beedrill|Protect|p1a: Beedrill","|-singleturn|p1a: Beedrill|Protect","|move|p2a: DigDug On Roids|Earthquake|p1a: Beedrill","|-activate|p1a: Beedrill|Protect","|","|-weather|Sandstorm|[upkeep]","|-damage|p1a: Beedrill|255/271|[from] sandstorm","|turn|12","|","|move|p1a: Beedrill|Protect|p1a: Beedrill","|-fail|p1a: Beedrill","|move|p2a: DigDug On Roids|Earthquake|p1a: Beedrill","|-damage|p1a: Beedrill|0 fnt","|-damage|p2a: DigDug On Roids|217/361|[from] item: Life Orb","|faint|p1a: Beedrill","|","|-weather|none","|","|switch|p1a: Heracross|Heracross, F|301/301","|turn|13","|","|move|p1a: Heracross|Close Combat|p2a: DigDug On Roids","|-supereffective|p2a: DigDug On Roids","|-damage|p2a: DigDug On Roids|0 fnt","|-unboost|p1a: Heracross|def|1","|-unboost|p1a: Heracross|spd|1","|faint|p2a: DigDug On Roids","|-boost|p1a: Heracross|atk|1|[from] ability: Moxie","|","|","|switch|p2a: Hulk W/o Roids|Landorus, M, shiny|319/319","|turn|14","|","|move|p1a: Heracross|Close Combat|p2a: Hulk W/o Roids","|-resisted|p2a: Hulk W/o Roids","|-damage|p2a: Hulk W/o Roids|159/319","|-unboost|p1a: Heracross|def|1","|-unboost|p1a: Heracross|spd|1","|move|p2a: Hulk W/o Roids|Psychic|p1a: Heracross","|-supereffective|p1a: Heracross","|-damage|p1a: Heracross|0 fnt","|faint|p1a: Heracross","|","|","|switch|p1a: Volcarona|Volcarona, M|373/373","|turn|15","|","|move|p2a: Hulk W/o Roids|Earth Power|p1a: Volcarona","|-damage|p1a: Volcarona|120/373","|move|p1a: Volcarona|Fiery Dance|p2a: Hulk W/o Roids","|-damage|p2a: Hulk W/o Roids|0 fnt","|-boost|p1a: Volcarona|spa|1","|faint|p2a: Hulk W/o Roids","|","|-heal|p1a: Volcarona|143/373|[from] item: Leftovers","|","|switch|p2a: Barney On Roids|Garchomp, F, shiny|419/419","|-activate|p2a: Barney On Roids|move: Sticky Web","|-unboost|p2a: Barney On Roids|spe|1","|turn|16","|","|detailschange|p2a: Barney On Roids|Garchomp-Mega, F, shiny","|-mega|p2a: Barney On Roids|Garchomp|Garchompite","|move|p1a: Volcarona|Fiery Dance|p2a: Barney On Roids","|-resisted|p2a: Barney On Roids","|-damage|p2a: Barney On Roids|311/419","|-boost|p1a: Volcarona|spa|1","|move|p2a: Barney On Roids|Earthquake|p1a: Volcarona","|-damage|p1a: Volcarona|0 fnt","|faint|p1a: Volcarona","|","|","|switch|p1a: Vivillon|Vivillon, F|301/301","|turn|17","|","|switch|p2a: Kermit On Roids|Seismitoad, M, shiny|414/414","|-activate|p2a: Kermit On Roids|move: Sticky Web","|-unboost|p2a: Kermit On Roids|spe|1","|move|p1a: Vivillon|Sleep Powder|p2a: Kermit On Roids|[miss]","|-miss|p1a: Vivillon|p2a: Kermit On Roids","|","|turn|18","|","|move|p1a: Vivillon|Sleep Powder|p2a: Kermit On Roids","|-status|p2a: Kermit On Roids|slp","|cant|p2a: Kermit On Roids|slp","|","|turn|19","|","|switch|p2a: Barney On Roids|Garchomp-Mega, F, shiny|311/419","|-activate|p2a: Barney On Roids|move: Sticky Web","|-unboost|p2a: Barney On Roids|spe|1","|move|p1a: Vivillon|Quiver Dance|p1a: Vivillon","|-boost|p1a: Vivillon|spa|1","|-boost|p1a: Vivillon|spd|1","|-boost|p1a: Vivillon|spe|1","|","|turn|20","|","|move|p1a: Vivillon|Hurricane|p2a: Barney On Roids","|-damage|p2a: Barney On Roids|22/419","|move|p2a: Barney On Roids|Stone Edge|p1a: Vivillon|[miss]","|-miss|p2a: Barney On Roids|p1a: Vivillon","|","|turn|21","|","|move|p1a: Vivillon|Hurricane|p2a: Barney On Roids","|-damage|p2a: Barney On Roids|0 fnt","|faint|p2a: Barney On Roids","|","|","|switch|p2a: Kermit On Roids|Seismitoad, M, shiny|414/414 slp","|-activate|p2a: Kermit On Roids|move: Sticky Web","|-unboost|p2a: Kermit On Roids|spe|1","|turn|22","|","|move|p1a: Vivillon|Hurricane|p2a: Kermit On Roids","|-damage|p2a: Kermit On Roids|215/414 slp","|-curestatus|p2a: Kermit On Roids|slp","|move|p2a: Kermit On Roids|Scald|p1a: Vivillon","|-damage|p1a: Vivillon|175/301","|","|turn|23","|","|move|p1a: Vivillon|Sleep Powder|p2a: Kermit On Roids","|-status|p2a: Kermit On Roids|slp","|cant|p2a: Kermit On Roids|slp","|","|turn|24","|","|win|Emg GL Test Tech"],"p1rating":{"entryid":"7162853","serverid":"eos","formatid":"monotype","userid":"emggltesttech","username":"Emg GL Test Tech","w":5,"l":"0","t":"0","gxe":68.2,"r":"1604.2460656544","rd":"111.756966669","sigma":"0","rptime":"1438419600","rpr":1650.2091984292,"rprd":102.9447997714,"rpsigma":"0","acre":1166.3382412865,"lacre":1166.3382412865,"oldacre":"1141.202334798"},"p2rating":{"entryid":"6867552","serverid":"eos","formatid":"monotype","userid":"sovereigncactus","username":"Sovereign♕Cactus","w":"46","l":57,"t":"0","gxe":44.5,"r":"1460.5508031088","rd":"35.753247470272","sigma":"0","rptime":"1438419600","rpr":1458.3878793301,"rprd":35.609137605862,"rpsigma":"0","acre":1117.9551969328,"lacre":1117.9551969328,"oldacre":"1143.0911034213"},"endType":"forfeit"}