{"seed":[53663,42565,23959,34195],"turns":31,"p1":"MASTA_X☆용의 사용자","p2":"Guard Torterra","p1team":[{"name":"ヌメルゴン","species":"goodra","item":"leftovers","ability":"Sap Sipper","moves":["curse","dragontail","rest","sleeptalk"],"nature":"Careful","evs":{"hp":252,"atk":0,"def":4,"spa":0,"spd":252,"spe":0},"ivs":{"hp":31,"atk":31,"def":31,"spa":31,"spd":31,"spe":31}},{"name":"ボーマンダ","species":"salamence","item":"choicescarf","ability":"Moxie","moves":["outrage","aerialace","steelwing","earthquake"],"nature":"Jolly","evs":{"hp":0,"atk":252,"def":4,"spa":0,"spd":0,"spe":252},"ivs":{"hp":31,"atk":31,"def":31,"spa":31,"spd":31,"spe":31}},{"name":"キュレム","species":"kyuremblack","item":"powerherb","ability":"Teravolt","moves":["freezeshock","fusionbolt","outrage","dracometeor"],"nature":"Naive","evs":{"hp":0,"atk":252,"def":0,"spa":60,"spd":0,"spe":196},"shiny":true,"ivs":{"hp":31,"atk":31,"def":31,"spa":31,"spd":31,"spe":31}},{"name":"サザンドラ","species":"hydreigon","item":"lifeorb","ability":"Levitate","moves":["darkpulse","flamethrower","dracometeor","flashcannon"],"nature":"Timid","evs":{"hp":4,"atk":0,"def":0,"spa":252,"spd":0,"spe":252},"shiny":true,"ivs":{"hp":31,"atk":31,"def":31,"spa":31,"spd":31,"spe":31}},{"name":"ガチゴラス","species":"tyrantrum","item":"focussash","ability":"Rock Head","moves":["stealthrock","headsmash","earthquake","dragondance"],"nature":"Adamant","evs":{"hp":0,"atk":252,"def":4,"spa":0,"spd":0,"spe":252},"ivs":{"hp":31,"atk":31,"def":31,"spa":31,"spd":31,"spe":31}},{"name":"チルタリス","species":"altaria","item":"altarianite","ability":"Natural Cure","moves":["agility","hypervoice","fireblast","hiddenpowerground"],"nature":"Modest","evs":{"hp":0,"atk":0,"def":4,"spa":252,"spd":0,"spe":252},"ivs":{"hp":31,"atk":31,"def":31,"spa":30,"spd":30,"spe":31},"happiness":0}],"p2team":[{"name":"Torterra","species":"Torterra","item":"rockyhelmet","ability":"Shell Armor","moves":["earthquake","stealthrock","synthesis","toxic"],"nature":"Impish","evs":{"hp":248,"atk":8,"def":252,"spa":0,"spd":0,"spe":0},"ivs":{"hp":31,"atk":31,"def":31,"spa":31,"spd":31,"spe":31}},{"name":"Shiftry","species":"Shiftry","item":"lifeorb","ability":"Chlorophyll","moves":["knockoff","suckerpunch","seedbomb","swordsdance"],"nature":"Jolly","evs":{"hp":0,"atk":252,"def":0,"spa":0,"spd":4,"spe":252},"ivs":{"hp":31,"atk":31,"def":31,"spa":31,"spd":31,"spe":31}},{"name":"Venusaur","species":"Venusaur","item":"venusaurite","ability":"Overgrow","moves":["leechseed","synthesis","sludgebomb","sleeppowder"],"nature":"Calm","evs":{"hp":248,"atk":0,"def":0,"spa":8,"spd":252,"spe":0},"ivs":{"hp":31,"atk":31,"def":31,"spa":31,"spd":31,"spe":31}},{"name":"Serperior","species":"Serperior","item":"lifeorb","ability":"Contrary","moves":["leafstorm","dragonpulse","substitute","hiddenpowerfire"],"nature":"Timid","evs":{"hp":0,"atk":0,"def":0,"spa":252,"spd":4,"spe":252},"ivs":{"hp":31,"atk":30,"def":31,"spa":30,"spd":31,"spe":30}},{"name":"Breloom","species":"Breloom","item":"focussash","ability":"Technician","moves":["machpunch","bulletseed","rocktomb","spore"],"nature":"Jolly","evs":{"hp":0,"atk":252,"def":0,"spa":0,"spd":4,"spe":252},"ivs":{"hp":31,"atk":31,"def":31,"spa":31,"spd":31,"spe":31}},{"name":"Ludicolo","species":"Ludicolo","item":"assaultvest","ability":"Swift Swim","moves":["scald","gigadrain","icebeam","focusblast"],"nature":"Modest","evs":{"hp":0,"atk":0,"def":0,"spa":252,"spd":4,"spe":252},"ivs":{"hp":31,"atk":31,"def":31,"spa":31,"spd":31,"spe":31}}],"log":["|player|p1|MASTA_X☆용의 사용자|alliancewutang.png","|player|p2|Guard Torterra|239","|gametype|singles","|gen|6","|tier|Monotype","|rated","|rule|Baton Pass Clause: Limit one Baton Passer, can't pass Spe and other stats simultaneously","|rule|Swagger Clause: Swagger is banned","|rule|Same Type Clause: Pokémon in a team must share a type","|clearpoke","|poke|p1|Goodra, M","|poke|p1|Salamence, M","|poke|p1|Kyurem-Black, shiny","|poke|p1|Hydreigon, F, shiny","|poke|p1|Tyrantrum, F","|poke|p1|Altaria, F","|poke|p2|Torterra, F","|poke|p2|Shiftry, F","|poke|p2|Venusaur, F","|poke|p2|Serperior, M","|poke|p2|Breloom, F","|poke|p2|Ludicolo, F","|rule|Sleep Clause Mod: Limit one foe put to sleep","|rule|Species Clause: Limit one of each Pokémon","|rule|OHKO Clause: OHKO moves are banned","|rule|Moody Clause: Moody is banned","|rule|Evasion Moves Clause: Evasion moves are banned","|rule|Endless Battle Clause: Forcing endless battles is banned","|rule|HP Percentage Mod: HP is shown in percentages","|teampreview","|","|start","|switch|p1a: ガチゴラス|Tyrantrum, F|305/305","|switch|p2a: Breloom|Breloom, F|261/261","|turn|1","|","|switch|p1a: ヌメルゴン|Goodra, M|384/384","|move|p2a: Breloom|Spore|p1a: ヌメルゴン","|-boost|p1a: ヌメルゴン|atk|1|[from] ability: Sap Sipper","|","|turn|2","|","|switch|p2a: Ludicolo|Ludicolo, F|301/301","|move|p1a: ヌメルゴン|Curse|p1a: ヌメルゴン","|-boost|p1a: ヌメルゴン|atk|1","|-boost|p1a: ヌメルゴン|def|1","|-unboost|p1a: ヌメルゴン|spe|1","|","|turn|3","|","|move|p2a: Ludicolo|Ice Beam|p1a: ヌメルゴン","|-supereffective|p1a: ヌメルゴン","|-damage|p1a: ヌメルゴン|292/384","|move|p1a: ヌメルゴン|Dragon Tail|p2a: Ludicolo|[miss]","|-miss|p1a: ヌメルゴン|p2a: Ludicolo","|","|-heal|p1a: ヌメルゴン|316/384|[from] item: Leftovers","|turn|4","|","|move|p2a: Ludicolo|Ice Beam|p1a: ヌメルゴン","|-supereffective|p1a: ヌメルゴン","|-damage|p1a: ヌメルゴン|220/384","|move|p1a: ヌメルゴン|Curse|p1a: ヌメルゴン","|-boost|p1a: ヌメルゴン|atk|1","|-boost|p1a: ヌメルゴン|def|1","|-unboost|p1a: ヌメルゴン|spe|1","|","|-heal|p1a: ヌメルゴン|244/384|[from] item: Leftovers","|turn|5","|","|move|p2a: Ludicolo|Ice Beam|p1a: ヌメルゴン","|-supereffective|p1a: ヌメルゴン","|-damage|p1a: ヌメルゴン|148/384","|move|p1a: ヌメルゴン|Curse|p1a: ヌメルゴン","|-boost|p1a: ヌメルゴン|atk|1","|-boost|p1a: ヌメルゴン|def|1","|-unboost|p1a: ヌメルゴン|spe|1","|","|-heal|p1a: ヌメルゴン|172/384|[from] item: Leftovers","|turn|6","|","|move|p2a: Ludicolo|Ice Beam|p1a: ヌメルゴン","|-supereffective|p1a: ヌメルゴン","|-damage|p1a: ヌメルゴン|68/384","|move|p1a: ヌメルゴン|Rest|p1a: ヌメルゴン","|-status|p1a: ヌメルゴン|slp","|-heal|p1a: ヌメルゴン|384/384 slp|[silent]","|-status|p1a: ヌメルゴン|slp|[from] move: Rest","|","|turn|7","|","|switch|p2a: Serperior|Serperior, M|291/291","|cant|p1a: ヌメルゴン|slp","|move|p1a: ヌメルゴン|Sleep Talk|p1a: ヌメルゴン","|move|p1a: ヌメルゴン|Dragon Tail|p2a: Serperior|[from]Sleep Talk","|-damage|p2a: Serperior|60/291","|drag|p2a: Shiftry|Shiftry, F|321/321","|","|turn|8","|","|move|p2a: Shiftry|Swords Dance|p2a: Shiftry","|-boost|p2a: Shiftry|atk|2","|cant|p1a: ヌメルゴン|slp","|move|p1a: ヌメルゴン|Sleep Talk|p1a: ヌメルゴン","|move|p1a: ヌメルゴン|Dragon Tail|p2a: Shiftry|[from]Sleep Talk","|-damage|p2a: Shiftry|5/321","|drag|p2a: Torterra|Torterra, F|393/393","|","|turn|9","|","|move|p2a: Torterra|Earthquake|p1a: ヌメルゴン","|-damage|p1a: ヌメルゴン|320/384 slp","|-curestatus|p1a: ヌメルゴン|slp","|move|p1a: ヌメルゴン|Curse|p1a: ヌメルゴン","|-boost|p1a: ヌメルゴン|atk|1","|-boost|p1a: ヌメルゴン|def|1","|-unboost|p1a: ヌメルゴン|spe|1","|","|-heal|p1a: ヌメルゴン|344/384|[from] item: Leftovers","|turn|10","|","|move|p2a: Torterra|Toxic|p1a: ヌメルゴン","|-status|p1a: ヌメルゴン|tox","|move|p1a: ヌメルゴン|Curse|p1a: ヌメルゴン","|-boost|p1a: ヌメルゴン|atk|1","|-boost|p1a: ヌメルゴン|def|1","|-unboost|p1a: ヌメルゴン|spe|1","|","|-heal|p1a: ヌメルゴン|368/384 tox|[from] item: Leftovers","|-damage|p1a: ヌメルゴン|344/384 tox|[from] psn","|turn|11","|","|switch|p2a: Venusaur|Venusaur, F|363/363","|move|p1a: ヌメルゴン|Dragon Tail|p2a: Venusaur","|-damage|p2a: Venusaur|48/363","|drag|p2a: Breloom|Breloom, F|261/261","|","|-heal|p1a: ヌメルゴン|368/384 tox|[from] item: Leftovers","|-damage|p1a: ヌメルゴン|320/384 tox|[from] psn","|turn|12","|","|move|p2a: Breloom|Rock Tomb|p1a: ヌメルゴン","|-damage|p1a: ヌメルゴン|282/384 tox","|-unboost|p1a: ヌメルゴン|spe|1","|move|p1a: ヌメルゴン|Dragon Tail|p2a: Breloom|[miss]","|-miss|p1a: ヌメルゴン|p2a: Breloom","|","|-heal|p1a: ヌメルゴン|306/384 tox|[from] item: Leftovers","|-damage|p1a: ヌメルゴン|234/384 tox|[from] psn","|turn|13","|","|move|p2a: Breloom|Rock Tomb|p1a: ヌメルゴン","|-damage|p1a: ヌメルゴン|195/384 tox","|move|p1a: ヌメルゴン|Rest|p1a: ヌメルゴン","|-status|p1a: ヌメルゴン|slp","|-heal|p1a: ヌメルゴン|384/384 slp|[silent]","|-status|p1a: ヌメルゴン|slp|[from] move: Rest","|","|turn|14","|","|switch|p2a: Shiftry|Shiftry, F|5/321","|cant|p1a: ヌメルゴン|slp","|move|p1a: ヌメルゴン|Sleep Talk|p1a: ヌメルゴン","|move|p1a: ヌメルゴン|Rest|p1a: ヌメルゴン|[from]Sleep Talk","|-fail|p1a: ヌメルゴン","|","|turn|15","|","|move|p2a: Shiftry|Knock Off|p1a: ヌメルゴン","|-damage|p1a: ヌメルゴン|310/384 slp","|-enditem|p1a: ヌメルゴン|Leftovers|[from] move: Knock Off|[of] p2a: Shiftry","|-damage|p2a: Shiftry|0 fnt|[from] item: Life Orb","|faint|p2a: Shiftry","|cant|p1a: ヌメルゴン|slp","|move|p1a: ヌメルゴン|Sleep Talk|p1a: ヌメルゴン","|move|p1a: ヌメルゴン|Dragon Tail|p2: Shiftry|[from]Sleep Talk|[notarget]","|-notarget","|","|","|switch|p2a: Serperior|Serperior, M|60/291","|turn|16","|","|move|p2a: Serperior|Leaf Storm|p1a: ヌメルゴン","|-immune|p1a: ヌメルゴン|[msg]","|-curestatus|p1a: ヌメルゴン|slp","|move|p1a: ヌメルゴン|Dragon Tail|p2a: Serperior","|-damage|p2a: Serperior|0 fnt","|faint|p2a: Serperior","|","|","|switch|p2a: Torterra|Torterra, F|393/393","|turn|17","|","|move|p2a: Torterra|Earthquake|p1a: ヌメルゴン","|-damage|p1a: ヌメルゴン|262/384","|move|p1a: ヌメルゴン|Dragon Tail|p2a: Torterra","|-damage|p2a: Torterra|195/393","|-damage|p1a: ヌメルゴン|198/384|[from] item: Rocky Helmet|[of] p2a: Torterra","|drag|p2a: Ludicolo|Ludicolo, F|301/301","|","|turn|18","|","|move|p2a: Ludicolo|Scald|p1a: ヌメルゴン","|-resisted|p1a: ヌメルゴン","|-damage|p1a: ヌメルゴン|166/384","|move|p1a: ヌメルゴン|Rest|p1a: ヌメルゴン","|-status|p1a: ヌメルゴン|slp","|-heal|p1a: ヌメルゴン|384/384 slp|[silent]","|-status|p1a: ヌメルゴン|slp|[from] move: Rest","|","|turn|19","|","|move|p2a: Ludicolo|Focus Blast|p1a: ヌメルゴン","|-crit|p1a: ヌメルゴン","|-damage|p1a: ヌメルゴン|280/384 slp","|cant|p1a: ヌメルゴン|slp","|move|p1a: ヌメルゴン|Sleep Talk|p1a: ヌメルゴン","|move|p1a: ヌメルゴン|Dragon Tail|p2a: Ludicolo|[from]Sleep Talk","|-damage|p2a: Ludicolo|0 fnt","|faint|p2a: Ludicolo","|","|","|switch|p2a: Torterra|Torterra, F|195/393","|turn|20","|","|move|p2a: Torterra|Synthesis|p2a: Torterra","|-heal|p2a: Torterra|391/393","|cant|p1a: ヌメルゴン|slp","|move|p1a: ヌメルゴン|Sleep Talk|p1a: ヌメルゴン","|move|p1a: ヌメルゴン|Rest|p1a: ヌメルゴン|[from]Sleep Talk","|-fail|p1a: ヌメルゴン","|","|turn|21","|","|move|p2a: Torterra|Earthquake|p1a: ヌメルゴン","|-damage|p1a: ヌメルゴン|228/384 slp","|-curestatus|p1a: ヌメルゴン|slp","|move|p1a: ヌメルゴン|Dragon Tail|p2a: Torterra","|-damage|p2a: Torterra|201/393","|-damage|p1a: ヌメルゴン|164/384|[from] item: Rocky Helmet|[of] p2a: Torterra","|drag|p2a: Breloom|Breloom, F|261/261","|","|turn|22","|","|move|p2a: Breloom|Rock Tomb|p1a: ヌメルゴン|[miss]","|-miss|p2a: Breloom|p1a: ヌメルゴン","|move|p1a: ヌメルゴン|Dragon Tail|p2a: Breloom","|-enditem|p2a: Breloom|Focus Sash","|-damage|p2a: Breloom|1/261","|drag|p2a: Torterra|Torterra, F|201/393","|","|turn|23","|","|move|p2a: Torterra|Synthesis|p2a: Torterra","|-heal|p2a: Torterra|393/393","|move|p1a: ヌメルゴン|Dragon Tail|p2a: Torterra","|-damage|p2a: Torterra|198/393","|-damage|p1a: ヌメルゴン|100/384|[from] item: Rocky Helmet|[of] p2a: Torterra","|drag|p2a: Venusaur|Venusaur, F|48/363","|","|turn|24","|","|move|p2a: Venusaur|Synthesis|p2a: Venusaur","|-heal|p2a: Venusaur|229/363","|move|p1a: ヌメルゴン|Rest|p1a: ヌメルゴン","|-status|p1a: ヌメルゴン|slp","|-heal|p1a: ヌメルゴン|384/384 slp|[silent]","|-status|p1a: ヌメルゴン|slp|[from] move: Rest","|","|turn|25","|","|move|p2a: Venusaur|Sludge Bomb|p1a: ヌメルゴン","|-crit|p1a: ヌメルゴン","|-damage|p1a: ヌメルゴン|290/384 slp","|cant|p1a: ヌメルゴン|slp","|move|p1a: ヌメルゴン|Sleep Talk|p1a: ヌメルゴン","|move|p1a: ヌメルゴン|Dragon Tail|p2a: Venusaur|[from]Sleep Talk","|-crit|p2a: Venusaur","|-damage|p2a: Venusaur|0 fnt","|faint|p2a: Venusaur","|","|","|switch|p2a: Breloom|Breloom, F|1/261","|turn|26","|","|move|p2a: Breloom|Spore|p1a: ヌメルゴン","|-immune|p1a: ヌメルゴン|[msg]","|cant|p1a: ヌメルゴン|slp","|move|p1a: ヌメルゴン|Sleep Talk|p1a: ヌメルゴン","|move|p1a: ヌメルゴン|Rest|p1a: ヌメルゴン|[from]Sleep Talk","|-fail|p1a: ヌメルゴン","|","|turn|27","|","|move|p2a: Breloom|Spore|p1a: ヌメルゴン","|-immune|p1a: ヌメルゴン|[msg]","|-curestatus|p1a: ヌメルゴン|slp","|move|p1a: ヌメルゴン|Sleep Talk|p1a: ヌメルゴン","|-fail|p1a: ヌメルゴン","|","|turn|28","|","|move|p2a: Breloom|Spore|p1a: ヌメルゴン","|-immune|p1a: ヌメルゴン|[msg]","|move|p1a: ヌメルゴン|Sleep Talk|p1a: ヌメルゴン","|-fail|p1a: ヌメルゴン","|","|turn|29","|","|move|p2a: Breloom|Spore|p1a: ヌメルゴン","|-immune|p1a: ヌメルゴン|[msg]","|move|p1a: ヌメルゴン|Dragon Tail|p2a: Breloom","|-damage|p2a: Breloom|0 fnt","|faint|p2a: Breloom","|","|","|switch|p2a: Torterra|Torterra, F|198/393","|turn|30","|","|switch|p1a: キュレム|Kyurem-Black, shiny|391/391","|-ability|p1a: キュレム|Teravolt","|move|p2a: Torterra|Earthquake|p1a: キュレム","|-damage|p1a: キュレム|264/391","|","|turn|31","|","|move|p1a: キュレム|Freeze Shock|p2a: Torterra|[still]","|-prepare|p1a: キュレム|Freeze Shock|p2a: Torterra","|-enditem|p1a: キュレム|Power Herb","|-anim|p1a: キュレム|Freeze Shock|p2a: Torterra","|-supereffective|p2a: Torterra","|-damage|p2a: Torterra|0 fnt","|faint|p2a: Torterra","|","|win|MASTA_X☆용의 사용자"],"p1rating":{"entryid":"7303561","serverid":"eos","formatid":"monotype","userid":"mastax","username":"MASTAX☆용의 사용자","w":10,"l":"2","t":"0","gxe":70.3,"r":"1640.0752479501","rd":"106.41947832638","sigma":"0","rptime":"1438419600","rpr":1666.9258476127,"rprd":83.587601223428,"rpsigma":"0","acre":1230.1367587723,"lacre":1230.1367587723,"oldacre":"1211.6738698593"},"p2rating":{"entryid":"6528705","serverid":"eos","formatid":"monotype","userid":"guardtorterra","username":"Guard Torterra","w":"18","l":15,"t":"0","gxe":54.2,"r":"1540.4940480794","rd":"64.557217480286","sigma":"0","rptime":"1438419600","rpr":1532.3756280847,"rprd":63.646798100538,"rpsigma":"0","acre":1100.2020804551,"lacre":1100.2020804551,"oldacre":"1118.6649693681"},"endType":"normal"}