{"seed":[14285,5509,6644,34676],"turns":24,"p1":"Nеowulf","p2":"MrNyanNyanz","p1team":[{"name":"Hoopa-Unbound","species":"Hoopa-Unbound","item":"lifeorb","ability":"Magician","moves":["hyperspacefury","gunkshot","firepunch","knockoff"],"nature":"Jolly","evs":{"hp":0,"atk":252,"def":0,"spa":0,"spd":4,"spe":252},"ivs":{"hp":31,"atk":31,"def":31,"spa":31,"spd":31,"spe":31}},{"name":"Meloetta","species":"Meloetta","item":"assaultvest","ability":"Serene Grace","moves":["energyball","hypervoice","psyshock","shadowball"],"nature":"Calm","evs":{"hp":240,"atk":0,"def":0,"spa":16,"spd":252,"spe":0},"ivs":{"hp":31,"atk":31,"def":31,"spa":31,"spd":31,"spe":31}},{"name":"Victini","species":"Victini","item":"choicescarf","ability":"Victory Star","moves":["vcreate","boltstrike","zenheadbutt","uturn"],"nature":"Jolly","evs":{"hp":0,"atk":252,"def":0,"spa":0,"spd":4,"spe":252},"ivs":{"hp":31,"atk":31,"def":31,"spa":31,"spd":31,"spe":31}},{"name":"Medicham","species":"Medicham","item":"medichamite","ability":"Pure Power","moves":["fakeout","drainpunch","bulletpunch","icepunch"],"nature":"Jolly","evs":{"hp":0,"atk":252,"def":0,"spa":0,"spd":4,"spe":252},"ivs":{"hp":31,"atk":31,"def":31,"spa":31,"spd":31,"spe":31}},{"name":"Latios","species":"Latios","item":"lifeorb","ability":"Levitate","moves":["surf","hiddenpowerfire","dracometeor","roost"],"nature":"Timid","evs":{"hp":0,"atk":0,"def":0,"spa":252,"spd":4,"spe":252},"ivs":{"hp":31,"atk":30,"def":31,"spa":30,"spd":31,"spe":3}},{"name":"Mew","species":"Mew","item":"leftovers","ability":"Synchronize","moves":["stealthrock","defog","willowisp","roost"],"nature":"Impish","evs":{"hp":220,"atk":0,"def":252,"spa":0,"spd":36,"spe":0},"ivs":{"hp":31,"atk":31,"def":31,"spa":31,"spd":31,"spe":31}}],"p2team":[{"name":"Sableye","species":"Sableye","item":"sablenite","ability":"Prankster","moves":["shadowball","willowisp","calmmind","recover"],"nature":"Bold","evs":{"hp":252,"atk":0,"def":252,"spa":4,"spd":0,"spe":0},"ivs":{"hp":31,"atk":0,"def":31,"spa":31,"spd":31,"spe":0}},{"name":"Jellicent","species":"Jellicent","item":"leftovers","ability":"Cursed Body","moves":["scald","toxic","recover","trickroom"],"nature":"Calm","evs":{"hp":252,"atk":0,"def":0,"spa":4,"spd":252,"spe":0},"ivs":{"hp":31,"atk":0,"def":31,"spa":31,"spd":31,"spe":0}},{"name":"Aegislash","species":"Aegislash","item":"leftovers","ability":"Stance Change","moves":["ironhead","sacredsword","swordsdance","kingsshield"],"nature":"Adamant","evs":{"hp":252,"atk":252,"def":0,"spa":0,"spd":4,"spe":0},"ivs":{"hp":31,"atk":31,"def":31,"spa":31,"spd":31,"spe":0}},{"name":"Trevenant","species":"Trevenant","item":"lumberry","ability":"Harvest","moves":["honeclaws","hornleech","poisonjab","rest"],"nature":"Brave","evs":{"hp":248,"atk":252,"def":0,"spa":0,"spd":8,"spe":0},"ivs":{"hp":31,"atk":31,"def":31,"spa":31,"spd":31,"spe":0}},{"name":"Dusknoir","species":"Dusknoir","item":"leftovers","ability":"Pressure","moves":["trickroom","rockslide","shadowpunch","firepunch"],"nature":"Brave","evs":{"hp":252,"atk":252,"def":0,"spa":0,"spd":4,"spe":0},"ivs":{"hp":31,"atk":31,"def":31,"spa":31,"spd":31,"spe":0}},{"name":"Hoopa","species":"Hoopa","item":"lifeorb","ability":"Magician","moves":["shadowball","psyshock","trickroom","focusblast"],"nature":"Modest","evs":{"hp":252,"atk":0,"def":0,"spa":252,"spd":4,"spe":0},"ivs":{"hp":31,"atk":0,"def":31,"spa":31,"spd":31,"spe":0}}],"log":["|player|p1|Nеowulf|143","|player|p2|MrNyanNyanz|mrnyannyanz.png","|gametype|singles","|gen|6","|tier|Monotype","|rated","|rule|Baton Pass Clause: Limit one Baton Passer, can't pass Spe and other stats simultaneously","|rule|Swagger Clause: Swagger is banned","|rule|Same Type Clause: Pokémon in a team must share a type","|clearpoke","|poke|p1|Hoopa-Unbound","|poke|p1|Meloetta","|poke|p1|Victini","|poke|p1|Medicham, F","|poke|p1|Latios, M","|poke|p1|Mew","|poke|p2|Sableye, M","|poke|p2|Jellicent, M","|poke|p2|Aegislash, M","|poke|p2|Trevenant, F","|poke|p2|Dusknoir, M","|poke|p2|Hoopa","|rule|Sleep Clause Mod: Limit one foe put to sleep","|rule|Species Clause: Limit one of each Pokémon","|rule|OHKO Clause: OHKO moves are banned","|rule|Moody Clause: Moody is banned","|rule|Evasion Moves Clause: Evasion moves are banned","|rule|Endless Battle Clause: Forcing endless battles is banned","|rule|HP Percentage Mod: HP is shown in percentages","|teampreview","|","|start","|switch|p1a: Victini|Victini|341/341","|switch|p2a: Sableye|Sableye, M|304/304","|turn|1","|","|detailschange|p2a: Sableye|Sableye-Mega, M","|-mega|p2a: Sableye|Sableye|Sablenite","|move|p2a: Sableye|Calm Mind|p2a: Sableye","|-boost|p2a: Sableye|spa|1","|-boost|p2a: Sableye|spd|1","|move|p1a: Victini|V-create|p2a: Sableye","|-damage|p2a: Sableye|147/304","|-unboost|p1a: Victini|def|1","|-unboost|p1a: Victini|spd|1","|-unboost|p1a: Victini|spe|1","|","|turn|2","|","|switch|p2a: Jellicent|Jellicent, M|404/404","|move|p1a: Victini|V-create|p2a: Jellicent","|-resisted|p2a: Jellicent","|-damage|p2a: Jellicent|221/404","|-unboost|p1a: Victini|def|1","|-unboost|p1a: Victini|spd|1","|-unboost|p1a: Victini|spe|1","|","|-heal|p2a: Jellicent|246/404|[from] item: Leftovers","|turn|3","|","|switch|p1a: Meloetta|Meloetta|401/401","|move|p2a: Jellicent|Scald|p1a: Meloetta","|-damage|p1a: Meloetta|367/401","|","|-heal|p2a: Jellicent|271/404|[from] item: Leftovers","|turn|4","|","|move|p1a: Meloetta|Shadow Ball|p2a: Jellicent","|-supereffective|p2a: Jellicent","|-damage|p2a: Jellicent|159/404","|move|p2a: Jellicent|Toxic|p1a: Meloetta","|-status|p1a: Meloetta|tox","|","|-heal|p2a: Jellicent|184/404|[from] item: Leftovers","|-damage|p1a: Meloetta|342/401 tox|[from] psn","|turn|5","|","|switch|p1a: Hoopa-Unbound|Hoopa-Unbound|301/301","|move|p2a: Jellicent|Trick Room|p2a: Jellicent","|-fieldstart|move: Trick Room|[of] p2a: Jellicent","|","|-heal|p2a: Jellicent|209/404|[from] item: Leftovers","|turn|6","|","|switch|p2a: Sableye|Sableye-Mega, M|147/304","|move|p1a: Hoopa-Unbound|Knock Off|p2a: Sableye","|-damage|p2a: Sableye|30/304","|-damage|p1a: Hoopa-Unbound|271/301|[from] item: Life Orb","|","|turn|7","|","|move|p2a: Sableye|Recover|p2a: Sableye","|-heal|p2a: Sableye|182/304","|move|p1a: Hoopa-Unbound|Hyperspace Fury|p2a: Sableye","|-damage|p2a: Sableye|29/304","|-unboost|p1a: Hoopa-Unbound|def|1","|-damage|p1a: Hoopa-Unbound|241/301|[from] item: Life Orb","|","|turn|8","|","|switch|p1a: Victini|Victini|341/341","|move|p2a: Sableye|Will-O-Wisp|p1a: Victini","|-immune|p1a: Victini|[msg]","|","|turn|9","|","|move|p2a: Sableye|Recover|p2a: Sableye","|-heal|p2a: Sableye|181/304","|move|p1a: Victini|Bolt Strike|p2a: Sableye","|-damage|p2a: Sableye|97/304","|","|-fieldend|move: Trick Room","|turn|10","|","|move|p1a: Victini|Bolt Strike|p2a: Sableye","|-damage|p2a: Sableye|23/304","|move|p2a: Sableye|Recover|p2a: Sableye","|-heal|p2a: Sableye|175/304","|","|turn|11","|","|switch|p1a: Latios|Latios, M|301/301","|move|p2a: Sableye|Recover|p2a: Sableye","|-heal|p2a: Sableye|304/304","|","|turn|12","|","|switch|p1a: Victini|Victini|341/341","|switch|p2a: Jellicent|Jellicent, M|209/404","|","|-heal|p2a: Jellicent|234/404|[from] item: Leftovers","|turn|13","|","|move|p1a: Victini|U-turn|p2a: Jellicent","|-resisted|p2a: Jellicent","|-damage|p2a: Jellicent|188/404","|-start|p1a: Victini|Disable|U-turn","|","|switch|p1a: Hoopa-Unbound|Hoopa-Unbound|241/301","|move|p2a: Jellicent|Trick Room|p2a: Jellicent","|-fieldstart|move: Trick Room|[of] p2a: Jellicent","|","|-heal|p2a: Jellicent|213/404|[from] item: Leftovers","|turn|14","|","|switch|p2a: Sableye|Sableye-Mega, M|304/304","|move|p1a: Hoopa-Unbound|Hyperspace Fury|p2a: Sableye","|-damage|p2a: Sableye|132/304","|-unboost|p1a: Hoopa-Unbound|def|1","|-damage|p1a: Hoopa-Unbound|211/301|[from] item: Life Orb","|","|turn|15","|","|switch|p1a: Victini|Victini|341/341","|move|p2a: Sableye|Will-O-Wisp|p1a: Victini","|-immune|p1a: Victini|[msg]","|","|turn|16","|","|switch|p2a: Jellicent|Jellicent, M|213/404","|move|p1a: Victini|V-create|p2a: Jellicent","|-resisted|p2a: Jellicent","|-damage|p2a: Jellicent|43/404","|-unboost|p1a: Victini|def|1","|-unboost|p1a: Victini|spd|1","|-unboost|p1a: Victini|spe|1","|","|-heal|p2a: Jellicent|68/404|[from] item: Leftovers","|turn|17","|","|switch|p1a: Hoopa-Unbound|Hoopa-Unbound|211/301","|move|p2a: Jellicent|Recover|p2a: Jellicent","|-heal|p2a: Jellicent|270/404","|","|-heal|p2a: Jellicent|295/404|[from] item: Leftovers","|-fieldend|move: Trick Room","|turn|18","|","|switch|p2a: Sableye|Sableye-Mega, M|132/304","|move|p1a: Hoopa-Unbound|Knock Off|p2a: Sableye","|-damage|p2a: Sableye|25/304","|-damage|p1a: Hoopa-Unbound|181/301|[from] item: Life Orb","|","|turn|19","|","|move|p1a: Hoopa-Unbound|Knock Off|p2a: Sableye","|-damage|p2a: Sableye|0 fnt","|-damage|p1a: Hoopa-Unbound|151/301|[from] item: Life Orb","|faint|p2a: Sableye","|","|","|switch|p2a: Dusknoir|Dusknoir, M|294/294","|-ability|p2a: Dusknoir|Pressure","|turn|20","|","|move|p1a: Hoopa-Unbound|Knock Off|p2a: Dusknoir","|-supereffective|p2a: Dusknoir","|-damage|p2a: Dusknoir|0 fnt","|-enditem|p2a: Dusknoir|Leftovers|[from] move: Knock Off|[of] p1a: Hoopa-Unbound","|-damage|p1a: Hoopa-Unbound|121/301|[from] item: Life Orb","|faint|p2a: Dusknoir","|","|","|switch|p2a: Aegislash|Aegislash, M|324/324","|turn|21","|","|move|p1a: Hoopa-Unbound|Hyperspace Fury|p2a: Aegislash","|-supereffective|p2a: Aegislash","|-damage|p2a: Aegislash|0 fnt","|-unboost|p1a: Hoopa-Unbound|def|1","|-damage|p1a: Hoopa-Unbound|91/301|[from] item: Life Orb","|faint|p2a: Aegislash","|","|","|switch|p2a: Trevenant|Trevenant, F|373/373","|turn|22","|","|move|p1a: Hoopa-Unbound|Knock Off|p2a: Trevenant","|-supereffective|p2a: Trevenant","|-damage|p2a: Trevenant|0 fnt","|-enditem|p2a: Trevenant|Lum Berry|[from] move: Knock Off|[of] p1a: Hoopa-Unbound","|-damage|p1a: Hoopa-Unbound|61/301|[from] item: Life Orb","|faint|p2a: Trevenant","|","|","|switch|p2a: Jellicent|Jellicent, M|295/404","|turn|23","|","|move|p1a: Hoopa-Unbound|Knock Off|p2a: Jellicent","|-supereffective|p2a: Jellicent","|-damage|p2a: Jellicent|0 fnt","|-enditem|p2a: Jellicent|Leftovers|[from] move: Knock Off|[of] p1a: Hoopa-Unbound","|-damage|p1a: Hoopa-Unbound|31/301|[from] item: Life Orb","|faint|p2a: Jellicent","|","|","|switch|p2a: Hoopa|Hoopa|364/364","|turn|24","|","|move|p1a: Hoopa-Unbound|Knock Off|p2a: Hoopa","|-supereffective|p2a: Hoopa","|-damage|p2a: Hoopa|0 fnt","|-enditem|p2a: Hoopa|Life Orb|[from] move: Knock Off|[of] p1a: Hoopa-Unbound","|-damage|p1a: Hoopa-Unbound|1/301|[from] item: Life Orb","|faint|p2a: Hoopa","|","|win|Nеowulf"],"p1rating":{"entryid":"7257985","serverid":"eos","formatid":"monotype","userid":"nowulf","username":"Nеowulf","w":7,"l":"3","t":"0","gxe":60.5,"r":"1587.3719334351","rd":"110.96289401767","sigma":"0","rptime":"1438419600","rpr":1582.5224087129,"rprd":87.157358845254,"rpsigma":"0","acre":1127.2141363851,"lacre":1127.2141363851,"oldacre":"1101.2457878169"},"p2rating":{"entryid":"6703862","serverid":"eos","formatid":"monotype","userid":"mrnyannyanz","username":"MrNyanNyanz","w":"20","l":18,"t":"0","gxe":50,"r":"1506.9606390427","rd":"57.504566753378","sigma":"0","rptime":"1438419600","rpr":1500.0726975927,"rprd":56.847622696377,"rpsigma":"0","acre":1088.7417255878,"lacre":1088.7417255878,"oldacre":"1114.710074156"},"endType":"normal"}