{"seed":[18726,29519,44628,31226],"turns":23,"p1":"DpxYT","p2":"V Monocle","p1team":[{"name":"Terrakion","species":"Terrakion","item":"sitrusberry","ability":"Justified","moves":["closecombat","ironhead","sacredsword","rockslide"],"nature":"Jolly","evs":{"hp":0,"atk":252,"def":0,"spa":0,"spd":4,"spe":252},"ivs":{"hp":31,"atk":31,"def":31,"spa":31,"spd":31,"spe":31}},{"name":"Diancie","species":"Diancie","item":"leftovers","ability":"Clear Body","moves":["diamondstorm","ancientpower","moonblast","earthpower"],"nature":"Quiet","evs":{"hp":252,"atk":4,"def":0,"spa":252,"spd":0,"spe":0},"ivs":{"hp":31,"atk":31,"def":31,"spa":31,"spd":31,"spe":31}},{"name":"Tyranitar","species":"Tyranitar","item":"lifeorb","ability":"Sand Stream","moves":["thunderwave","rockslide","crunch","protect"],"nature":"Careful","evs":{"hp":248,"atk":8,"def":0,"spa":0,"spd":252,"spe":0},"ivs":{"hp":31,"atk":31,"def":31,"spa":31,"spd":31,"spe":31}},{"name":"Kabutops","species":"Kabutops","item":"choiceband","ability":"Swift Swim","moves":["aquajet","doubleedge","rockslide","superpower"],"nature":"Adamant","evs":{"hp":0,"atk":252,"def":0,"spa":0,"spd":4,"spe":252},"ivs":{"hp":31,"atk":31,"def":31,"spa":31,"spd":31,"spe":31}},{"name":"Cradily","species":"Cradily","item":"leftovers","ability":"Storm Drain","moves":["ancientpower","gigadrain","toxic","recover"],"nature":"Calm","evs":{"hp":252,"atk":0,"def":0,"spa":4,"spd":252,"spe":0},"ivs":{"hp":31,"atk":31,"def":31,"spa":31,"spd":31,"spe":31}},{"name":"Aerodactyl","species":"Aerodactyl","item":"aerodactylite","ability":"Rock Head","moves":["aerialace","dragonclaw","thunderfang","rockslide"],"nature":"Jolly","evs":{"hp":0,"atk":252,"def":0,"spa":0,"spd":4,"spe":252},"ivs":{"hp":31,"atk":31,"def":31,"spa":31,"spd":31,"spe":31}}],"p2team":[{"name":"Terrakion","species":"Terrakion","item":"choicescarf","ability":"Justified","moves":["earthquake","closecombat","stoneedge","poisonjab"],"nature":"Jolly","evs":{"hp":0,"atk":252,"def":0,"spa":0,"spd":4,"spe":252},"ivs":{"hp":31,"atk":31,"def":31,"spa":31,"spd":31,"spe":31}},{"name":"Aerodactyl","species":"Aerodactyl","item":"aerodactylite","ability":"Rock Head","moves":["dragonclaw","crunch","aerialace","icefang"],"nature":"Jolly","evs":{"hp":0,"atk":252,"def":0,"spa":0,"spd":4,"spe":252},"ivs":{"hp":31,"atk":31,"def":31,"spa":31,"spd":31,"spe":31}},{"name":"Carracosta","species":"Carracosta","item":"whiteherb","ability":"Sturdy","moves":["aquajet","shellsmash","knockoff","earthquake"],"nature":"Adamant","evs":{"hp":0,"atk":252,"def":0,"spa":0,"spd":4,"spe":252},"ivs":{"hp":31,"atk":31,"def":31,"spa":31,"spd":31,"spe":31}},{"name":"Cradily","species":"Cradily","item":"leftovers","ability":"Storm Drain","moves":["ancientpower","gigadrain","recover","toxic"],"nature":"Calm","evs":{"hp":252,"atk":0,"def":0,"spa":4,"spd":252,"spe":0},"ivs":{"hp":31,"atk":31,"def":31,"spa":31,"spd":31,"spe":31}},{"name":"Tyrantrum","species":"Tyrantrum","item":"choicescarf","ability":"Strong Jaw","moves":["crunch","icefang","firefang","dragonclaw"],"nature":"Jolly","evs":{"hp":0,"atk":252,"def":0,"spa":0,"spd":4,"spe":252},"ivs":{"hp":31,"atk":31,"def":31,"spa":31,"spd":31,"spe":31}},{"name":"Tyranitar","species":"Tyranitar","item":"focussash","ability":"Sand Stream","moves":["crunch","stealthrock","earthquake","superpower"],"nature":"Adamant","evs":{"hp":248,"atk":252,"def":0,"spa":0,"spd":8,"spe":0},"ivs":{"hp":31,"atk":31,"def":31,"spa":31,"spd":31,"spe":31}}],"log":["|player|p1|DpxYT|80","|player|p2|V Monocle|169","|gametype|singles","|gen|6","|tier|Monotype","|rated","|rule|Baton Pass Clause: Limit one Baton Passer, can't pass Spe and other stats simultaneously","|rule|Swagger Clause: Swagger is banned","|rule|Same Type Clause: Pokémon in a team must share a type","|clearpoke","|poke|p1|Terrakion","|poke|p1|Diancie","|poke|p1|Tyranitar, F","|poke|p1|Kabutops, F","|poke|p1|Cradily, M","|poke|p1|Aerodactyl, M","|poke|p2|Terrakion","|poke|p2|Aerodactyl, F","|poke|p2|Carracosta, F","|poke|p2|Cradily, F","|poke|p2|Tyrantrum, F","|poke|p2|Tyranitar, F","|rule|Sleep Clause Mod: Limit one foe put to sleep","|rule|Species Clause: Limit one of each Pokémon","|rule|OHKO Clause: OHKO moves are banned","|rule|Moody Clause: Moody is banned","|rule|Evasion Moves Clause: Evasion moves are banned","|rule|Endless Battle Clause: Forcing endless battles is banned","|rule|HP Percentage Mod: HP is shown in percentages","|teampreview","|","|start","|switch|p1a: Tyranitar|Tyranitar, F|403/403","|switch|p2a: Tyranitar|Tyranitar, F|403/403","|-weather|Sandstorm","|turn|1","|","|move|p1a: Tyranitar|Thunder Wave|p2a: Tyranitar","|-status|p2a: Tyranitar|par","|move|p2a: Tyranitar|Superpower|p1a: Tyranitar","|-supereffective|p1a: Tyranitar","|-damage|p1a: Tyranitar|0 fnt","|-unboost|p2a: Tyranitar|atk|1","|-unboost|p2a: Tyranitar|def|1","|faint|p1a: Tyranitar","|","|-weather|Sandstorm|[upkeep]","|","|switch|p1a: Terrakion|Terrakion|323/323","|turn|2","|","|move|p1a: Terrakion|Close Combat|p2a: Tyranitar","|-supereffective|p2a: Tyranitar","|-enditem|p2a: Tyranitar|Focus Sash","|-damage|p2a: Tyranitar|1/403 par","|-unboost|p1a: Terrakion|def|1","|-unboost|p1a: Terrakion|spd|1","|move|p2a: Tyranitar|Superpower|p1a: Terrakion","|-supereffective|p1a: Terrakion","|-damage|p1a: Terrakion|0 fnt","|-unboost|p2a: Tyranitar|atk|1","|-unboost|p2a: Tyranitar|def|1","|faint|p1a: Terrakion","|","|-weather|Sandstorm|[upkeep]","|","|switch|p1a: Kabutops|Kabutops, F|261/261","|turn|3","|","|switch|p2a: Cradily|Cradily, F|376/376","|move|p1a: Kabutops|Aqua Jet|p2a: Cradily","|-boost|p2a: Cradily|spa|1|[from] ability: Storm Drain","|","|-weather|Sandstorm|[upkeep]","|turn|4","|","|switch|p1a: Aerodactyl|Aerodactyl, M|301/301","|move|p2a: Cradily|Giga Drain|p1a: Aerodactyl","|-damage|p1a: Aerodactyl|202/301","|","|-weather|Sandstorm|[upkeep]","|turn|5","|","|detailschange|p1a: Aerodactyl|Aerodactyl-Mega, M","|-mega|p1a: Aerodactyl|Aerodactyl|Aerodactylite","|move|p1a: Aerodactyl|Aerial Ace|p2a: Cradily","|-damage|p2a: Cradily|228/376","|move|p2a: Cradily|Ancient Power|p1a: Aerodactyl","|-supereffective|p1a: Aerodactyl","|-damage|p1a: Aerodactyl|76/301","|","|-weather|none","|-heal|p2a: Cradily|251/376|[from] item: Leftovers","|turn|6","|","|move|p1a: Aerodactyl|Dragon Claw|p2a: Cradily","|-damage|p2a: Cradily|109/376","|move|p2a: Cradily|Recover|p2a: Cradily","|-heal|p2a: Cradily|297/376","|","|-heal|p2a: Cradily|320/376|[from] item: Leftovers","|turn|7","|","|switch|p1a: Cradily|Cradily, M|376/376","|move|p2a: Cradily|Giga Drain|p1a: Cradily","|-damage|p1a: Cradily|298/376","|-heal|p2a: Cradily|359/376|[from] drain|[of] p1a: Cradily","|","|-heal|p1a: Cradily|321/376|[from] item: Leftovers","|-heal|p2a: Cradily|376/376|[from] item: Leftovers","|turn|8","|","|move|p2a: Cradily|Toxic|p1a: Cradily","|-status|p1a: Cradily|tox","|move|p1a: Cradily|Toxic|p2a: Cradily","|-status|p2a: Cradily|tox","|","|-heal|p1a: Cradily|344/376 tox|[from] item: Leftovers","|-damage|p2a: Cradily|353/376 tox|[from] psn","|-damage|p1a: Cradily|321/376 tox|[from] psn","|turn|9","|","|move|p2a: Cradily|Ancient Power|p1a: Cradily","|-damage|p1a: Cradily|255/376 tox","|move|p1a: Cradily|Recover|p1a: Cradily","|-heal|p1a: Cradily|376/376 tox","|","|-heal|p2a: Cradily|376/376 tox|[from] item: Leftovers","|-damage|p2a: Cradily|330/376 tox|[from] psn","|-damage|p1a: Cradily|330/376 tox|[from] psn","|turn|10","|","|move|p1a: Cradily|Ancient Power|p2a: Cradily","|-damage|p2a: Cradily|291/376 tox","|move|p2a: Cradily|Ancient Power|p1a: Cradily","|-damage|p1a: Cradily|270/376 tox","|","|-heal|p2a: Cradily|314/376 tox|[from] item: Leftovers","|-heal|p1a: Cradily|293/376 tox|[from] item: Leftovers","|-damage|p1a: Cradily|224/376 tox|[from] psn","|-damage|p2a: Cradily|245/376 tox|[from] psn","|turn|11","|","|move|p1a: Cradily|Ancient Power|p2a: Cradily","|-damage|p2a: Cradily|202/376 tox","|move|p2a: Cradily|Ancient Power|p1a: Cradily","|-damage|p1a: Cradily|161/376 tox","|","|-heal|p2a: Cradily|225/376 tox|[from] item: Leftovers","|-heal|p1a: Cradily|184/376 tox|[from] item: Leftovers","|-damage|p1a: Cradily|92/376 tox|[from] psn","|-damage|p2a: Cradily|133/376 tox|[from] psn","|turn|12","|","|move|p1a: Cradily|Recover|p1a: Cradily","|-heal|p1a: Cradily|280/376 tox","|move|p2a: Cradily|Recover|p2a: Cradily","|-heal|p2a: Cradily|321/376 tox","|","|-heal|p2a: Cradily|344/376 tox|[from] item: Leftovers","|-heal|p1a: Cradily|303/376 tox|[from] item: Leftovers","|-damage|p1a: Cradily|188/376 tox|[from] psn","|-damage|p2a: Cradily|229/376 tox|[from] psn","|turn|13","|","|move|p2a: Cradily|Ancient Power|p1a: Cradily","|-damage|p1a: Cradily|128/376 tox","|move|p1a: Cradily|Recover|p1a: Cradily","|-heal|p1a: Cradily|316/376 tox","|","|-heal|p1a: Cradily|339/376 tox|[from] item: Leftovers","|-heal|p2a: Cradily|252/376 tox|[from] item: Leftovers","|-damage|p1a: Cradily|201/376 tox|[from] psn","|-damage|p2a: Cradily|114/376 tox|[from] psn","|turn|14","|","|move|p1a: Cradily|Ancient Power|p2a: Cradily","|-damage|p2a: Cradily|68/376 tox","|move|p2a: Cradily|Recover|p2a: Cradily","|-heal|p2a: Cradily|256/376 tox","|","|-heal|p1a: Cradily|224/376 tox|[from] item: Leftovers","|-heal|p2a: Cradily|279/376 tox|[from] item: Leftovers","|-damage|p1a: Cradily|63/376 tox|[from] psn","|-damage|p2a: Cradily|118/376 tox|[from] psn","|turn|15","|","|move|p2a: Cradily|Ancient Power|p1a: Cradily","|-damage|p1a: Cradily|3/376 tox","|move|p1a: Cradily|Recover|p1a: Cradily","|-heal|p1a: Cradily|191/376 tox","|","|-heal|p2a: Cradily|141/376 tox|[from] item: Leftovers","|-heal|p1a: Cradily|214/376 tox|[from] item: Leftovers","|-damage|p2a: Cradily|0 fnt|[from] psn","|-damage|p1a: Cradily|30/376 tox|[from] psn","|faint|p2a: Cradily","|","|switch|p2a: Terrakion|Terrakion|323/323","|turn|16","|","|move|p2a: Terrakion|Earthquake|p1a: Cradily","|-damage|p1a: Cradily|0 fnt","|faint|p1a: Cradily","|","|","|switch|p1a: Diancie|Diancie|304/304","|turn|17","|","|move|p2a: Terrakion|Earthquake|p1a: Diancie","|-supereffective|p1a: Diancie","|-damage|p1a: Diancie|124/304","|move|p1a: Diancie|Moonblast|p2a: Terrakion","|-supereffective|p2a: Terrakion","|-damage|p2a: Terrakion|0 fnt","|faint|p2a: Terrakion","|","|-heal|p1a: Diancie|143/304|[from] item: Leftovers","|","|switch|p2a: Carracosta|Carracosta, F|289/289","|turn|18","|","|move|p2a: Carracosta|Shell Smash|p2a: Carracosta","|-boost|p2a: Carracosta|atk|2","|-boost|p2a: Carracosta|spa|2","|-boost|p2a: Carracosta|spe|2","|-unboost|p2a: Carracosta|def|1","|-unboost|p2a: Carracosta|spd|1","|-enditem|p2a: Carracosta|White Herb","|-restoreboost|p2a: Carracosta|[silent]","|move|p1a: Diancie|Moonblast|p2a: Carracosta","|-damage|p2a: Carracosta|64/289","|","|-heal|p1a: Diancie|162/304|[from] item: Leftovers","|turn|19","|","|move|p2a: Carracosta|Earthquake|p1a: Diancie","|-supereffective|p1a: Diancie","|-damage|p1a: Diancie|0 fnt","|faint|p1a: Diancie","|","|","|switch|p1a: Kabutops|Kabutops, F|261/261","|turn|20","|","|move|p2a: Carracosta|Aqua Jet|p1a: Kabutops","|-damage|p1a: Kabutops|117/261","|move|p1a: Kabutops|Aqua Jet|p2a: Carracosta","|-damage|p2a: Carracosta|0 fnt","|faint|p2a: Carracosta","|","|","|switch|p2a: Tyrantrum|Tyrantrum, F|305/305","|turn|21","|","|move|p1a: Kabutops|Aqua Jet|p2a: Tyrantrum","|-damage|p2a: Tyrantrum|208/305","|move|p2a: Tyrantrum|Dragon Claw|p1a: Kabutops","|-damage|p1a: Kabutops|0 fnt","|faint|p1a: Kabutops","|","|","|switch|p1a: Aerodactyl|Aerodactyl-Mega, M|76/301","|turn|22","|","|switch|p2a: Tyranitar|Tyranitar, F|1/403 par","|-weather|Sandstorm","|move|p1a: Aerodactyl|Dragon Claw|p2a: Tyranitar","|-damage|p2a: Tyranitar|0 fnt","|faint|p2a: Tyranitar","|","|-weather|Sandstorm|[upkeep]","|","|switch|p2a: Aerodactyl|Aerodactyl, F|301/301","|turn|23","|","|detailschange|p2a: Aerodactyl|Aerodactyl-Mega, F","|-mega|p2a: Aerodactyl|Aerodactyl|Aerodactylite","|move|p1a: Aerodactyl|Thunder Fang|p2a: Aerodactyl","|-supereffective|p2a: Aerodactyl","|-damage|p2a: Aerodactyl|73/301","|move|p2a: Aerodactyl|Ice Fang|p1a: Aerodactyl","|-supereffective|p1a: Aerodactyl","|-damage|p1a: Aerodactyl|0 fnt","|faint|p1a: Aerodactyl","|","|win|V Monocle"],"p1rating":{"entryid":"7278102","serverid":"eos","formatid":"monotype","userid":"dpxyt","username":"DpxYT","w":"1","l":9,"t":"0","gxe":30.2,"r":"1454.5172685364","rd":"123.1120823442","sigma":"0","rptime":"1438419600","rpr":1337.5721364727,"rprd":86.742779499195,"rpsigma":"0","acre":1000,"lacre":1000,"oldacre":"1000"},"p2rating":{"entryid":7320079,"formatid":"monotype","userid":"vmonocle","username":"V Monocle","r":1500,"rd":130,"sigma":0,"rpr":1535.5545225831,"rprd":122.85641228994,"rpsigma":0,"rptime":1438419600,"w":1,"l":0,"t":0,"gxe":54.4,"acre":1040,"lacre":1040,"oldacre":1000},"endType":"normal"}