{"seed":[27311,14572,9003,20522],"turns":25,"p1":"log.history","p2":"Crystal Ings","p1team":[{"name":"terra 2 :P","species":"mamoswine","item":"choicescarf","ability":"Thick Fat","moves":["iciclecrash","earthquake","superpower","stoneedge"],"nature":"Adamant","evs":{"hp":0,"atk":252,"def":0,"spa":0,"spd":0,"spe":252},"ivs":{"hp":31,"atk":31,"def":31,"spa":31,"spd":31,"spe":31}},{"name":"i.will.steel.u","species":"steelix","item":"weaknesspolicy","ability":"Sturdy","moves":["gyroball","earthquake","stoneedge","payback"],"nature":"Adamant","evs":{"hp":252,"atk":228,"def":28,"spa":0,"spd":0,"spe":0},"ivs":{"hp":31,"atk":31,"def":31,"spa":31,"spd":31,"spe":0}},{"name":"il.erupt.u","species":"camerupt","item":"cameruptite","ability":"Solid Rock","moves":["flamethrower","ancientpower","flashcannon","earthpower"],"nature":"Modest","evs":{"hp":252,"atk":0,"def":0,"spa":252,"spd":0,"spe":0},"ivs":{"hp":31,"atk":31,"def":31,"spa":31,"spd":31,"spe":31}},{"name":"sluggish.stall","species":"gastrodon","item":"leftovers","ability":"Storm Drain","moves":["scald","clearsmog","recover","toxic"],"nature":"Calm","evs":{"hp":252,"atk":0,"def":0,"spa":4,"spd":252,"spe":0},"ivs":{"hp":31,"atk":31,"def":31,"spa":31,"spd":31,"spe":31}},{"name":"mre.like.digimon","species":"landorus","item":"lifeorb","ability":"Sheer Force","moves":["gravity","earthpower","sludgewave","psychic"],"nature":"Timid","evs":{"hp":0,"atk":0,"def":0,"spa":252,"spd":0,"spe":252},"ivs":{"hp":31,"atk":31,"def":31,"spa":31,"spd":31,"spe":31}},{"name":"island.aboard","species":"torterra","item":"focussash","ability":"Overgrow","moves":["earthquake","woodhammer","stoneedge","stealthrock"],"nature":"Adamant","evs":{"hp":252,"atk":4,"def":252,"spa":0,"spd":0,"spe":0},"ivs":{"hp":31,"atk":31,"def":31,"spa":31,"spd":31,"spe":31}}],"p2team":[{"name":"Volcarona","species":"Volcarona","item":"lumberry","ability":"Flame Body","moves":["quiverdance","bugbuzz","gigadrain","fierydance"],"nature":"Timid","evs":{"hp":248,"atk":0,"def":136,"spa":28,"spd":0,"spe":96},"gender":"F","ivs":{"hp":31,"atk":0,"def":31,"spa":31,"spd":31,"spe":31},"shiny":true},{"name":"Torkoal","species":"Torkoal","item":"leftovers","ability":"Shell Armor","moves":["yawn","stealthrock","rapidspin","earthpower"],"nature":"Bold","evs":{"hp":252,"atk":0,"def":252,"spa":4,"spd":0,"spe":0},"gender":"M","ivs":{"hp":31,"atk":0,"def":31,"spa":31,"spd":31,"spe":31}},{"name":"Fletchinder","species":"Fletchinder","item":"","ability":"Gale Wings","moves":["tailwind","swordsdance","overheat","acrobatics"],"nature":"Naughty","evs":{"hp":232,"atk":252,"def":0,"spa":0,"spd":0,"spe":24},"ivs":{"hp":31,"atk":31,"def":31,"spa":31,"spd":31,"spe":31}},{"name":"Charizard","species":"Charizard","item":"charizarditey","ability":"Blaze","moves":["solarbeam","defog","earthquake","flamethrower"],"nature":"Modest","evs":{"hp":0,"atk":4,"def":0,"spa":252,"spd":0,"spe":252},"ivs":{"hp":31,"atk":31,"def":31,"spa":31,"spd":31,"spe":31}},{"name":"Infernape","species":"Infernape","item":"lifeorb","ability":"Blaze","moves":["hiddenpowerice","closecombat","flamethrower","vacuumwave"],"nature":"Naive","evs":{"hp":0,"atk":4,"def":0,"spa":252,"spd":0,"spe":252},"ivs":{"hp":31,"atk":30,"def":30,"spa":31,"spd":31,"spe":31}},{"name":"Arcanine","species":"Arcanine","item":"assaultvest","ability":"Intimidate","moves":["extremespeed","wildcharge","flareblitz","bulldoze"],"nature":"Adamant","evs":{"hp":248,"atk":252,"def":0,"spa":0,"spd":0,"spe":8},"ivs":{"hp":31,"atk":31,"def":31,"spa":31,"spd":31,"spe":31}}],"log":["|player|p1|log.history|196","|player|p2|Crystal Ings|125","|gametype|singles","|gen|6","|tier|Monotype","|rated","|rule|Baton Pass Clause: Limit one Baton Passer, can't pass Spe and other stats simultaneously","|rule|Swagger Clause: Swagger is banned","|rule|Same Type Clause: Pokémon in a team must share a type","|clearpoke","|poke|p1|Mamoswine, M","|poke|p1|Steelix, M","|poke|p1|Camerupt, M","|poke|p1|Gastrodon, M","|poke|p1|Landorus, M","|poke|p1|Torterra, M","|poke|p2|Volcarona, F, shiny","|poke|p2|Torkoal, M","|poke|p2|Fletchinder, F","|poke|p2|Charizard, F","|poke|p2|Infernape, F","|poke|p2|Arcanine, M","|rule|Sleep Clause Mod: Limit one foe put to sleep","|rule|Species Clause: Limit one of each Pokémon","|rule|OHKO Clause: OHKO moves are banned","|rule|Moody Clause: Moody is banned","|rule|Evasion Moves Clause: Evasion moves are banned","|rule|Endless Battle Clause: Forcing endless battles is banned","|rule|HP Percentage Mod: HP is shown in percentages","|teampreview","|","|start","|switch|p1a: il.erupt.u|Camerupt, M|344/344","|switch|p2a: Torkoal|Torkoal, M|344/344","|turn|1","|","|switch|p2a: Fletchinder|Fletchinder, F|323/323","|detailschange|p1a: il.erupt.u|Camerupt-Mega, M","|-mega|p1a: il.erupt.u|Camerupt|Cameruptite","|move|p1a: il.erupt.u|Earth Power|p2a: Fletchinder","|-immune|p2a: Fletchinder|[msg]","|","|turn|2","|","|move|p2a: Fletchinder|Acrobatics|p1a: il.erupt.u","|-damage|p1a: il.erupt.u|190/344","|move|p1a: il.erupt.u|Ancient Power|p2a: Fletchinder","|-supereffective|p2a: Fletchinder","|-damage|p2a: Fletchinder|0 fnt","|faint|p2a: Fletchinder","|","|","|switch|p2a: Arcanine|Arcanine, M|383/383","|-ability|p2a: Arcanine|Intimidate","|-unboost|p1a: il.erupt.u|atk|1","|turn|3","|","|move|p2a: Arcanine|Bulldoze|p1a: il.erupt.u","|-supereffective|p1a: il.erupt.u","|-damage|p1a: il.erupt.u|50/344","|-unboost|p1a: il.erupt.u|spe|1","|move|p1a: il.erupt.u|Earth Power|p2a: Arcanine","|-supereffective|p2a: Arcanine","|-damage|p2a: Arcanine|0 fnt","|faint|p2a: Arcanine","|","|","|switch|p2a: Torkoal|Torkoal, M|344/344","|turn|4","|","|move|p2a: Torkoal|Earth Power|p1a: il.erupt.u","|-supereffective|p1a: il.erupt.u","|-damage|p1a: il.erupt.u|0 fnt","|faint|p1a: il.erupt.u","|","|","|switch|p1a: mre.like.digimon|Landorus, M|319/319","|turn|5","|","|move|p1a: mre.like.digimon|Gravity|p1a: mre.like.digimon","|-fieldstart|move: Gravity","|move|p2a: Torkoal|Stealth Rock|p1a: mre.like.digimon","|-sidestart|p1: log.history|move: Stealth Rock","|","|turn|6","|","|move|p1a: mre.like.digimon|Earth Power|p2a: Torkoal","|-supereffective|p2a: Torkoal","|-damage|p2a: Torkoal|0 fnt","|faint|p2a: Torkoal","|","|","|switch|p2a: Infernape|Infernape, F|293/293","|turn|7","|","|switch|p1a: sluggish.stall|Gastrodon, M|426/426","|-damage|p1a: sluggish.stall|400/426|[from] Stealth Rock","|move|p2a: Infernape|Hidden Power|p1a: sluggish.stall","|-damage|p1a: sluggish.stall|331/426","|-damage|p2a: Infernape|264/293|[from] item: Life Orb","|","|-heal|p1a: sluggish.stall|357/426|[from] item: Leftovers","|turn|8","|","|switch|p2a: Volcarona|Volcarona, F, shiny|373/373","|move|p1a: sluggish.stall|Scald|p2a: Volcarona","|-supereffective|p2a: Volcarona","|-damage|p2a: Volcarona|199/373","|","|-heal|p1a: sluggish.stall|383/426|[from] item: Leftovers","|turn|9","|","|move|p2a: Volcarona|Quiver Dance|p2a: Volcarona","|-boost|p2a: Volcarona|spa|1","|-boost|p2a: Volcarona|spd|1","|-boost|p2a: Volcarona|spe|1","|move|p1a: sluggish.stall|Clear Smog|p2a: Volcarona","|-damage|p2a: Volcarona|175/373","|-clearboost|p2a: Volcarona","|","|-heal|p1a: sluggish.stall|409/426|[from] item: Leftovers","|-fieldend|move: Gravity","|turn|10","|","|move|p2a: Volcarona|Quiver Dance|p2a: Volcarona","|-boost|p2a: Volcarona|spa|1","|-boost|p2a: Volcarona|spd|1","|-boost|p2a: Volcarona|spe|1","|move|p1a: sluggish.stall|Clear Smog|p2a: Volcarona","|-damage|p2a: Volcarona|149/373","|-clearboost|p2a: Volcarona","|","|-heal|p1a: sluggish.stall|426/426|[from] item: Leftovers","|turn|11","|","|move|p2a: Volcarona|Giga Drain|p1a: sluggish.stall","|-supereffective|p1a: sluggish.stall","|-damage|p1a: sluggish.stall|154/426","|-heal|p2a: Volcarona|285/373|[from] drain|[of] p1a: sluggish.stall","|move|p1a: sluggish.stall|Clear Smog|p2a: Volcarona","|-damage|p2a: Volcarona|251/373","|-clearboost|p2a: Volcarona","|","|-heal|p1a: sluggish.stall|180/426|[from] item: Leftovers","|turn|12","|","|move|p2a: Volcarona|Quiver Dance|p2a: Volcarona","|-boost|p2a: Volcarona|spa|1","|-boost|p2a: Volcarona|spd|1","|-boost|p2a: Volcarona|spe|1","|move|p1a: sluggish.stall|Clear Smog|p2a: Volcarona","|-damage|p2a: Volcarona|228/373","|-clearboost|p2a: Volcarona","|","|-heal|p1a: sluggish.stall|206/426|[from] item: Leftovers","|turn|13","|","|move|p2a: Volcarona|Quiver Dance|p2a: Volcarona","|-boost|p2a: Volcarona|spa|1","|-boost|p2a: Volcarona|spd|1","|-boost|p2a: Volcarona|spe|1","|move|p1a: sluggish.stall|Clear Smog|p2a: Volcarona","|-damage|p2a: Volcarona|202/373","|-clearboost|p2a: Volcarona","|","|-heal|p1a: sluggish.stall|232/426|[from] item: Leftovers","|turn|14","|","|move|p2a: Volcarona|Quiver Dance|p2a: Volcarona","|-boost|p2a: Volcarona|spa|1","|-boost|p2a: Volcarona|spd|1","|-boost|p2a: Volcarona|spe|1","|move|p1a: sluggish.stall|Clear Smog|p2a: Volcarona","|-damage|p2a: Volcarona|177/373","|-clearboost|p2a: Volcarona","|","|-heal|p1a: sluggish.stall|258/426|[from] item: Leftovers","|turn|15","|","|move|p2a: Volcarona|Quiver Dance|p2a: Volcarona","|-boost|p2a: Volcarona|spa|1","|-boost|p2a: Volcarona|spd|1","|-boost|p2a: Volcarona|spe|1","|move|p1a: sluggish.stall|Clear Smog|p2a: Volcarona","|-damage|p2a: Volcarona|152/373","|-clearboost|p2a: Volcarona","|","|-heal|p1a: sluggish.stall|284/426|[from] item: Leftovers","|turn|16","|","|move|p2a: Volcarona|Quiver Dance|p2a: Volcarona","|-boost|p2a: Volcarona|spa|1","|-boost|p2a: Volcarona|spd|1","|-boost|p2a: Volcarona|spe|1","|move|p1a: sluggish.stall|Clear Smog|p2a: Volcarona","|-damage|p2a: Volcarona|129/373","|-clearboost|p2a: Volcarona","|","|-heal|p1a: sluggish.stall|310/426|[from] item: Leftovers","|turn|17","|","|move|p2a: Volcarona|Giga Drain|p1a: sluggish.stall","|-supereffective|p1a: sluggish.stall","|-damage|p1a: sluggish.stall|38/426","|-heal|p2a: Volcarona|265/373|[from] drain|[of] p1a: sluggish.stall","|move|p1a: sluggish.stall|Scald|p2a: Volcarona","|-supereffective|p2a: Volcarona","|-damage|p2a: Volcarona|79/373","|","|-heal|p1a: sluggish.stall|64/426|[from] item: Leftovers","|turn|18","|","|move|p2a: Volcarona|Giga Drain|p1a: sluggish.stall","|-supereffective|p1a: sluggish.stall","|-damage|p1a: sluggish.stall|0 fnt","|-heal|p2a: Volcarona|111/373|[from] drain|[of] p1a: sluggish.stall","|faint|p1a: sluggish.stall","|","|","|switch|p1a: terra 2 :P|Mamoswine, M|361/361","|-damage|p1a: terra 2 :P|316/361|[from] Stealth Rock","|turn|19","|","|move|p1a: terra 2 :P|Stone Edge|p2a: Volcarona","|-supereffective|p2a: Volcarona","|-damage|p2a: Volcarona|0 fnt","|faint|p2a: Volcarona","|","|","|switch|p2a: Infernape|Infernape, F|264/293","|turn|20","|","|switch|p1a: i.will.steel.u|Steelix, M|354/354","|-damage|p1a: i.will.steel.u|343/354|[from] Stealth Rock","|move|p2a: Infernape|Close Combat|p1a: i.will.steel.u","|-supereffective|p1a: i.will.steel.u","|-damage|p1a: i.will.steel.u|122/354","|-enditem|p1a: i.will.steel.u|Weakness Policy","|-boost|p1a: i.will.steel.u|atk|2|[from] item: Weakness Policy","|-boost|p1a: i.will.steel.u|spa|2|[from] item: Weakness Policy","|-unboost|p2a: Infernape|def|1","|-unboost|p2a: Infernape|spd|1","|-damage|p2a: Infernape|235/293|[from] item: Life Orb","|","|turn|21","|","|move|p2a: Infernape|Flamethrower|p1a: i.will.steel.u","|-supereffective|p1a: i.will.steel.u","|-damage|p1a: i.will.steel.u|0 fnt","|-damage|p2a: Infernape|206/293|[from] item: Life Orb","|faint|p1a: i.will.steel.u","|","|","|switch|p1a: mre.like.digimon|Landorus, M|319/319","|-damage|p1a: mre.like.digimon|280/319|[from] Stealth Rock","|turn|22","|","|move|p2a: Infernape|Hidden Power|p1a: mre.like.digimon","|-crit|p1a: mre.like.digimon","|-supereffective|p1a: mre.like.digimon","|-damage|p1a: mre.like.digimon|0 fnt","|-damage|p2a: Infernape|177/293|[from] item: Life Orb","|faint|p1a: mre.like.digimon","|","|","|switch|p1a: terra 2 :P|Mamoswine, M|316/361","|-damage|p1a: terra 2 :P|271/361|[from] Stealth Rock","|turn|23","|","|switch|p2a: Charizard|Charizard, F|297/297","|move|p1a: terra 2 :P|Earthquake|p2a: Charizard","|-immune|p2a: Charizard|[msg]","|","|turn|24","|","|switch|p1a: island.aboard|Torterra, M|394/394","|-damage|p1a: island.aboard|370/394|[from] Stealth Rock","|detailschange|p2a: Charizard|Charizard-Mega-Y, F","|-mega|p2a: Charizard|Charizard|Charizardite Y","|-weather|SunnyDay","|move|p2a: Charizard|Flamethrower|p1a: island.aboard","|-supereffective|p1a: island.aboard","|-damage|p1a: island.aboard|0 fnt","|faint|p1a: island.aboard","|","|-weather|SunnyDay|[upkeep]","|","|switch|p1a: terra 2 :P|Mamoswine, M|271/361","|-damage|p1a: terra 2 :P|226/361|[from] Stealth Rock","|turn|25","|","|move|p1a: terra 2 :P|Stone Edge|p2a: Charizard|[miss]","|-miss|p1a: terra 2 :P|p2a: Charizard","|move|p2a: Charizard|Flamethrower|p1a: terra 2 :P","|-supereffective|p1a: terra 2 :P","|-damage|p1a: terra 2 :P|0 fnt","|faint|p1a: terra 2 :P","|","|win|Crystal Ings"],"p1rating":{"entryid":"6603473","serverid":"eos","formatid":"monotype","userid":"loghistory","username":"log.history","w":"53","l":30,"t":"0","gxe":64.5,"r":"1626.1706508105","rd":"42.016989617486","sigma":"0","rptime":"1438419600","rpr":1612.6860316282,"rprd":41.558639249795,"rpsigma":"0","acre":1220.2594268936,"lacre":1220.2594268936,"oldacre":"1261.1633058683"},"p2rating":{"entryid":7327806,"formatid":"monotype","userid":"crystalings","username":"Crystal Ings","r":1500,"rd":130,"sigma":0,"rpr":1557.8489072049,"rprd":122.77449028671,"rpsigma":0,"rptime":1438419600,"w":1,"l":0,"t":0,"gxe":57.2,"acre":1065.4462063596,"lacre":1065.4462063596,"oldacre":1000},"endType":"normal"}