{"seed":[24550,22813,59834,15954],"turns":29,"p1":"Seven Swell","p2":"Alliance-C-Control","p1team":[{"name":"Mew","species":"Mew","item":"leftovers","ability":"Synchronize","moves":["roost","toxic","healbell","aurasphere"],"nature":"Calm","evs":{"hp":252,"atk":0,"def":0,"spa":4,"spd":252,"spe":0},"ivs":{"hp":31,"atk":31,"def":31,"spa":31,"spd":31,"spe":31}},{"name":"Slowbro","species":"Slowbro","item":"rockyhelmet","ability":"Regenerator","moves":["scald","yawn","flamethrower","slackoff"],"nature":"Bold","evs":{"hp":252,"atk":0,"def":252,"spa":4,"spd":0,"spe":0},"ivs":{"hp":31,"atk":31,"def":31,"spa":31,"spd":31,"spe":31}},{"name":"Deoxys-Speed","species":"Deoxys-Speed","item":"focussash","ability":"Pressure","moves":["stealthrock","spikes","thunderwave","icebeam"],"nature":"Timid","evs":{"hp":252,"atk":0,"def":44,"spa":0,"spd":0,"spe":212},"ivs":{"hp":31,"atk":31,"def":31,"spa":31,"spd":31,"spe":31}},{"name":"Gardevoir","species":"Gardevoir","item":"gardevoirite","ability":"Trace","moves":["hypervoice","psyshock","destinybond","thunderbolt"],"nature":"Timid","evs":{"hp":0,"atk":0,"def":0,"spa":252,"spd":0,"spe":252},"ivs":{"hp":31,"atk":0,"def":31,"spa":31,"spd":31,"spe":31}},{"name":"Latias","species":"Latias","item":"leftovers","ability":"Levitate","moves":["dracometeor","psyshock","roost","defog"],"nature":"Timid","evs":{"hp":252,"atk":0,"def":0,"spa":4,"spd":0,"spe":252},"ivs":{"hp":31,"atk":31,"def":31,"spa":31,"spd":31,"spe":31}},{"name":"Hoopa-Unbound","species":"Hoopa-Unbound","item":"focussash","ability":"Magician","moves":["hyperspacefury","drainpunch","firepunch","gunkshot"],"nature":"Adamant","evs":{"hp":0,"atk":252,"def":0,"spa":0,"spd":4,"spe":252},"ivs":{"hp":31,"atk":31,"def":31,"spa":31,"spd":31,"spe":31}}],"p2team":[{"name":"Zapdos","species":"Zapdos","item":"rockyhelmet","ability":"Pressure","moves":["defog","heatwave","voltswitch","roost"],"nature":"Modest","evs":{"hp":248,"atk":0,"def":0,"spa":252,"spd":8,"spe":0},"ivs":{"hp":31,"atk":31,"def":31,"spa":31,"spd":31,"spe":31}},{"name":"Magnezone","species":"Magnezone","item":"choicescarf","ability":"Analytic","moves":["flashcannon","hiddenpowerice","voltswitch","mirrorcoat"],"nature":"Timid","evs":{"hp":0,"atk":0,"def":0,"spa":252,"spd":4,"spe":252},"ivs":{"hp":31,"atk":30,"def":30,"spa":31,"spd":31,"spe":31}},{"name":"Rotom-Wash","species":"Rotom-Wash","item":"leftovers","ability":"Levitate","moves":["hydropump","willowisp","voltswitch","painsplit"],"nature":"Bold","evs":{"hp":252,"atk":0,"def":248,"spa":8,"spd":0,"spe":0},"ivs":{"hp":31,"atk":31,"def":31,"spa":31,"spd":31,"spe":31}},{"name":"Zebstrika","species":"Zebstrika","item":"leftovers","ability":"Sap Sipper","moves":["flamecharge","bounce","mefirst","snatch"],"nature":"Jolly","evs":{"hp":0,"atk":252,"def":0,"spa":0,"spd":4,"spe":252},"happiness":0,"ivs":{"hp":31,"atk":31,"def":31,"spa":31,"spd":31,"spe":31}},{"name":"Thundurus","species":"Thundurus","item":"leftovers","ability":"Prankster","moves":["flashcannon","superpower","thunderbolt","thunderwave"],"nature":"Hasty","evs":{"hp":0,"atk":4,"def":0,"spa":252,"spd":0,"spe":252},"ivs":{"hp":31,"atk":31,"def":31,"spa":31,"spd":31,"spe":31}},{"name":"Emolga","species":"Emolga","item":"sitrusberry","ability":"Motor Drive","moves":["acrobatics","roost","uturn","tailwind"],"nature":"Adamant","evs":{"hp":0,"atk":252,"def":0,"spa":0,"spd":4,"spe":252},"ivs":{"hp":31,"atk":31,"def":31,"spa":31,"spd":31,"spe":31}}],"log":["|player|p1|Seven Swell|sevenswell.png","|player|p2|Alliance-C-Control|190","|gametype|singles","|gen|6","|tier|Monotype","|rated","|rule|Baton Pass Clause: Limit one Baton Passer, can't pass Spe and other stats simultaneously","|rule|Swagger Clause: Swagger is banned","|rule|Same Type Clause: Pokémon in a team must share a type","|clearpoke","|poke|p1|Mew","|poke|p1|Slowbro, F","|poke|p1|Deoxys-Speed","|poke|p1|Gardevoir, M","|poke|p1|Latias, F","|poke|p1|Hoopa-Unbound","|poke|p2|Zapdos","|poke|p2|Magnezone","|poke|p2|Rotom-Wash","|poke|p2|Zebstrika, F","|poke|p2|Thundurus, M","|poke|p2|Emolga, M","|rule|Sleep Clause Mod: Limit one foe put to sleep","|rule|Species Clause: Limit one of each Pokémon","|rule|OHKO Clause: OHKO moves are banned","|rule|Moody Clause: Moody is banned","|rule|Evasion Moves Clause: Evasion moves are banned","|rule|Endless Battle Clause: Forcing endless battles is banned","|rule|HP Percentage Mod: HP is shown in percentages","|teampreview","|","|start","|switch|p1a: Mew|Mew|404/404","|switch|p2a: Rotom-Wash|Rotom-Wash|304/304","|turn|1","|","|move|p1a: Mew|Toxic|p2a: Rotom-Wash","|-status|p2a: Rotom-Wash|tox","|move|p2a: Rotom-Wash|Volt Switch|p1a: Mew","|-damage|p1a: Mew|337/404","|","|switch|p2a: Thundurus|Thundurus, M|299/299","|","|-heal|p1a: Mew|362/404|[from] item: Leftovers","|turn|2","|","|move|p2a: Thundurus|Thunder Wave|p1a: Mew","|-status|p1a: Mew|par","|cant|p1a: Mew|par","|","|-heal|p1a: Mew|387/404 par|[from] item: Leftovers","|turn|3","|","|switch|p2a: Magnezone|Magnezone|281/281","|move|p1a: Mew|Heal Bell|p1a: Mew","|-cureteam|p1a: Mew|[from] move: HealBell","|","|-heal|p1a: Mew|404/404|[from] item: Leftovers","|turn|4","|","|move|p2a: Magnezone|Volt Switch|p1a: Mew","|-damage|p1a: Mew|314/404","|","|switch|p2a: Emolga|Emolga, M|251/251","|move|p1a: Mew|Aura Sphere|p2a: Emolga","|-resisted|p2a: Emolga","|-damage|p2a: Emolga|205/251","|","|-heal|p1a: Mew|339/404|[from] item: Leftovers","|turn|5","|","|switch|p1a: Latias|Latias, F|364/364","|move|p2a: Emolga|U-turn|p1a: Latias","|-supereffective|p1a: Latias","|-damage|p1a: Latias|218/364","|","|switch|p2a: Thundurus|Thundurus, M|299/299","|","|-heal|p1a: Latias|240/364|[from] item: Leftovers","|turn|6","|","|move|p2a: Thundurus|Thunder Wave|p1a: Latias","|-status|p1a: Latias|par","|move|p1a: Latias|Draco Meteor|p2a: Thundurus","|-damage|p2a: Thundurus|95/299","|-unboost|p1a: Latias|spa|2","|","|-heal|p2a: Thundurus|113/299|[from] item: Leftovers","|-heal|p1a: Latias|262/364 par|[from] item: Leftovers","|turn|7","|","|switch|p2a: Magnezone|Magnezone|281/281","|switch|p1a: Mew|Mew|339/404","|","|-heal|p1a: Mew|364/404|[from] item: Leftovers","|turn|8","|","|move|p2a: Magnezone|Volt Switch|p1a: Mew","|-damage|p1a: Mew|270/404","|","|switch|p2a: Emolga|Emolga, M|205/251","|move|p1a: Mew|Heal Bell|p1a: Mew","|-cureteam|p1a: Mew|[from] move: HealBell","|","|-heal|p1a: Mew|295/404|[from] item: Leftovers","|turn|9","|","|switch|p1a: Slowbro|Slowbro, F|394/394","|move|p2a: Emolga|U-turn|p1a: Slowbro","|-supereffective|p1a: Slowbro","|-damage|p1a: Slowbro|300/394","|-damage|p2a: Emolga|164/251|[from] item: Rocky Helmet|[of] p1a: Slowbro","|","|switch|p2a: Thundurus|Thundurus, M|113/299","|","|-heal|p2a: Thundurus|131/299|[from] item: Leftovers","|turn|10","|","|switch|p1a: Mew|Mew|295/404","|move|p2a: Thundurus|Thunderbolt|p1a: Mew","|-damage|p1a: Mew|183/404","|","|-heal|p2a: Thundurus|149/299|[from] item: Leftovers","|-heal|p1a: Mew|208/404|[from] item: Leftovers","|turn|11","|","|move|p2a: Thundurus|Thunderbolt|p1a: Mew","|-damage|p1a: Mew|88/404","|move|p1a: Mew|Roost|p1a: Mew","|-heal|p1a: Mew|290/404","|","|-heal|p2a: Thundurus|167/299|[from] item: Leftovers","|-heal|p1a: Mew|315/404|[from] item: Leftovers","|turn|12","|","|move|p2a: Thundurus|Thunder Wave|p1a: Mew","|-status|p1a: Mew|par","|cant|p1a: Mew|par","|","|-heal|p2a: Thundurus|185/299|[from] item: Leftovers","|-heal|p1a: Mew|340/404 par|[from] item: Leftovers","|turn|13","|","|move|p2a: Thundurus|Thunderbolt|p1a: Mew","|-damage|p1a: Mew|223/404 par","|move|p1a: Mew|Toxic|p2a: Thundurus","|-status|p2a: Thundurus|tox","|","|-heal|p2a: Thundurus|203/299 tox|[from] item: Leftovers","|-heal|p1a: Mew|248/404 par|[from] item: Leftovers","|-damage|p2a: Thundurus|185/299 tox|[from] psn","|turn|14","|","|switch|p2a: Emolga|Emolga, M|164/251","|cant|p1a: Mew|par","|","|-heal|p1a: Mew|273/404 par|[from] item: Leftovers","|turn|15","|","|switch|p1a: Latias|Latias, F|262/364","|move|p2a: Emolga|Roost|p2a: Emolga","|-heal|p2a: Emolga|251/251","|","|-heal|p1a: Latias|284/364|[from] item: Leftovers","|turn|16","|","|switch|p2a: Magnezone|Magnezone|281/281","|move|p1a: Latias|Draco Meteor|p2a: Magnezone","|-resisted|p2a: Magnezone","|-damage|p2a: Magnezone|194/281","|-unboost|p1a: Latias|spa|2","|","|-heal|p1a: Latias|306/364|[from] item: Leftovers","|turn|17","|","|move|p2a: Magnezone|Volt Switch|p1a: Latias","|-crit|p1a: Latias","|-resisted|p1a: Latias","|-damage|p1a: Latias|231/364","|","|switch|p2a: Zapdos|Zapdos|383/383","|-ability|p2a: Zapdos|Pressure","|move|p1a: Latias|Roost|p1a: Latias","|-heal|p1a: Latias|364/364","|","|turn|18","|","|switch|p1a: Mew|Mew|273/404 par","|move|p2a: Zapdos|Volt Switch|p1a: Mew","|-damage|p1a: Mew|183/404 par","|","|switch|p2a: Zebstrika|Zebstrika, F|291/291","|","|-heal|p1a: Mew|208/404 par|[from] item: Leftovers","|turn|19","|","|move|p2a: Zebstrika|Snatch|p2a: Zebstrika","|-singleturn|p2a: Zebstrika|Snatch","|cant|p1a: Mew|par","|","|-heal|p1a: Mew|233/404 par|[from] item: Leftovers","|turn|20","|","|switch|p1a: Latias|Latias, F|364/364","|move|p2a: Zebstrika|Snatch|p2a: Zebstrika","|-singleturn|p2a: Zebstrika|Snatch","|","|turn|21","|","|switch|p2a: Zapdos|Zapdos|383/383","|-ability|p2a: Zapdos|Pressure","|move|p1a: Latias|Draco Meteor|p2a: Zapdos","|-damage|p2a: Zapdos|191/383","|-unboost|p1a: Latias|spa|2","|","|turn|22","|","|switch|p1a: Mew|Mew|233/404 par","|move|p2a: Zapdos|Roost|p2a: Zapdos","|-heal|p2a: Zapdos|383/383","|","|-heal|p1a: Mew|258/404 par|[from] item: Leftovers","|turn|23","|","|move|p2a: Zapdos|Volt Switch|p1a: Mew","|-damage|p1a: Mew|162/404 par","|","|switch|p2a: Thundurus|Thundurus, M|185/299 tox","|move|p1a: Mew|Roost|p1a: Mew","|-heal|p1a: Mew|364/404 par","|","|-heal|p2a: Thundurus|203/299 tox|[from] item: Leftovers","|-heal|p1a: Mew|389/404 par|[from] item: Leftovers","|-damage|p2a: Thundurus|185/299 tox|[from] psn","|turn|24","|","|switch|p2a: Emolga|Emolga, M|251/251","|cant|p1a: Mew|par","|","|-heal|p1a: Mew|404/404 par|[from] item: Leftovers","|turn|25","|","|switch|p1a: Slowbro|Slowbro, F|394/394","|move|p2a: Emolga|U-turn|p1a: Slowbro","|-supereffective|p1a: Slowbro","|-damage|p1a: Slowbro|314/394","|-damage|p2a: Emolga|210/251|[from] item: Rocky Helmet|[of] p1a: Slowbro","|","|switch|p2a: Magnezone|Magnezone|194/281","|","|turn|26","|","|switch|p1a: Mew|Mew|404/404 par","|move|p2a: Magnezone|Volt Switch|p1a: Mew","|-damage|p1a: Mew|295/404 par","|","|switch|p2a: Zebstrika|Zebstrika, F|291/291","|","|-heal|p1a: Mew|320/404 par|[from] item: Leftovers","|turn|27","|","|switch|p2a: Zapdos|Zapdos|383/383","|-ability|p2a: Zapdos|Pressure","|move|p1a: Mew|Toxic|p2a: Zapdos","|-status|p2a: Zapdos|tox","|","|-heal|p1a: Mew|345/404 par|[from] item: Leftovers","|-damage|p2a: Zapdos|360/383 tox|[from] psn","|turn|28","|","|move|p2a: Zapdos|Volt Switch|p1a: Mew","|-damage|p1a: Mew|245/404 par","|","|switch|p2a: Zebstrika|Zebstrika, F|291/291","|move|p1a: Mew|Heal Bell|p1a: Mew","|-cureteam|p1a: Mew|[from] move: HealBell","|","|-heal|p1a: Mew|270/404|[from] item: Leftovers","|turn|29","|","|switch|p2a: Magnezone|Magnezone|194/281","|move|p1a: Mew|Aura Sphere|p2a: Magnezone","|-crit|p2a: Magnezone","|-supereffective|p2a: Magnezone","|-damage|p2a: Magnezone|0 fnt","|faint|p2a: Magnezone","|","|-heal|p1a: Mew|295/404|[from] item: Leftovers","|","|win|Seven Swell"],"p1rating":{"entryid":"7267988","serverid":"eos","formatid":"monotype","userid":"sevenswell","username":"Seven Swell","w":13,"l":"7","t":"0","gxe":61.3,"r":"1567.1915192808","rd":"73.69736110994","sigma":"0","rptime":"1438419600","rpr":1588.2430104123,"rprd":70.896455614303,"rpsigma":"0","acre":1229.5795806384,"lacre":1229.5795806384,"oldacre":"1208.1327016582"},"p2rating":{"entryid":"6440455","serverid":"eos","formatid":"monotype","userid":"allianceccontrol","username":"Alliance-C-Control","w":"220","l":292,"t":"0","gxe":41.9,"r":"1437.6253948805","rd":"25","sigma":"0","rptime":"1438419600","rpr":1438.6337923558,"rprd":25,"rpsigma":"0","acre":1136.9700287238,"lacre":1136.9700287238,"oldacre":"1158.416907704"},"endType":"forfeit"}