{"seed":[35092,31967,20407,6184],"turns":18,"p1":"MasterMonocle","p2":"Traine✘ Chief","p1team":[{"name":"Terrakion","species":"Terrakion","item":"choicescarf","ability":"Justified","moves":["earthquake","closecombat","xscissor","poisonjab"],"nature":"Jolly","evs":{"hp":0,"atk":252,"def":0,"spa":0,"spd":4,"spe":252},"ivs":{"hp":31,"atk":31,"def":31,"spa":31,"spd":31,"spe":31}},{"name":"Aerodactyl","species":"Aerodactyl","item":"aerodactylite","ability":"Rock Head","moves":["dragonclaw","roost","aquatail","icefang"],"nature":"Jolly","evs":{"hp":0,"atk":252,"def":0,"spa":0,"spd":4,"spe":252},"ivs":{"hp":31,"atk":31,"def":31,"spa":31,"spd":31,"spe":31}},{"name":"Carracosta","species":"Carracosta","item":"whiteherb","ability":"Sturdy","moves":["aquajet","shellsmash","knockoff","earthquake"],"nature":"Adamant","evs":{"hp":0,"atk":252,"def":0,"spa":0,"spd":4,"spe":252},"ivs":{"hp":31,"atk":31,"def":31,"spa":31,"spd":31,"spe":31}},{"name":"Cradily","species":"Cradily","item":"leftovers","ability":"Storm Drain","moves":["ancientpower","gigadrain","recover","toxic"],"nature":"Calm","evs":{"hp":252,"atk":0,"def":0,"spa":4,"spd":252,"spe":0},"ivs":{"hp":31,"atk":31,"def":31,"spa":31,"spd":31,"spe":31}},{"name":"Tyrantrum","species":"Tyrantrum","item":"choicescarf","ability":"Strong Jaw","moves":["crunch","icefang","firefang","dragonclaw"],"nature":"Jolly","evs":{"hp":0,"atk":252,"def":0,"spa":0,"spd":4,"spe":252},"ivs":{"hp":31,"atk":31,"def":31,"spa":31,"spd":31,"spe":31}},{"name":"Tyranitar","species":"Tyranitar","item":"focussash","ability":"Sand Stream","moves":["crunch","stealthrock","earthquake","superpower"],"nature":"Adamant","evs":{"hp":248,"atk":252,"def":0,"spa":0,"spd":8,"spe":0},"ivs":{"hp":31,"atk":31,"def":31,"spa":31,"spd":31,"spe":31}}],"p2team":[{"name":"Cofagrigus","species":"Cofagrigus","item":"leftovers","ability":"Mummy","moves":["toxic","willowisp","trickroom","hex"],"nature":"Sassy","evs":{"hp":252,"atk":0,"def":0,"spa":4,"spd":252,"spe":0},"ivs":{"hp":31,"atk":31,"def":31,"spa":31,"spd":31,"spe":0}},{"name":"Aegislash","species":"Aegislash","item":"weaknesspolicy","ability":"Stance Change","moves":["swordsdance","kingsshield","shadowsneak","ironhead"],"nature":"Adamant","evs":{"hp":248,"atk":252,"def":0,"spa":0,"spd":8,"spe":0},"ivs":{"hp":31,"atk":31,"def":31,"spa":31,"spd":31,"spe":31}},{"name":"Banette","species":"Banette","item":"banettite","ability":"Cursed Body","moves":["cottonguard","shadowclaw","knockoff","willowisp"],"nature":"Adamant","evs":{"hp":248,"atk":252,"def":0,"spa":0,"spd":8,"spe":0},"gender":"F","ivs":{"hp":31,"atk":31,"def":31,"spa":31,"spd":31,"spe":31}},{"name":"Dusknoir","species":"Dusknoir","item":"leftovers","ability":"Pressure","moves":["icepunch","shadowsneak","poweruppunch","counter"],"nature":"Adamant","evs":{"hp":248,"atk":252,"def":0,"spa":0,"spd":8,"spe":0},"ivs":{"hp":31,"atk":31,"def":31,"spa":31,"spd":31,"spe":31}},{"name":"Jellicent","species":"Jellicent","item":"leftovers","ability":"Water Absorb","moves":["scald","icebeam","shadowball","substitute"],"nature":"Calm","evs":{"hp":248,"atk":0,"def":0,"spa":100,"spd":160,"spe":0},"ivs":{"hp":31,"atk":31,"def":31,"spa":31,"spd":31,"spe":31}},{"name":"Shedinja","species":"Shedinja","item":"focussash","ability":"Wonder Guard","moves":["swordsdance","shadowsneak","xscissor","confuseray"],"nature":"Adamant","evs":{"hp":0,"atk":252,"def":4,"spa":0,"spd":0,"spe":252},"ivs":{"hp":31,"atk":31,"def":31,"spa":31,"spd":31,"spe":31}}],"log":["|player|p1|MasterMonocle|169","|player|p2|Traine✘ Chief|127","|gametype|singles","|gen|6","|tier|Monotype","|rated","|rule|Baton Pass Clause: Limit one Baton Passer, can't pass Spe and other stats simultaneously","|rule|Swagger Clause: Swagger is banned","|rule|Same Type Clause: Pokémon in a team must share a type","|clearpoke","|poke|p1|Terrakion","|poke|p1|Aerodactyl, M","|poke|p1|Carracosta, F","|poke|p1|Cradily, F","|poke|p1|Tyrantrum, F","|poke|p1|Tyranitar, M","|poke|p2|Cofagrigus, M","|poke|p2|Aegislash, F","|poke|p2|Banette, F","|poke|p2|Dusknoir, M","|poke|p2|Jellicent, M","|poke|p2|Shedinja","|rule|Sleep Clause Mod: Limit one foe put to sleep","|rule|Species Clause: Limit one of each Pokémon","|rule|OHKO Clause: OHKO moves are banned","|rule|Moody Clause: Moody is banned","|rule|Evasion Moves Clause: Evasion moves are banned","|rule|Endless Battle Clause: Forcing endless battles is banned","|rule|HP Percentage Mod: HP is shown in percentages","|teampreview","|","|start","|switch|p1a: Tyranitar|Tyranitar, M|403/403","|switch|p2a: Cofagrigus|Cofagrigus, M|320/320","|-weather|Sandstorm","|turn|1","|","|move|p1a: Tyranitar|Stealth Rock|p2a: Cofagrigus","|-sidestart|p2: Traine✘ Chief|move: Stealth Rock","|move|p2a: Cofagrigus|Trick Room|p2a: Cofagrigus","|-fieldstart|move: Trick Room|[of] p2a: Cofagrigus","|","|-weather|Sandstorm|[upkeep]","|-damage|p2a: Cofagrigus|300/320|[from] sandstorm","|-heal|p2a: Cofagrigus|320/320|[from] item: Leftovers","|turn|2","|","|move|p2a: Cofagrigus|Will-O-Wisp|p1a: Tyranitar","|-status|p1a: Tyranitar|brn","|move|p1a: Tyranitar|Crunch|p2a: Cofagrigus","|-supereffective|p2a: Cofagrigus","|-damage|p2a: Cofagrigus|194/320","|-endability|p1a: Tyranitar|sandstream|[from] Mummy","|-ability|p1a: Tyranitar|Mummy|[from] Mummy","|-unboost|p2a: Cofagrigus|def|1","|","|-weather|Sandstorm|[upkeep]","|-damage|p2a: Cofagrigus|174/320|[from] sandstorm","|-heal|p2a: Cofagrigus|194/320|[from] item: Leftovers","|-damage|p1a: Tyranitar|353/403 brn|[from] brn","|turn|3","|","|switch|p2a: Aegislash|Aegislash, F|323/323","|-damage|p2a: Aegislash|303/323|[from] Stealth Rock","|move|p1a: Tyranitar|Crunch|p2a: Aegislash","|-supereffective|p2a: Aegislash","|-damage|p2a: Aegislash|185/323","|-enditem|p2a: Aegislash|Weakness Policy","|-boost|p2a: Aegislash|atk|2|[from] item: Weakness Policy","|-boost|p2a: Aegislash|spa|2|[from] item: Weakness Policy","|","|-weather|Sandstorm|[upkeep]","|-damage|p1a: Tyranitar|303/403 brn|[from] brn","|turn|4","|","|move|p2a: Aegislash|King's Shield|p2a: Aegislash","|-singleturn|p2a: Aegislash|Protect","|move|p1a: Tyranitar|Earthquake|p2a: Aegislash","|-activate|p2a: Aegislash|Protect","|","|-weather|Sandstorm|[upkeep]","|-damage|p1a: Tyranitar|253/403 brn|[from] brn","|turn|5","|","|move|p2a: Aegislash|Swords Dance|p2a: Aegislash","|-boost|p2a: Aegislash|atk|2","|move|p1a: Tyranitar|Crunch|p2a: Aegislash","|-supereffective|p2a: Aegislash","|-damage|p2a: Aegislash|68/323","|","|-weather|none","|-damage|p1a: Tyranitar|203/403 brn|[from] brn","|-fieldend|move: Trick Room","|turn|6","|","|-formechange|p2a: Aegislash|Aegislash-Blade","|move|p2a: Aegislash|Shadow Sneak|p1a: Tyranitar","|-resisted|p1a: Tyranitar","|-damage|p1a: Tyranitar|89/403 brn","|move|p1a: Tyranitar|Crunch|p2a: Aegislash","|-supereffective|p2a: Aegislash","|-damage|p2a: Aegislash|0 fnt","|faint|p2a: Aegislash","|","|-damage|p1a: Tyranitar|39/403 brn|[from] brn","|","|switch|p2a: Cofagrigus|Cofagrigus, M|194/320","|-damage|p2a: Cofagrigus|154/320|[from] Stealth Rock","|turn|7","|","|switch|p1a: Cradily|Cradily, F|376/376","|move|p2a: Cofagrigus|Trick Room|p2a: Cofagrigus","|-fieldstart|move: Trick Room|[of] p2a: Cofagrigus","|","|-heal|p2a: Cofagrigus|174/320|[from] item: Leftovers","|turn|8","|","|move|p2a: Cofagrigus|Toxic|p1a: Cradily","|-status|p1a: Cradily|tox","|move|p1a: Cradily|Toxic|p2a: Cofagrigus","|-status|p2a: Cofagrigus|tox","|","|-heal|p2a: Cofagrigus|194/320 tox|[from] item: Leftovers","|-damage|p2a: Cofagrigus|174/320 tox|[from] psn","|-damage|p1a: Cradily|353/376 tox|[from] psn","|turn|9","|","|move|p2a: Cofagrigus|Hex|p1a: Cradily","|-damage|p1a: Cradily|254/376 tox","|move|p1a: Cradily|Giga Drain|p2a: Cofagrigus","|-damage|p2a: Cofagrigus|120/320 tox","|-heal|p1a: Cradily|281/376 tox|[from] drain|[of] p2a: Cofagrigus","|","|-heal|p2a: Cofagrigus|140/320 tox|[from] item: Leftovers","|-heal|p1a: Cradily|304/376 tox|[from] item: Leftovers","|-damage|p2a: Cofagrigus|100/320 tox|[from] psn","|-damage|p1a: Cradily|258/376 tox|[from] psn","|turn|10","|","|move|p2a: Cofagrigus|Hex|p1a: Cradily","|-damage|p1a: Cradily|164/376 tox","|move|p1a: Cradily|Giga Drain|p2a: Cofagrigus","|-damage|p2a: Cofagrigus|52/320 tox","|-heal|p1a: Cradily|188/376 tox|[from] drain|[of] p2a: Cofagrigus","|","|-heal|p2a: Cofagrigus|72/320 tox|[from] item: Leftovers","|-heal|p1a: Cradily|211/376 tox|[from] item: Leftovers","|-damage|p2a: Cofagrigus|12/320 tox|[from] psn","|-damage|p1a: Cradily|142/376 tox|[from] psn","|turn|11","|","|move|p2a: Cofagrigus|Hex|p1a: Cradily","|-damage|p1a: Cradily|45/376 tox","|move|p1a: Cradily|Recover|p1a: Cradily","|-heal|p1a: Cradily|233/376 tox","|","|-heal|p2a: Cofagrigus|32/320 tox|[from] item: Leftovers","|-heal|p1a: Cradily|256/376 tox|[from] item: Leftovers","|-damage|p2a: Cofagrigus|0 fnt|[from] psn","|-damage|p1a: Cradily|164/376 tox|[from] psn","|-fieldend|move: Trick Room","|faint|p2a: Cofagrigus","|","|switch|p2a: Banette|Banette, F|331/331","|-damage|p2a: Banette|290/331|[from] Stealth Rock","|turn|12","|","|detailschange|p2a: Banette|Banette-Mega, F","|-mega|p2a: Banette|Banette|Banettite","|move|p2a: Banette|Cotton Guard|p2a: Banette","|-boost|p2a: Banette|def|3","|move|p1a: Cradily|Toxic|p2a: Banette","|-status|p2a: Banette|tox","|","|-heal|p1a: Cradily|187/376 tox|[from] item: Leftovers","|-damage|p2a: Banette|270/331 tox|[from] psn","|-damage|p1a: Cradily|72/376 tox|[from] psn","|turn|13","|","|move|p2a: Banette|Shadow Claw|p1a: Cradily","|-damage|p1a: Cradily|0 fnt","|faint|p1a: Cradily","|","|-damage|p2a: Banette|230/331 tox|[from] psn","|","|switch|p1a: Carracosta|Carracosta, F|289/289","|turn|14","|","|move|p2a: Banette|Will-O-Wisp|p1a: Carracosta","|-status|p1a: Carracosta|brn","|move|p1a: Carracosta|Shell Smash|p1a: Carracosta","|-boost|p1a: Carracosta|atk|2","|-boost|p1a: Carracosta|spa|2","|-boost|p1a: Carracosta|spe|2","|-unboost|p1a: Carracosta|def|1","|-unboost|p1a: Carracosta|spd|1","|-enditem|p1a: Carracosta|White Herb","|-restoreboost|p1a: Carracosta|[silent]","|","|-damage|p1a: Carracosta|253/289 brn|[from] brn","|-damage|p2a: Banette|170/331 tox|[from] psn","|turn|15","|","|move|p1a: Carracosta|Knock Off|p2a: Banette","|-supereffective|p2a: Banette","|-damage|p2a: Banette|97/331 tox","|move|p2a: Banette|Shadow Claw|p1a: Carracosta","|-damage|p1a: Carracosta|130/289 brn","|","|-damage|p1a: Carracosta|94/289 brn|[from] brn","|-damage|p2a: Banette|17/331 tox|[from] psn","|turn|16","|","|move|p1a: Carracosta|Aqua Jet|p2a: Banette","|-damage|p2a: Banette|0 fnt","|faint|p2a: Banette","|","|-damage|p1a: Carracosta|58/289 brn|[from] brn","|","|switch|p2a: Jellicent|Jellicent, M|403/403","|-damage|p2a: Jellicent|353/403|[from] Stealth Rock","|turn|17","|","|move|p1a: Carracosta|Knock Off|p2a: Jellicent","|-supereffective|p2a: Jellicent","|-damage|p2a: Jellicent|67/403","|-enditem|p2a: Jellicent|Leftovers|[from] move: Knock Off|[of] p1a: Carracosta","|move|p2a: Jellicent|Substitute|p2a: Jellicent","|-fail|p2a: Jellicent|move: Substitute|[weak]","|","|-damage|p1a: Carracosta|22/289 brn|[from] brn","|turn|18","|","|win|MasterMonocle"],"p1rating":{"entryid":"7284071","serverid":"eos","formatid":"monotype","userid":"mastermonocle","username":"MasterMonocle","w":9,"l":"3","t":"0","gxe":64.9,"r":"1629.4208565733","rd":"86.895087476065","sigma":"0","rptime":"1438419600","rpr":1619.0834678427,"rprd":82.751052878791,"rpsigma":"0","acre":1147.3327925157,"lacre":1147.3327925157,"oldacre":"1117.589915592"},"p2rating":{"entryid":"7268014","serverid":"eos","formatid":"monotype","userid":"trainechief","username":"Traine✘ Chief","w":"14","l":10,"t":"0","gxe":54.4,"r":"1528.3016149862","rd":"69.49252107079","sigma":"0","rptime":"1438419600","rpr":1533.8914780952,"rprd":66.401878113908,"rpsigma":"0","acre":1154.5691215661,"lacre":1154.5691215661,"oldacre":"1184.3119984898"},"endType":"forfeit"}