{"seed":[17520,16587,60672,57104],"turns":20,"p1":"Inferno Ace","p2":"Sovereign♕Cactus","p1team":[{"name":"ヌメルゴン","species":"goodra","item":"leftovers","ability":"Sap Sipper","moves":["curse","dragontail","rest","sleeptalk"],"nature":"Careful","evs":{"hp":252,"atk":0,"def":4,"spa":0,"spd":252,"spe":0},"ivs":{"hp":31,"atk":31,"def":31,"spa":31,"spd":31,"spe":31}},{"name":"ボーマンダ","species":"salamence","item":"choicescarf","ability":"Moxie","moves":["outrage","aerialace","steelwing","earthquake"],"nature":"Jolly","evs":{"hp":0,"atk":252,"def":4,"spa":0,"spd":0,"spe":252},"ivs":{"hp":31,"atk":31,"def":31,"spa":31,"spd":31,"spe":31}},{"name":"キュレム","species":"kyuremblack","item":"powerherb","ability":"Teravolt","moves":["freezeshock","fusionbolt","outrage","dracometeor"],"nature":"Naive","evs":{"hp":0,"atk":252,"def":0,"spa":60,"spd":0,"spe":196},"shiny":true,"ivs":{"hp":31,"atk":31,"def":31,"spa":31,"spd":31,"spe":31}},{"name":"サザンドラ","species":"hydreigon","item":"lifeorb","ability":"Levitate","moves":["darkpulse","flamethrower","dracometeor","flashcannon"],"nature":"Timid","evs":{"hp":4,"atk":0,"def":0,"spa":252,"spd":0,"spe":252},"shiny":true,"ivs":{"hp":31,"atk":31,"def":31,"spa":31,"spd":31,"spe":31}},{"name":"ガチゴラス","species":"tyrantrum","item":"focussash","ability":"Rock Head","moves":["stealthrock","headsmash","earthquake","dragondance"],"nature":"Adamant","evs":{"hp":0,"atk":252,"def":4,"spa":0,"spd":0,"spe":252},"ivs":{"hp":31,"atk":31,"def":31,"spa":31,"spd":31,"spe":31}},{"name":"チルタリス","species":"altaria","item":"altarianite","ability":"Natural Cure","moves":["agility","hypervoice","fireblast","hiddenpowerground"],"nature":"Modest","evs":{"hp":0,"atk":0,"def":4,"spa":252,"spd":0,"spe":252},"ivs":{"hp":31,"atk":31,"def":31,"spa":30,"spd":30,"spe":31},"happiness":0}],"p2team":[{"name":"Kermit On Roids","species":"seismitoad","item":"assaultvest","ability":"Water Absorb","moves":["earthquake","scald","grassknot","sludgewave"],"nature":"Mild","evs":{"hp":252,"atk":4,"def":0,"spa":252,"spd":0,"spe":0},"shiny":true,"ivs":{"hp":31,"atk":31,"def":31,"spa":31,"spd":31,"spe":31}},{"name":"Barney On Roids","species":"garchomp","item":"garchompite","ability":"Sand Veil","moves":["dracometeor","stoneedge","fireblast","earthquake"],"nature":"Naive","evs":{"hp":248,"atk":252,"def":0,"spa":8,"spd":0,"spe":0},"shiny":true,"ivs":{"hp":31,"atk":31,"def":31,"spa":31,"spd":31,"spe":31}},{"name":"DigDug On Roids","species":"excadrill","item":"lifeorb","ability":"Sand Rush","moves":["earthquake","xscissor","swordsdance","ironhead"],"nature":"Adamant","evs":{"hp":0,"atk":252,"def":0,"spa":0,"spd":4,"spe":252},"shiny":true,"ivs":{"hp":31,"atk":31,"def":31,"spa":31,"spd":31,"spe":31}},{"name":"Sonic On Roids","species":"gliscor","item":"toxicorb","ability":"Poison Heal","moves":["protect","substitute","toxic","earthquake"],"nature":"Impish","evs":{"hp":248,"atk":0,"def":188,"spa":0,"spd":0,"spe":72},"shiny":true,"ivs":{"hp":31,"atk":31,"def":31,"spa":31,"spd":31,"spe":31}},{"name":"Hulk W/o Roids","species":"landorus","item":"lifeorb","ability":"Sheer Force","moves":["earthpower","focusblast","psychic","gravity"],"nature":"Timid","evs":{"hp":0,"atk":0,"def":0,"spa":252,"spd":4,"spe":252},"shiny":true,"ivs":{"hp":31,"atk":31,"def":31,"spa":31,"spd":31,"spe":31}},{"name":"Numel On Roids","species":"hippowdon","item":"leftovers","ability":"Sand Stream","moves":["earthquake","slackoff","stealthrock","whirlwind"],"nature":"Adamant","evs":{"hp":252,"atk":252,"def":0,"spa":0,"spd":4,"spe":0},"shiny":true,"ivs":{"hp":31,"atk":31,"def":31,"spa":31,"spd":31,"spe":31}}],"log":["|player|p1|Inferno Ace|alliancewutang.png","|player|p2|Sovereign♕Cactus|251","|gametype|singles","|gen|6","|tier|Monotype","|rated","|rule|Baton Pass Clause: Limit one Baton Passer, can't pass Spe and other stats simultaneously","|rule|Swagger Clause: Swagger is banned","|rule|Same Type Clause: Pokémon in a team must share a type","|clearpoke","|poke|p1|Goodra, M","|poke|p1|Salamence, M","|poke|p1|Kyurem-Black, shiny","|poke|p1|Hydreigon, M, shiny","|poke|p1|Tyrantrum, M","|poke|p1|Altaria, F","|poke|p2|Seismitoad, M, shiny","|poke|p2|Garchomp, M, shiny","|poke|p2|Excadrill, F, shiny","|poke|p2|Gliscor, M, shiny","|poke|p2|Landorus, M, shiny","|poke|p2|Hippowdon, F, shiny","|rule|Sleep Clause Mod: Limit one foe put to sleep","|rule|Species Clause: Limit one of each Pokémon","|rule|OHKO Clause: OHKO moves are banned","|rule|Moody Clause: Moody is banned","|rule|Evasion Moves Clause: Evasion moves are banned","|rule|Endless Battle Clause: Forcing endless battles is banned","|rule|HP Percentage Mod: HP is shown in percentages","|teampreview","|","|start","|switch|p1a: キュレム|Kyurem-Black, shiny|391/391","|switch|p2a: Numel On Roids|Hippowdon, F, shiny|420/420","|-ability|p1a: キュレム|Teravolt","|-weather|Sandstorm","|turn|1","|","|move|p1a: キュレム|Freeze Shock|p2a: Numel On Roids|[still]","|-prepare|p1a: キュレム|Freeze Shock|p2a: Numel On Roids","|-enditem|p1a: キュレム|Power Herb","|-anim|p1a: キュレム|Freeze Shock|p2a: Numel On Roids","|-supereffective|p2a: Numel On Roids","|-damage|p2a: Numel On Roids|0 fnt","|faint|p2a: Numel On Roids","|","|-weather|Sandstorm|[upkeep]","|-damage|p1a: キュレム|367/391|[from] sandstorm","|","|switch|p2a: Hulk W/o Roids|Landorus, M, shiny|319/319","|turn|2","|","|move|p2a: Hulk W/o Roids|Earth Power|p1a: キュレム","|-damage|p1a: キュレム|81/391","|move|p1a: キュレム|Draco Meteor|p2a: Hulk W/o Roids","|-damage|p2a: Hulk W/o Roids|112/319","|-unboost|p1a: キュレム|spa|2","|","|-weather|Sandstorm|[upkeep]","|-damage|p1a: キュレム|57/391|[from] sandstorm","|turn|3","|","|move|p2a: Hulk W/o Roids|Earth Power|p1a: キュレム","|-damage|p1a: キュレム|0 fnt","|faint|p1a: キュレム","|","|-weather|Sandstorm|[upkeep]","|","|switch|p1a: チルタリス|Altaria, F|291/291","|turn|4","|","|move|p2a: Hulk W/o Roids|Psychic|p1a: チルタリス","|-damage|p1a: チルタリス|131/291","|move|p1a: チルタリス|Agility|p1a: チルタリス","|-boost|p1a: チルタリス|spe|2","|","|-weather|Sandstorm|[upkeep]","|-damage|p1a: チルタリス|113/291|[from] sandstorm","|turn|5","|","|detailschange|p1a: チルタリス|Altaria-Mega, F","|-mega|p1a: チルタリス|Altaria|Altarianite","|move|p1a: チルタリス|Hyper Voice|p2a: Hulk W/o Roids","|-damage|p2a: Hulk W/o Roids|0 fnt","|faint|p2a: Hulk W/o Roids","|","|-weather|none","|","|switch|p2a: Kermit On Roids|Seismitoad, M, shiny|414/414","|turn|6","|","|move|p1a: チルタリス|Hyper Voice|p2a: Kermit On Roids","|-damage|p2a: Kermit On Roids|234/414","|move|p2a: Kermit On Roids|Sludge Wave|p1a: チルタリス","|-supereffective|p1a: チルタリス","|-damage|p1a: チルタリス|0 fnt","|faint|p1a: チルタリス","|","|","|switch|p1a: ヌメルゴン|Goodra, M|384/384","|turn|7","|","|move|p1a: ヌメルゴン|Curse|p1a: ヌメルゴン","|-boost|p1a: ヌメルゴン|atk|1","|-boost|p1a: ヌメルゴン|def|1","|-unboost|p1a: ヌメルゴン|spe|1","|move|p2a: Kermit On Roids|Scald|p1a: ヌメルゴン","|-resisted|p1a: ヌメルゴン","|-damage|p1a: ヌメルゴン|353/384","|","|-heal|p1a: ヌメルゴン|377/384|[from] item: Leftovers","|turn|8","|","|switch|p2a: Barney On Roids|Garchomp, M, shiny|419/419","|move|p1a: ヌメルゴン|Curse|p1a: ヌメルゴン","|-boost|p1a: ヌメルゴン|atk|1","|-boost|p1a: ヌメルゴン|def|1","|-unboost|p1a: ヌメルゴン|spe|1","|","|-heal|p1a: ヌメルゴン|384/384|[from] item: Leftovers","|turn|9","|","|detailschange|p2a: Barney On Roids|Garchomp-Mega, M, shiny","|-mega|p2a: Barney On Roids|Garchomp|Garchompite","|move|p2a: Barney On Roids|Draco Meteor|p1a: ヌメルゴン","|-supereffective|p1a: ヌメルゴン","|-damage|p1a: ヌメルゴン|186/384","|-unboost|p2a: Barney On Roids|spa|2","|move|p1a: ヌメルゴン|Dragon Tail|p2a: Barney On Roids","|-supereffective|p2a: Barney On Roids","|-damage|p2a: Barney On Roids|153/419","|drag|p2a: DigDug On Roids|Excadrill, F, shiny|361/361","|","|-heal|p1a: ヌメルゴン|210/384|[from] item: Leftovers","|turn|10","|","|move|p2a: DigDug On Roids|Earthquake|p1a: ヌメルゴン","|-damage|p1a: ヌメルゴン|29/384","|-damage|p2a: DigDug On Roids|325/361|[from] item: Life Orb","|move|p1a: ヌメルゴン|Rest|p1a: ヌメルゴン","|-status|p1a: ヌメルゴン|slp","|-heal|p1a: ヌメルゴン|384/384 slp|[silent]","|-status|p1a: ヌメルゴン|slp|[from] move: Rest","|","|turn|11","|","|move|p2a: DigDug On Roids|Swords Dance|p2a: DigDug On Roids","|-boost|p2a: DigDug On Roids|atk|2","|cant|p1a: ヌメルゴン|slp","|move|p1a: ヌメルゴン|Sleep Talk|p1a: ヌメルゴン","|move|p1a: ヌメルゴン|Dragon Tail|p2a: DigDug On Roids|[from]Sleep Talk","|-resisted|p2a: DigDug On Roids","|-damage|p2a: DigDug On Roids|211/361","|drag|p2a: Barney On Roids|Garchomp-Mega, M, shiny|153/419","|","|turn|12","|","|move|p2a: Barney On Roids|Draco Meteor|p1a: ヌメルゴン","|-supereffective|p1a: ヌメルゴン","|-damage|p1a: ヌメルゴン|180/384 slp","|-unboost|p2a: Barney On Roids|spa|2","|cant|p1a: ヌメルゴン|slp","|move|p1a: ヌメルゴン|Sleep Talk|p1a: ヌメルゴン","|move|p1a: ヌメルゴン|Curse|p1a: ヌメルゴン|[from]Sleep Talk","|-boost|p1a: ヌメルゴン|atk|1","|-boost|p1a: ヌメルゴン|def|1","|-unboost|p1a: ヌメルゴン|spe|1","|","|-heal|p1a: ヌメルゴン|204/384 slp|[from] item: Leftovers","|turn|13","|","|switch|p2a: Sonic On Roids|Gliscor, M, shiny|353/353","|-curestatus|p1a: ヌメルゴン|slp","|move|p1a: ヌメルゴン|Rest|p1a: ヌメルゴン","|-status|p1a: ヌメルゴン|slp","|-heal|p1a: ヌメルゴン|384/384 slp|[silent]","|-status|p1a: ヌメルゴン|slp|[from] move: Rest","|","|-status|p2a: Sonic On Roids|tox|[from] item: Toxic Orb","|turn|14","|","|switch|p2a: DigDug On Roids|Excadrill, F, shiny|211/361","|cant|p1a: ヌメルゴン|slp","|move|p1a: ヌメルゴン|Sleep Talk|p1a: ヌメルゴン","|move|p1a: ヌメルゴン|Rest|p1a: ヌメルゴン|[from]Sleep Talk","|-fail|p1a: ヌメルゴン","|","|turn|15","|","|move|p2a: DigDug On Roids|Swords Dance|p2a: DigDug On Roids","|-boost|p2a: DigDug On Roids|atk|2","|cant|p1a: ヌメルゴン|slp","|move|p1a: ヌメルゴン|Sleep Talk|p1a: ヌメルゴン","|move|p1a: ヌメルゴン|Rest|p1a: ヌメルゴン|[from]Sleep Talk","|-fail|p1a: ヌメルゴン","|","|turn|16","|","|move|p2a: DigDug On Roids|Swords Dance|p2a: DigDug On Roids","|-boost|p2a: DigDug On Roids|atk|2","|-curestatus|p1a: ヌメルゴン|slp","|move|p1a: ヌメルゴン|Dragon Tail|p2a: DigDug On Roids","|-resisted|p2a: DigDug On Roids","|-damage|p2a: DigDug On Roids|75/361","|drag|p2a: Barney On Roids|Garchomp-Mega, M, shiny|153/419","|","|turn|17","|","|move|p2a: Barney On Roids|Draco Meteor|p1a: ヌメルゴン","|-supereffective|p1a: ヌメルゴン","|-damage|p1a: ヌメルゴン|178/384","|-unboost|p2a: Barney On Roids|spa|2","|move|p1a: ヌメルゴン|Dragon Tail|p2a: Barney On Roids","|-supereffective|p2a: Barney On Roids","|-damage|p2a: Barney On Roids|0 fnt","|faint|p2a: Barney On Roids","|","|-heal|p1a: ヌメルゴン|202/384|[from] item: Leftovers","|","|switch|p2a: DigDug On Roids|Excadrill, F, shiny|75/361","|turn|18","|","|move|p2a: DigDug On Roids|Earthquake|p1a: ヌメルゴン","|-damage|p1a: ヌメルゴン|56/384","|-damage|p2a: DigDug On Roids|39/361|[from] item: Life Orb","|move|p1a: ヌメルゴン|Dragon Tail|p2a: DigDug On Roids","|-resisted|p2a: DigDug On Roids","|-damage|p2a: DigDug On Roids|0 fnt","|faint|p2a: DigDug On Roids","|","|-heal|p1a: ヌメルゴン|80/384|[from] item: Leftovers","|","|switch|p2a: Sonic On Roids|Gliscor, M, shiny|353/353 tox","|turn|19","|","|move|p2a: Sonic On Roids|Toxic|p1a: ヌメルゴン","|-status|p1a: ヌメルゴン|tox","|move|p1a: ヌメルゴン|Rest|p1a: ヌメルゴン","|-status|p1a: ヌメルゴン|slp","|-heal|p1a: ヌメルゴン|384/384 slp|[silent]","|-status|p1a: ヌメルゴン|slp|[from] move: Rest","|","|turn|20","|","|win|Inferno Ace"],"p1rating":{"entryid":"7316925","serverid":"eos","formatid":"monotype","userid":"infernoace","username":"Inferno Ace","w":2,"l":"0","t":"0","gxe":60.5,"r":"1500","rd":"130","sigma":"0","rptime":"1438419600","rpr":1584.6772333744,"rprd":116.221945881,"rpsigma":"0","acre":1088.947481202,"lacre":1088.947481202,"oldacre":"1056.5518021704"},"p2rating":{"entryid":"6867552","serverid":"eos","formatid":"monotype","userid":"sovereigncactus","username":"Sovereign♕Cactus","w":"46","l":60,"t":"0","gxe":43.5,"r":"1460.5508031088","rd":"35.753247470272","sigma":"0","rptime":"1438419600","rpr":1450.3110980013,"rprd":35.153748078291,"rpsigma":"0","acre":1045.7466921034,"lacre":1045.7466921034,"oldacre":"1066.2380480595"},"endType":"forfeit"}