{"seed":[42838,28941,40853,59898],"turns":37,"p1":"Wаrden Arguѕ","p2":"jackker","p1team":[{"name":"Sableye","species":"Sableye","item":"leftovers","ability":"Prankster","moves":["knockoff","willowisp","recover","taunt"],"nature":"Bold","evs":{"hp":228,"atk":0,"def":252,"spa":0,"spd":0,"spe":28},"gender":"M","ivs":{"hp":31,"atk":0,"def":31,"spa":31,"spd":31,"spe":31}},{"name":"Aegislash","species":"Aegislash","item":"weaknesspolicy","ability":"Stance Change","moves":["kingsshield","sacredsword","shadowball","shadowsneak"],"nature":"Lonely","evs":{"hp":0,"atk":252,"def":0,"spa":240,"spd":0,"spe":16},"gender":"M","shiny":true,"ivs":{"hp":31,"atk":31,"def":31,"spa":31,"spd":31,"spe":31}},{"name":"Jellicent","species":"Jellicent","item":"leftovers","ability":"Cursed Body","moves":["toxic","scald","recover","acidarmor"],"nature":"Calm","evs":{"hp":252,"atk":0,"def":0,"spa":0,"spd":252,"spe":4},"gender":"M","ivs":{"hp":31,"atk":0,"def":31,"spa":31,"spd":31,"spe":31},"shiny":true},{"name":"Golurk","species":"Golurk","item":"focussash","ability":"No Guard","moves":["stealthrock","stoneedge","dynamicpunch","curse"],"nature":"Adamant","evs":{"hp":0,"atk":252,"def":0,"spa":0,"spd":4,"spe":252},"shiny":true,"ivs":{"hp":31,"atk":31,"def":31,"spa":31,"spd":31,"spe":31}},{"name":"Chandelure","species":"Chandelure","item":"choicescarf","ability":"Infiltrator","moves":["flamethrower","shadowball","energyball","trick"],"nature":"Modest","evs":{"hp":0,"atk":0,"def":0,"spa":252,"spd":4,"spe":252},"gender":"F","ivs":{"hp":31,"atk":0,"def":31,"spa":31,"spd":31,"spe":31}},{"name":"Gengar","species":"Gengar","item":"focussash","ability":"Levitate","moves":["destinybond","sludgebomb","shadowball","energyball"],"nature":"Timid","evs":{"hp":0,"atk":0,"def":0,"spa":252,"spd":4,"spe":252},"gender":"F","ivs":{"hp":31,"atk":0,"def":31,"spa":31,"spd":31,"spe":31},"shiny":true}],"p2team":[{"name":"toges.copy","species":"cobalion","item":"leftovers","ability":"Justified","moves":["stealthrock","taunt","ironhead","thunderwave"],"nature":"Impish","evs":{"hp":252,"atk":0,"def":212,"spa":0,"spd":0,"spe":44},"ivs":{"hp":31,"atk":31,"def":31,"spa":31,"spd":31,"spe":31}},{"name":"rolling.disco","species":"hitmontop","item":"assaultvest","ability":"Intimidate","moves":["endeavor","highjumpkick","suckerpunch","rapidspin"],"nature":"Careful","evs":{"hp":252,"atk":0,"def":16,"spa":0,"spd":240,"spe":0},"ivs":{"hp":31,"atk":31,"def":31,"spa":31,"spd":31,"spe":31}},{"name":"the.punk","species":"scrafty","item":"leftovers","ability":"Shed Skin","moves":["crunch","drainpunch","bulkup","icepunch"],"nature":"Careful","evs":{"hp":252,"atk":4,"def":0,"spa":0,"spd":252,"spe":0},"ivs":{"hp":31,"atk":31,"def":31,"spa":31,"spd":31,"spe":31}},{"name":"diddy.kong","species":"infernape","item":"focussash","ability":"Blaze","moves":["flamethrower","vacuumwave","encore","nastyplot"],"nature":"Timid","evs":{"hp":0,"atk":0,"def":0,"spa":252,"spd":0,"spe":252},"ivs":{"hp":31,"atk":31,"def":31,"spa":31,"spd":31,"spe":31}},{"name":"beetle.juice","species":"heracross","item":"heracronite","ability":"Moxie","moves":["bulletseed","rockblast","closecombat","pinmissile"],"nature":"Adamant","evs":{"hp":252,"atk":232,"def":24,"spa":0,"spd":0,"spe":0},"ivs":{"hp":31,"atk":31,"def":31,"spa":31,"spd":31,"spe":31}},{"name":"doggy","species":"terrakion","item":"choicescarf","ability":"Justified","moves":["earthquake","ironhead","stoneedge","closecombat"],"nature":"Adamant","evs":{"hp":0,"atk":252,"def":0,"spa":0,"spd":0,"spe":252},"ivs":{"hp":31,"atk":31,"def":31,"spa":31,"spd":31,"spe":31}}],"log":["|player|p1|Wаrden Arguѕ|argus2spooky.png","|player|p2|jackker|196","|gametype|singles","|gen|6","|tier|Monotype","|rated","|rule|Baton Pass Clause: Limit one Baton Passer, can't pass Spe and other stats simultaneously","|rule|Swagger Clause: Swagger is banned","|rule|Same Type Clause: Pokémon in a team must share a type","|clearpoke","|poke|p1|Sableye, M","|poke|p1|Aegislash, M, shiny","|poke|p1|Jellicent, M, shiny","|poke|p1|Golurk, shiny","|poke|p1|Chandelure, F","|poke|p1|Gengar, F, shiny","|poke|p2|Cobalion","|poke|p2|Hitmontop, M","|poke|p2|Scrafty, M","|poke|p2|Infernape, F","|poke|p2|Heracross, M","|poke|p2|Terrakion","|rule|Sleep Clause Mod: Limit one foe put to sleep","|rule|Species Clause: Limit one of each Pokémon","|rule|OHKO Clause: OHKO moves are banned","|rule|Moody Clause: Moody is banned","|rule|Evasion Moves Clause: Evasion moves are banned","|rule|Endless Battle Clause: Forcing endless battles is banned","|rule|HP Percentage Mod: HP is shown in percentages","|teampreview","|","|start","|switch|p1a: Chandelure|Chandelure, F|261/261","|switch|p2a: toges.copy|Cobalion|386/386","|turn|1","|","|switch|p2a: rolling.disco|Hitmontop, M|304/304","|-ability|p2a: rolling.disco|Intimidate","|-unboost|p1a: Chandelure|atk|1","|move|p1a: Chandelure|Flamethrower|p2a: rolling.disco","|-damage|p2a: rolling.disco|211/304","|","|turn|2","|","|switch|p1a: Sableye|Sableye, M|298/298","|move|p2a: rolling.disco|Sucker Punch|p1a: Sableye","|-fail|p2a: rolling.disco","|","|turn|3","|","|switch|p2a: diddy.kong|Infernape, F|293/293","|move|p1a: Sableye|Knock Off|p2a: diddy.kong","|-resisted|p2a: diddy.kong","|-damage|p2a: diddy.kong|252/293","|-enditem|p2a: diddy.kong|Focus Sash|[from] move: Knock Off|[of] p1a: Sableye","|","|turn|4","|","|switch|p2a: beetle.juice|Heracross, M|364/364","|switch|p1a: Golurk|Golurk, shiny|319/319","|","|turn|5","|","|switch|p1a: Aegislash|Aegislash, M, shiny|261/261","|detailschange|p2a: beetle.juice|Heracross-Mega, M","|-mega|p2a: beetle.juice|Heracross|Heracronite","|move|p2a: beetle.juice|Bullet Seed|p1a: Aegislash","|-resisted|p1a: Aegislash","|-damage|p1a: Aegislash|243/261","|-resisted|p1a: Aegislash","|-damage|p1a: Aegislash|226/261","|-resisted|p1a: Aegislash","|-damage|p1a: Aegislash|209/261","|-crit|p1a: Aegislash","|-resisted|p1a: Aegislash","|-damage|p1a: Aegislash|186/261","|-resisted|p1a: Aegislash","|-damage|p1a: Aegislash|169/261","|-hitcount|p1a: Aegislash|5","|","|turn|6","|","|switch|p2a: rolling.disco|Hitmontop, M|211/304","|-ability|p2a: rolling.disco|Intimidate","|-unboost|p1a: Aegislash|atk|1","|-formechange|p1a: Aegislash|Aegislash-Blade","|move|p1a: Aegislash|Shadow Ball|p2a: rolling.disco","|-damage|p2a: rolling.disco|139/304","|","|turn|7","|","|switch|p1a: Sableye|Sableye, M|298/298","|move|p2a: rolling.disco|Sucker Punch|p1a: Sableye","|-fail|p2a: rolling.disco","|","|turn|8","|","|switch|p2a: diddy.kong|Infernape, F|252/293","|move|p1a: Sableye|Will-O-Wisp|p2a: diddy.kong","|-immune|p2a: diddy.kong|[msg]","|","|turn|9","|","|move|p1a: Sableye|Taunt|p2a: diddy.kong","|-start|p2a: diddy.kong|move: Taunt","|move|p2a: diddy.kong|Flamethrower|p1a: Sableye","|-damage|p1a: Sableye|106/298","|","|-heal|p1a: Sableye|124/298|[from] item: Leftovers","|turn|10","|","|switch|p1a: Jellicent|Jellicent, M, shiny|404/404","|move|p2a: diddy.kong|Flamethrower|p1a: Jellicent","|-crit|p1a: Jellicent","|-resisted|p1a: Jellicent","|-damage|p1a: Jellicent|333/404","|","|-heal|p1a: Jellicent|358/404|[from] item: Leftovers","|turn|11","|","|switch|p2a: the.punk|Scrafty, M|334/334","|move|p1a: Jellicent|Scald|p2a: the.punk","|-damage|p2a: the.punk|277/334","|-status|p2a: the.punk|brn","|","|-heal|p1a: Jellicent|383/404|[from] item: Leftovers","|-heal|p2a: the.punk|297/334 brn|[from] item: Leftovers","|-damage|p2a: the.punk|256/334 brn|[from] brn","|turn|12","|","|switch|p1a: Golurk|Golurk, shiny|319/319","|move|p2a: the.punk|Bulk Up|p2a: the.punk","|-boost|p2a: the.punk|atk|1","|-boost|p2a: the.punk|def|1","|","|-heal|p2a: the.punk|276/334 brn|[from] item: Leftovers","|-damage|p2a: the.punk|235/334 brn|[from] brn","|turn|13","|","|switch|p2a: rolling.disco|Hitmontop, M|139/304","|-ability|p2a: rolling.disco|Intimidate","|-unboost|p1a: Golurk|atk|1","|move|p1a: Golurk|Dynamic Punch|p2a: rolling.disco","|-damage|p2a: rolling.disco|50/304","|-start|p2a: rolling.disco|confusion","|","|turn|14","|","|-activate|p2a: rolling.disco|confusion","|-damage|p2a: rolling.disco|16/304|[from] confusion","|move|p1a: Golurk|Stealth Rock|p2a: rolling.disco","|-sidestart|p2: jackker|move: Stealth Rock","|","|turn|15","|","|switch|p1a: Sableye|Sableye, M|124/298","|-activate|p2a: rolling.disco|confusion","|-damage|p2a: rolling.disco|0 fnt|[from] confusion","|faint|p2a: rolling.disco","|","|-heal|p1a: Sableye|142/298|[from] item: Leftovers","|","|switch|p2a: diddy.kong|Infernape, F|252/293","|-damage|p2a: diddy.kong|216/293|[from] Stealth Rock","|turn|16","|","|switch|p2a: beetle.juice|Heracross-Mega, M|364/364","|-damage|p2a: beetle.juice|319/364|[from] Stealth Rock","|switch|p1a: Jellicent|Jellicent, M, shiny|383/404","|","|-heal|p1a: Jellicent|404/404|[from] item: Leftovers","|turn|17","|","|move|p2a: beetle.juice|Bullet Seed|p1a: Jellicent","|-supereffective|p1a: Jellicent","|-damage|p1a: Jellicent|284/404","|-supereffective|p1a: Jellicent","|-damage|p1a: Jellicent|168/404","|-start|p2a: beetle.juice|Disable|Bullet Seed","|-supereffective|p1a: Jellicent","|-damage|p1a: Jellicent|50/404","|-supereffective|p1a: Jellicent","|-damage|p1a: Jellicent|0 fnt","|-hitcount|p1a: Jellicent|4","|faint|p1a: Jellicent","|","|","|switch|p1a: Chandelure|Chandelure, F|261/261","|turn|18","|","|switch|p2a: the.punk|Scrafty, M|235/334 brn","|-damage|p2a: the.punk|215/334 brn|[from] Stealth Rock","|move|p1a: Chandelure|Shadow Ball|p2a: the.punk","|-resisted|p2a: the.punk","|-damage|p2a: the.punk|163/334 brn","|","|-heal|p2a: the.punk|183/334 brn|[from] item: Leftovers","|-damage|p2a: the.punk|142/334 brn|[from] brn","|turn|19","|","|switch|p1a: Golurk|Golurk, shiny|319/319","|move|p2a: the.punk|Crunch|p1a: Golurk","|-supereffective|p1a: Golurk","|-damage|p1a: Golurk|220/319","|","|-activate|p2a: the.punk|ability: Shed Skin","|-curestatus|p2a: the.punk|brn","|-heal|p2a: the.punk|162/334|[from] item: Leftovers","|turn|20","|","|switch|p2a: toges.copy|Cobalion|386/386","|-damage|p2a: toges.copy|374/386|[from] Stealth Rock","|move|p1a: Golurk|Dynamic Punch|p2a: toges.copy","|-supereffective|p2a: toges.copy","|-damage|p2a: toges.copy|212/386","|-start|p2a: toges.copy|confusion","|","|-heal|p2a: toges.copy|236/386|[from] item: Leftovers","|turn|21","|","|-activate|p2a: toges.copy|confusion","|-damage|p2a: toges.copy|217/386|[from] confusion","|move|p1a: Golurk|Dynamic Punch|p2a: toges.copy","|-supereffective|p2a: toges.copy","|-damage|p2a: toges.copy|53/386","|","|-heal|p2a: toges.copy|77/386|[from] item: Leftovers","|turn|22","|","|-activate|p2a: toges.copy|confusion","|move|p2a: toges.copy|Stealth Rock|p1a: Golurk","|-sidestart|p1: Wаrden Arguѕ|move: Stealth Rock","|move|p1a: Golurk|Dynamic Punch|p2a: toges.copy","|-supereffective|p2a: toges.copy","|-damage|p2a: toges.copy|0 fnt","|faint|p2a: toges.copy","|","|","|switch|p2a: beetle.juice|Heracross-Mega, M|319/364","|-damage|p2a: beetle.juice|274/364|[from] Stealth Rock","|turn|23","|","|move|p1a: Golurk|Dynamic Punch|p2a: beetle.juice","|-resisted|p2a: beetle.juice","|-damage|p2a: beetle.juice|220/364","|-start|p2a: beetle.juice|confusion","|-activate|p2a: beetle.juice|confusion","|move|p2a: beetle.juice|Bullet Seed|p1a: Golurk","|-supereffective|p1a: Golurk","|-damage|p1a: Golurk|126/319","|-supereffective|p1a: Golurk","|-damage|p1a: Golurk|18/319","|-supereffective|p1a: Golurk","|-damage|p1a: Golurk|0 fnt","|-hitcount|p1a: Golurk|3","|faint|p1a: Golurk","|","|","|switch|p1a: Chandelure|Chandelure, F|261/261","|-damage|p1a: Chandelure|196/261|[from] Stealth Rock","|turn|24","|","|switch|p2a: the.punk|Scrafty, M|162/334","|-damage|p2a: the.punk|142/334|[from] Stealth Rock","|move|p1a: Chandelure|Flamethrower|p2a: the.punk","|-damage|p2a: the.punk|7/334","|","|-heal|p2a: the.punk|27/334|[from] item: Leftovers","|turn|25","|","|move|p1a: Chandelure|Flamethrower|p2a: the.punk","|-damage|p2a: the.punk|0 fnt","|faint|p2a: the.punk","|","|","|switch|p2a: doggy|Terrakion|323/323","|-damage|p2a: doggy|303/323|[from] Stealth Rock","|turn|26","|","|move|p2a: doggy|Stone Edge|p1a: Chandelure","|-supereffective|p1a: Chandelure","|-damage|p1a: Chandelure|0 fnt","|faint|p1a: Chandelure","|","|","|switch|p1a: Aegislash|Aegislash, M, shiny|169/261","|-damage|p1a: Aegislash|153/261|[from] Stealth Rock","|turn|27","|","|switch|p2a: diddy.kong|Infernape, F|216/293","|-damage|p2a: diddy.kong|180/293|[from] Stealth Rock","|-formechange|p1a: Aegislash|Aegislash-Blade","|move|p1a: Aegislash|Shadow Ball|p2a: diddy.kong","|-damage|p2a: diddy.kong|0 fnt","|faint|p2a: diddy.kong","|","|","|switch|p2a: doggy|Terrakion|303/323","|-damage|p2a: doggy|283/323|[from] Stealth Rock","|turn|28","|","|-formechange|p1a: Aegislash|Aegislash","|move|p1a: Aegislash|King's Shield|p1a: Aegislash","|-singleturn|p1a: Aegislash|Protect","|move|p2a: doggy|Earthquake|p1a: Aegislash","|-activate|p1a: Aegislash|Protect","|","|turn|29","|","|switch|p2a: beetle.juice|Heracross-Mega, M|220/364","|-damage|p2a: beetle.juice|175/364|[from] Stealth Rock","|switch|p1a: Gengar|Gengar, F, shiny|261/261","|-damage|p1a: Gengar|229/261|[from] Stealth Rock","|","|turn|30","|","|move|p1a: Gengar|Sludge Bomb|p2a: beetle.juice","|-damage|p2a: beetle.juice|18/364","|move|p2a: beetle.juice|Rock Blast|p1a: Gengar","|-damage|p1a: Gengar|167/261","|-damage|p1a: Gengar|103/261","|-damage|p1a: Gengar|38/261","|-damage|p1a: Gengar|0 fnt","|-hitcount|p1a: Gengar|4","|faint|p1a: Gengar","|","|","|switch|p1a: Aegislash|Aegislash, M, shiny|153/261","|-damage|p1a: Aegislash|137/261|[from] Stealth Rock","|turn|31","|","|-formechange|p1a: Aegislash|Aegislash-Blade","|move|p1a: Aegislash|Shadow Sneak|p2a: beetle.juice","|-damage|p2a: beetle.juice|0 fnt","|faint|p2a: beetle.juice","|","|","|switch|p2a: doggy|Terrakion|283/323","|-damage|p2a: doggy|263/323|[from] Stealth Rock","|turn|32","|","|move|p1a: Aegislash|Shadow Sneak|p2a: doggy","|-damage|p2a: doggy|172/323","|move|p2a: doggy|Earthquake|p1a: Aegislash","|-crit|p1a: Aegislash","|-supereffective|p1a: Aegislash","|-damage|p1a: Aegislash|0 fnt","|faint|p1a: Aegislash","|","|","|switch|p1a: Sableye|Sableye, M|142/298","|-damage|p1a: Sableye|105/298|[from] Stealth Rock","|turn|33","|","|move|p1a: Sableye|Recover|p1a: Sableye","|-heal|p1a: Sableye|254/298","|move|p2a: doggy|Earthquake|p1a: Sableye","|-damage|p1a: Sableye|135/298","|","|-heal|p1a: Sableye|153/298|[from] item: Leftovers","|turn|34","|","|move|p1a: Sableye|Will-O-Wisp|p2a: doggy","|-status|p2a: doggy|brn","|move|p2a: doggy|Earthquake|p1a: Sableye","|-damage|p1a: Sableye|101/298","|","|-heal|p1a: Sableye|119/298|[from] item: Leftovers","|-damage|p2a: doggy|132/323 brn|[from] brn","|turn|35","|","|move|p1a: Sableye|Recover|p1a: Sableye","|-heal|p1a: Sableye|268/298","|move|p2a: doggy|Earthquake|p1a: Sableye","|-damage|p1a: Sableye|215/298","|","|-heal|p1a: Sableye|233/298|[from] item: Leftovers","|-damage|p2a: doggy|92/323 brn|[from] brn","|turn|36","|","|move|p1a: Sableye|Recover|p1a: Sableye","|-heal|p1a: Sableye|298/298","|move|p2a: doggy|Earthquake|p1a: Sableye","|-damage|p1a: Sableye|240/298","|","|-heal|p1a: Sableye|258/298|[from] item: Leftovers","|-damage|p2a: doggy|52/323 brn|[from] brn","|turn|37","|","|move|p2a: doggy|Earthquake|p1a: Sableye","|-damage|p1a: Sableye|200/298","|move|p1a: Sableye|Knock Off|p2a: doggy","|-resisted|p2a: doggy","|-damage|p2a: doggy|13/323 brn","|-boost|p2a: doggy|atk|1|[from] ability: Justified","|-enditem|p2a: doggy|Choice Scarf|[from] move: Knock Off|[of] p1a: Sableye","|","|-heal|p1a: Sableye|218/298|[from] item: Leftovers","|-damage|p2a: doggy|0 fnt|[from] brn","|faint|p2a: doggy","|","|win|Wаrden Arguѕ"],"p1rating":{"entryid":"7252450","serverid":"eos","formatid":"monotype","userid":"wrdenargu","username":"Wаrden Arguѕ","w":51,"l":"7","t":"0","gxe":82,"r":"1766.0751645349","rd":"49.547882247279","sigma":"0","rptime":"1438419600","rpr":1787.6008389029,"rprd":47.597707727318,"rpsigma":"0","acre":1525.4177093556,"lacre":1525.4177093556,"oldacre":"1516.1197460091"},"p2rating":{"entryid":"6396823","serverid":"eos","formatid":"monotype","userid":"jackker","username":"jackker","w":"14","l":3,"t":"0","gxe":73.8,"r":"1716.7824584276","rd":"84.055736407197","sigma":"0","rptime":"1438419600","rpr":1700.4079518006,"rprd":81.79619524931,"rpsigma":"0","acre":1299.3100402554,"lacre":1299.3100402554,"oldacre":"1308.6080036019"},"endType":"normal"}