{"seed":[25573,31628,49126,41624],"turns":24,"p1":"MasterMonocle","p2":"gabethegreen","p1team":[{"name":"Terrakion","species":"Terrakion","item":"choicescarf","ability":"Justified","moves":["earthquake","closecombat","xscissor","poisonjab"],"nature":"Jolly","evs":{"hp":0,"atk":252,"def":0,"spa":0,"spd":4,"spe":252},"ivs":{"hp":31,"atk":31,"def":31,"spa":31,"spd":31,"spe":31}},{"name":"Aerodactyl","species":"Aerodactyl","item":"aerodactylite","ability":"Rock Head","moves":["dragonclaw","roost","aquatail","icefang"],"nature":"Jolly","evs":{"hp":0,"atk":252,"def":0,"spa":0,"spd":4,"spe":252},"ivs":{"hp":31,"atk":31,"def":31,"spa":31,"spd":31,"spe":31}},{"name":"Carracosta","species":"Carracosta","item":"whiteherb","ability":"Sturdy","moves":["aquajet","shellsmash","knockoff","earthquake"],"nature":"Adamant","evs":{"hp":0,"atk":252,"def":0,"spa":0,"spd":4,"spe":252},"ivs":{"hp":31,"atk":31,"def":31,"spa":31,"spd":31,"spe":31}},{"name":"Cradily","species":"Cradily","item":"leftovers","ability":"Storm Drain","moves":["ancientpower","gigadrain","recover","toxic"],"nature":"Calm","evs":{"hp":252,"atk":0,"def":0,"spa":4,"spd":252,"spe":0},"ivs":{"hp":31,"atk":31,"def":31,"spa":31,"spd":31,"spe":31}},{"name":"Tyrantrum","species":"Tyrantrum","item":"choicescarf","ability":"Strong Jaw","moves":["crunch","icefang","firefang","dragonclaw"],"nature":"Jolly","evs":{"hp":0,"atk":252,"def":0,"spa":0,"spd":4,"spe":252},"ivs":{"hp":31,"atk":31,"def":31,"spa":31,"spd":31,"spe":31}},{"name":"Tyranitar","species":"Tyranitar","item":"focussash","ability":"Sand Stream","moves":["crunch","stealthrock","earthquake","superpower"],"nature":"Adamant","evs":{"hp":248,"atk":252,"def":0,"spa":0,"spd":8,"spe":0},"ivs":{"hp":31,"atk":31,"def":31,"spa":31,"spd":31,"spe":31}}],"p2team":[{"name":"Vanilluxe","species":"Vanilluxe","item":"lifeorb","ability":"Weak Armor","moves":["flashcannon","icebeam","freezedry","hiddenpowerground"],"nature":"Timid","evs":{"hp":0,"atk":0,"def":0,"spa":252,"spd":4,"spe":252},"ivs":{"hp":31,"atk":31,"def":31,"spa":30,"spd":30,"spe":31}},{"name":"Regice","species":"Regice","item":"assaultvest","ability":"Clear Body","moves":["flashcannon","icebeam","thunderbolt","signalbeam"],"nature":"Modest","evs":{"hp":248,"atk":0,"def":0,"spa":252,"spd":8,"spe":0},"ivs":{"hp":31,"atk":31,"def":31,"spa":31,"spd":31,"spe":31}},{"name":"Mamoswine","species":"Mamoswine","item":"lifeorb","ability":"Thick Fat","moves":["avalanche","stoneedge","earthquake","facade"],"nature":"Jolly","evs":{"hp":0,"atk":252,"def":0,"spa":0,"spd":4,"spe":252},"ivs":{"hp":31,"atk":31,"def":31,"spa":31,"spd":31,"spe":31}},{"name":"Abomasnow","species":"Abomasnow","item":"focussash","ability":"Snow Warning","moves":["earthquake","brickbreak","swordsdance","iceshard"],"nature":"Adamant","evs":{"hp":248,"atk":252,"def":0,"spa":0,"spd":8,"spe":0},"ivs":{"hp":31,"atk":31,"def":31,"spa":31,"spd":31,"spe":31}},{"name":"Glalie","species":"Glalie","item":"glalitite","ability":"Ice Body","moves":["bodyslam","crunch","icefang","ironhead"],"nature":"Adamant","evs":{"hp":248,"atk":252,"def":0,"spa":0,"spd":8,"spe":0},"ivs":{"hp":31,"atk":31,"def":31,"spa":31,"spd":31,"spe":31}},{"name":"Froslass","species":"Froslass","item":"focussash","ability":"Cursed Body","moves":["thunderwave","psychic","shadowball","destinybond"],"nature":"Timid","evs":{"hp":0,"atk":0,"def":0,"spa":252,"spd":4,"spe":252},"ivs":{"hp":31,"atk":31,"def":31,"spa":31,"spd":31,"spe":31}}],"log":["|player|p1|MasterMonocle|102","|player|p2|gabethegreen|168","|gametype|singles","|gen|6","|tier|Monotype","|rated","|rule|Baton Pass Clause: Limit one Baton Passer, can't pass Spe and other stats simultaneously","|rule|Swagger Clause: Swagger is banned","|rule|Same Type Clause: Pokémon in a team must share a type","|clearpoke","|poke|p1|Terrakion","|poke|p1|Aerodactyl, F","|poke|p1|Carracosta, M","|poke|p1|Cradily, M","|poke|p1|Tyrantrum, F","|poke|p1|Tyranitar, F","|poke|p2|Vanilluxe, M","|poke|p2|Regice","|poke|p2|Mamoswine, M","|poke|p2|Abomasnow, F","|poke|p2|Glalie, F","|poke|p2|Froslass, F","|rule|Sleep Clause Mod: Limit one foe put to sleep","|rule|Species Clause: Limit one of each Pokémon","|rule|OHKO Clause: OHKO moves are banned","|rule|Moody Clause: Moody is banned","|rule|Evasion Moves Clause: Evasion moves are banned","|rule|Endless Battle Clause: Forcing endless battles is banned","|rule|HP Percentage Mod: HP is shown in percentages","|teampreview","|","|start","|switch|p1a: Tyranitar|Tyranitar, F|403/403","|switch|p2a: Abomasnow|Abomasnow, F|383/383","|-weather|Sandstorm","|-weather|Hail","|turn|1","|","|move|p1a: Tyranitar|Stealth Rock|p2a: Abomasnow","|-sidestart|p2: gabethegreen|move: Stealth Rock","|move|p2a: Abomasnow|Brick Break|p1a: Tyranitar","|-supereffective|p1a: Tyranitar","|-damage|p1a: Tyranitar|139/403","|","|-weather|Hail|[upkeep]","|-damage|p1a: Tyranitar|114/403|[from] hail","|turn|2","|","|switch|p1a: Aerodactyl|Aerodactyl, F|301/301","|move|p2a: Abomasnow|Swords Dance|p2a: Abomasnow","|-boost|p2a: Abomasnow|atk|2","|","|-weather|Hail|[upkeep]","|-damage|p1a: Aerodactyl|283/301|[from] hail","|turn|3","|","|switch|p1a: Carracosta|Carracosta, M|289/289","|move|p2a: Abomasnow|Swords Dance|p2a: Abomasnow","|-boost|p2a: Abomasnow|atk|2","|","|-weather|Hail|[upkeep]","|-damage|p1a: Carracosta|271/289|[from] hail","|turn|4","|","|move|p1a: Carracosta|Knock Off|p2a: Abomasnow","|-damage|p2a: Abomasnow|235/383","|-enditem|p2a: Abomasnow|Focus Sash|[from] move: Knock Off|[of] p1a: Carracosta","|move|p2a: Abomasnow|Swords Dance|p2a: Abomasnow","|-boost|p2a: Abomasnow|atk|2","|","|-weather|Hail|[upkeep]","|-damage|p1a: Carracosta|253/289|[from] hail","|turn|5","|","|move|p2a: Abomasnow|Ice Shard|p1a: Carracosta","|-resisted|p1a: Carracosta","|-damage|p1a: Carracosta|163/289","|move|p1a: Carracosta|Shell Smash|p1a: Carracosta","|-boost|p1a: Carracosta|atk|2","|-boost|p1a: Carracosta|spa|2","|-boost|p1a: Carracosta|spe|2","|-unboost|p1a: Carracosta|def|1","|-unboost|p1a: Carracosta|spd|1","|-enditem|p1a: Carracosta|White Herb","|-restoreboost|p1a: Carracosta|[silent]","|","|-weather|none","|turn|6","|","|move|p2a: Abomasnow|Ice Shard|p1a: Carracosta","|-resisted|p1a: Carracosta","|-damage|p1a: Carracosta|73/289","|move|p1a: Carracosta|Earthquake|p2a: Abomasnow","|-resisted|p2a: Abomasnow","|-damage|p2a: Abomasnow|99/383","|","|turn|7","|","|move|p1a: Carracosta|Aqua Jet|p2a: Abomasnow","|-resisted|p2a: Abomasnow","|-damage|p2a: Abomasnow|9/383","|move|p2a: Abomasnow|Ice Shard|p1a: Carracosta","|-resisted|p1a: Carracosta","|-damage|p1a: Carracosta|0 fnt","|faint|p1a: Carracosta","|","|","|switch|p1a: Tyranitar|Tyranitar, F|114/403","|-weather|Sandstorm","|turn|8","|","|move|p2a: Abomasnow|Ice Shard|p1a: Tyranitar","|-damage|p1a: Tyranitar|0 fnt","|faint|p1a: Tyranitar","|","|-weather|Sandstorm|[upkeep]","|-damage|p2a: Abomasnow|0 fnt|[from] sandstorm","|faint|p2a: Abomasnow","|","|switch|p1a: Terrakion|Terrakion|323/323","|switch|p2a: Mamoswine|Mamoswine, M|361/361","|-damage|p2a: Mamoswine|316/361|[from] Stealth Rock","|turn|9","|","|move|p1a: Terrakion|Close Combat|p2a: Mamoswine","|-supereffective|p2a: Mamoswine","|-damage|p2a: Mamoswine|0 fnt","|-unboost|p1a: Terrakion|def|1","|-unboost|p1a: Terrakion|spd|1","|faint|p2a: Mamoswine","|","|-weather|Sandstorm|[upkeep]","|","|switch|p2a: Froslass|Froslass, F|281/281","|-damage|p2a: Froslass|211/281|[from] Stealth Rock","|turn|10","|","|switch|p1a: Cradily|Cradily, M|376/376","|move|p2a: Froslass|Thunder Wave|p1a: Cradily","|-status|p1a: Cradily|par","|","|-weather|Sandstorm|[upkeep]","|-damage|p2a: Froslass|194/281|[from] sandstorm","|turn|11","|","|move|p2a: Froslass|Destiny Bond|p2a: Froslass","|-singlemove|p2a: Froslass|Destiny Bond","|move|p1a: Cradily|Toxic|p2a: Froslass","|-status|p2a: Froslass|tox","|","|-weather|Sandstorm|[upkeep]","|-damage|p2a: Froslass|177/281 tox|[from] sandstorm","|-damage|p2a: Froslass|160/281 tox|[from] psn","|turn|12","|","|move|p2a: Froslass|Shadow Ball|p1a: Cradily","|-damage|p1a: Cradily|327/376 par","|move|p1a: Cradily|Recover|p1a: Cradily","|-heal|p1a: Cradily|376/376 par","|","|-weather|none","|-damage|p2a: Froslass|126/281 tox|[from] psn","|turn|13","|","|switch|p2a: Regice|Regice|363/363","|-damage|p2a: Regice|273/363|[from] Stealth Rock","|move|p1a: Cradily|Giga Drain|p2a: Regice","|-damage|p2a: Regice|248/363","|","|turn|14","|","|move|p2a: Regice|Ice Beam|p1a: Cradily","|-supereffective|p1a: Cradily","|-damage|p1a: Cradily|172/376 par","|cant|p1a: Cradily|par","|","|-heal|p1a: Cradily|195/376 par|[from] item: Leftovers","|turn|15","|","|move|p2a: Regice|Ice Beam|p1a: Cradily","|-supereffective|p1a: Cradily","|-damage|p1a: Cradily|7/376 par","|cant|p1a: Cradily|par","|","|-heal|p1a: Cradily|30/376 par|[from] item: Leftovers","|turn|16","|","|move|p2a: Regice|Ice Beam|p1a: Cradily","|-supereffective|p1a: Cradily","|-damage|p1a: Cradily|0 fnt","|faint|p1a: Cradily","|","|","|switch|p1a: Tyrantrum|Tyrantrum, F|305/305","|turn|17","|","|move|p1a: Tyrantrum|Fire Fang|p2a: Regice","|-supereffective|p2a: Regice","|-damage|p2a: Regice|40/363","|move|p2a: Regice|Ice Beam|p1a: Tyrantrum","|-supereffective|p1a: Tyrantrum","|-damage|p1a: Tyrantrum|0 fnt","|faint|p1a: Tyrantrum","|","|","|switch|p1a: Terrakion|Terrakion|323/323","|turn|18","|","|move|p1a: Terrakion|Earthquake|p2a: Regice","|-damage|p2a: Regice|0 fnt","|faint|p2a: Regice","|","|","|switch|p2a: Froslass|Froslass, F|126/281 tox","|-damage|p2a: Froslass|56/281 tox|[from] Stealth Rock","|turn|19","|","|switch|p1a: Aerodactyl|Aerodactyl, F|283/301","|move|p2a: Froslass|Destiny Bond|p2a: Froslass","|-singlemove|p2a: Froslass|Destiny Bond","|","|-damage|p2a: Froslass|39/281 tox|[from] psn","|turn|20","|","|detailschange|p1a: Aerodactyl|Aerodactyl-Mega, F","|-mega|p1a: Aerodactyl|Aerodactyl|Aerodactylite","|move|p1a: Aerodactyl|Roost|p1a: Aerodactyl","|-heal|p1a: Aerodactyl|301/301","|move|p2a: Froslass|Thunder Wave|p1a: Aerodactyl","|-status|p1a: Aerodactyl|par","|","|-damage|p2a: Froslass|5/281 tox|[from] psn","|turn|21","|","|move|p2a: Froslass|Psychic|p1a: Aerodactyl","|-damage|p1a: Aerodactyl|221/301 par","|move|p1a: Aerodactyl|Roost|p1a: Aerodactyl","|-heal|p1a: Aerodactyl|301/301 par","|","|-damage|p2a: Froslass|0 fnt|[from] psn","|faint|p2a: Froslass","|","|switch|p2a: Glalie|Glalie, F|363/363","|-damage|p2a: Glalie|273/363|[from] Stealth Rock","|turn|22","|","|detailschange|p2a: Glalie|Glalie-Mega, F","|-mega|p2a: Glalie|Glalie|Glalitite","|move|p2a: Glalie|Body Slam|p1a: Aerodactyl","|-supereffective|p1a: Aerodactyl","|-damage|p1a: Aerodactyl|0 fnt","|faint|p1a: Aerodactyl","|","|","|switch|p1a: Terrakion|Terrakion|323/323","|turn|23","|","|move|p1a: Terrakion|Close Combat|p2a: Glalie","|-supereffective|p2a: Glalie","|-damage|p2a: Glalie|0 fnt","|-unboost|p1a: Terrakion|def|1","|-unboost|p1a: Terrakion|spd|1","|faint|p2a: Glalie","|","|","|switch|p2a: Vanilluxe|Vanilluxe, M|283/283","|-damage|p2a: Vanilluxe|213/283|[from] Stealth Rock","|turn|24","|","|move|p1a: Terrakion|Close Combat|p2a: Vanilluxe","|-supereffective|p2a: Vanilluxe","|-damage|p2a: Vanilluxe|0 fnt","|-unboost|p1a: Terrakion|def|1","|-unboost|p1a: Terrakion|spd|1","|faint|p2a: Vanilluxe","|","|win|MasterMonocle"],"p1rating":{"entryid":"7284071","serverid":"eos","formatid":"monotype","userid":"mastermonocle","username":"MasterMonocle","w":7,"l":"0","t":"0","gxe":69.7,"r":"1536.2287903847","rd":"122.94759854436","sigma":"0","rptime":"1438333200","rpr":1662.9550441122,"rprd":95.291716443946,"rpsigma":"0","acre":1181.6686096113,"lacre":1181.6686096113,"oldacre":"1167.8891533104"},"p2rating":{"entryid":"7308127","serverid":"eos","formatid":"monotype","userid":"gabethegreen","username":"gabethegreen","w":"0","l":2,"t":"0","gxe":41.4,"r":"1500","rd":"130","sigma":"0","rptime":"1438333200","rpr":1430.73254678,"rprd":116.74333842523,"rpsigma":"0","acre":1000,"lacre":1000,"oldacre":"1000"},"endType":"normal"}