{"seed":[64306,16648,8722,63732],"turns":24,"p1":"Alliance-C-Control","p2":"GTX♅Shinsou","p1team":[{"name":"Zapdos","species":"Zapdos","item":"rockyhelmet","ability":"Pressure","moves":["defog","heatwave","voltswitch","roost"],"nature":"Modest","evs":{"hp":248,"atk":0,"def":0,"spa":252,"spd":8,"spe":0},"ivs":{"hp":31,"atk":31,"def":31,"spa":31,"spd":31,"spe":31}},{"name":"Magnezone","species":"Magnezone","item":"choicescarf","ability":"Analytic","moves":["flashcannon","hiddenpowerice","voltswitch","mirrorcoat"],"nature":"Timid","evs":{"hp":0,"atk":0,"def":0,"spa":252,"spd":4,"spe":252},"ivs":{"hp":31,"atk":30,"def":30,"spa":31,"spd":31,"spe":31}},{"name":"Rotom-Wash","species":"Rotom-Wash","item":"leftovers","ability":"Levitate","moves":["hydropump","willowisp","voltswitch","painsplit"],"nature":"Bold","evs":{"hp":252,"atk":0,"def":248,"spa":8,"spd":0,"spe":0},"ivs":{"hp":31,"atk":31,"def":31,"spa":31,"spd":31,"spe":31}},{"name":"Zebstrika","species":"Zebstrika","item":"leftovers","ability":"Sap Sipper","moves":["flamecharge","bounce","mefirst","snatch"],"nature":"Jolly","evs":{"hp":0,"atk":252,"def":0,"spa":0,"spd":4,"spe":252},"happiness":0,"ivs":{"hp":31,"atk":31,"def":31,"spa":31,"spd":31,"spe":31}},{"name":"Thundurus","species":"Thundurus","item":"leftovers","ability":"Prankster","moves":["flashcannon","superpower","thunderbolt","thunderwave"],"nature":"Hasty","evs":{"hp":0,"atk":4,"def":0,"spa":252,"spd":0,"spe":252},"ivs":{"hp":31,"atk":31,"def":31,"spa":31,"spd":31,"spe":31}},{"name":"Emolga","species":"Emolga","item":"sitrusberry","ability":"Motor Drive","moves":["acrobatics","roost","uturn","tailwind"],"nature":"Adamant","evs":{"hp":0,"atk":252,"def":0,"spa":0,"spd":4,"spe":252},"ivs":{"hp":31,"atk":31,"def":31,"spa":31,"spd":31,"spe":31}}],"p2team":[{"name":"Aegislash","species":"Aegislash","item":"focussash","ability":"Stance Change","moves":["swordsdance","kingsshield","sacredsword","shadowsneak"],"nature":"Adamant","evs":{"hp":252,"atk":252,"def":0,"spa":0,"spd":4,"spe":0},"shiny":true,"ivs":{"hp":31,"atk":31,"def":31,"spa":31,"spd":31,"spe":31}},{"name":"Sableye","species":"Sableye","item":"sablenite","ability":"Keen Eye","moves":["substitute","dazzlinggleam","darkpulse","nastyplot"],"nature":"Bold","evs":{"hp":248,"atk":0,"def":252,"spa":8,"spd":0,"spe":0},"shiny":true,"ivs":{"hp":31,"atk":31,"def":31,"spa":31,"spd":31,"spe":31}},{"name":"Mismagius","species":"Mismagius","item":"spookyplate","ability":"Levitate","moves":["darkpulse","calmmind","foulplay","ominouswind"],"nature":"Hasty","evs":{"hp":0,"atk":4,"def":0,"spa":252,"spd":0,"spe":252},"shiny":true,"ivs":{"hp":31,"atk":31,"def":31,"spa":31,"spd":31,"spe":31}},{"name":"Gengar","species":"Gengar","item":"focussash","ability":"Levitate","moves":["sludgewave","shadowball","toxic","dazzlinggleam"],"nature":"Timid","evs":{"hp":0,"atk":0,"def":0,"spa":252,"spd":4,"spe":252},"shiny":true,"ivs":{"hp":31,"atk":31,"def":31,"spa":31,"spd":31,"spe":31}},{"name":"Chandelure","species":"Chandelure","item":"choicescarf","ability":"Infiltrator","moves":["shadowball","fireblast","hex","clearsmog"],"nature":"Modest","evs":{"hp":248,"atk":0,"def":0,"spa":252,"spd":8,"spe":0},"shiny":true,"ivs":{"hp":31,"atk":31,"def":31,"spa":31,"spd":31,"spe":31}},{"name":"Froslass","species":"Froslass","item":"razorfang","ability":"Cursed Body","moves":["icebeam","iceshard","destinybond","confuseray"],"nature":"Hasty","evs":{"hp":248,"atk":8,"def":0,"spa":0,"spd":0,"spe":252},"ivs":{"hp":31,"atk":31,"def":31,"spa":31,"spd":31,"spe":31}}],"log":["|player|p1|Alliance-C-Control|190","|player|p2|GTX♅Shinsou|26","|gametype|singles","|gen|6","|tier|Monotype","|rated","|rule|Baton Pass Clause: Limit one Baton Passer, can't pass Spe and other stats simultaneously","|rule|Swagger Clause: Swagger is banned","|rule|Same Type Clause: Pokémon in a team must share a type","|clearpoke","|poke|p1|Zapdos","|poke|p1|Magnezone","|poke|p1|Rotom-Wash","|poke|p1|Zebstrika, M","|poke|p1|Thundurus, M","|poke|p1|Emolga, M","|poke|p2|Aegislash, F, shiny","|poke|p2|Sableye, M, shiny","|poke|p2|Mismagius, F, shiny","|poke|p2|Gengar, M, shiny","|poke|p2|Chandelure, F, shiny","|poke|p2|Froslass, F","|rule|Sleep Clause Mod: Limit one foe put to sleep","|rule|Species Clause: Limit one of each Pokémon","|rule|OHKO Clause: OHKO moves are banned","|rule|Moody Clause: Moody is banned","|rule|Evasion Moves Clause: Evasion moves are banned","|rule|Endless Battle Clause: Forcing endless battles is banned","|rule|HP Percentage Mod: HP is shown in percentages","|teampreview","|","|start","|switch|p1a: Emolga|Emolga, M|251/251","|switch|p2a: Froslass|Froslass, F|343/343","|turn|1","|","|switch|p1a: Rotom-Wash|Rotom-Wash|304/304","|move|p2a: Froslass|Ice Shard|p1a: Rotom-Wash","|-crit|p1a: Rotom-Wash","|-resisted|p1a: Rotom-Wash","|-damage|p1a: Rotom-Wash|285/304","|","|-heal|p1a: Rotom-Wash|304/304|[from] item: Leftovers","|turn|2","|","|move|p2a: Froslass|Confuse Ray|p1a: Rotom-Wash","|-start|p1a: Rotom-Wash|confusion","|-activate|p1a: Rotom-Wash|confusion","|move|p1a: Rotom-Wash|Volt Switch|p2a: Froslass","|-damage|p2a: Froslass|228/343","|-start|p1a: Rotom-Wash|Disable|Volt Switch","|","|switch|p1a: Zebstrika|Zebstrika, M|291/291","|","|turn|3","|","|move|p1a: Zebstrika|Flame Charge|p2a: Froslass","|-supereffective|p2a: Froslass","|-damage|p2a: Froslass|74/343","|-start|p1a: Zebstrika|Disable|Flame Charge","|-boost|p1a: Zebstrika|spe|1","|move|p2a: Froslass|Ice Beam|p1a: Zebstrika","|-crit|p1a: Zebstrika","|-damage|p1a: Zebstrika|104/291","|","|-heal|p1a: Zebstrika|122/291|[from] item: Leftovers","|turn|4","|","|switch|p1a: Magnezone|Magnezone|281/281","|move|p2a: Froslass|Destiny Bond|p2a: Froslass","|-singlemove|p2a: Froslass|Destiny Bond","|","|turn|5","|","|switch|p1a: Rotom-Wash|Rotom-Wash|304/304","|move|p2a: Froslass|Destiny Bond|p2a: Froslass","|-singlemove|p2a: Froslass|Destiny Bond","|","|turn|6","|","|move|p2a: Froslass|Destiny Bond|p2a: Froslass","|-singlemove|p2a: Froslass|Destiny Bond","|move|p1a: Rotom-Wash|Will-O-Wisp|p2a: Froslass","|-status|p2a: Froslass|brn","|","|-damage|p2a: Froslass|32/343 brn|[from] brn","|turn|7","|","|move|p2a: Froslass|Ice Beam|p1a: Rotom-Wash","|-resisted|p1a: Rotom-Wash","|-damage|p1a: Rotom-Wash|259/304","|move|p1a: Rotom-Wash|Will-O-Wisp|p2a: Froslass","|-fail|p2a: Froslass|brn","|","|-heal|p1a: Rotom-Wash|278/304|[from] item: Leftovers","|-damage|p2a: Froslass|0 fnt|[from] brn","|faint|p2a: Froslass","|","|switch|p2a: Aegislash|Aegislash, F, shiny|324/324","|turn|8","|","|move|p1a: Rotom-Wash|Will-O-Wisp|p2a: Aegislash","|-status|p2a: Aegislash|brn","|move|p2a: Aegislash|Swords Dance|p2a: Aegislash","|-boost|p2a: Aegislash|atk|2","|","|-heal|p1a: Rotom-Wash|297/304|[from] item: Leftovers","|-damage|p2a: Aegislash|284/324 brn|[from] brn","|turn|9","|","|move|p2a: Aegislash|King's Shield|p2a: Aegislash","|-singleturn|p2a: Aegislash|Protect","|move|p1a: Rotom-Wash|Volt Switch|p2a: Aegislash","|-activate|p2a: Aegislash|Protect","|","|-heal|p1a: Rotom-Wash|304/304|[from] item: Leftovers","|-damage|p2a: Aegislash|244/324 brn|[from] brn","|turn|10","|player|p1","|player|p1|Alliance-C-Control|190","|","|-formechange|p2a: Aegislash|Aegislash-Blade","|move|p2a: Aegislash|Shadow Sneak|p1a: Rotom-Wash","|-damage|p1a: Rotom-Wash|244/304","|move|p1a: Rotom-Wash|Volt Switch|p2a: Aegislash","|-damage|p2a: Aegislash|88/324 brn","|","|switch|p1a: Magnezone|Magnezone|281/281","|","|-damage|p2a: Aegislash|48/324 brn|[from] brn","|turn|11","|","|move|p1a: Magnezone|Volt Switch|p2a: Aegislash","|-damage|p2a: Aegislash|0 fnt","|faint|p2a: Aegislash","|","|switch|p1a: Emolga|Emolga, M|251/251","|","|","|switch|p2a: Gengar|Gengar, M, shiny|261/261","|turn|12","|","|move|p2a: Gengar|Sludge Wave|p1a: Emolga","|-damage|p1a: Emolga|0 fnt","|faint|p1a: Emolga","|","|","|switch|p1a: Magnezone|Magnezone|281/281","|turn|13","|","|move|p1a: Magnezone|Volt Switch|p2a: Gengar","|-damage|p2a: Gengar|90/261","|","|switch|p1a: Thundurus|Thundurus, M|299/299","|move|p2a: Gengar|Shadow Ball|p1a: Thundurus","|-crit|p1a: Thundurus","|-damage|p1a: Thundurus|59/299","|-unboost|p1a: Thundurus|spd|1","|","|-heal|p1a: Thundurus|77/299|[from] item: Leftovers","|turn|14","|","|move|p1a: Thundurus|Thunderbolt|p2a: Gengar","|-damage|p2a: Gengar|0 fnt","|faint|p2a: Gengar","|","|-heal|p1a: Thundurus|95/299|[from] item: Leftovers","|","|switch|p2a: Sableye|Sableye, M, shiny|303/303","|turn|15","|","|detailschange|p2a: Sableye|Sableye-Mega, M, shiny","|-mega|p2a: Sableye|Sableye|Sablenite","|move|p1a: Thundurus|Thunder Wave|p2a: Sableye","|move|p2a: Sableye|Thunder Wave|p1a: Thundurus|[from]Magic Bounce","|-immune|p1a: Thundurus|[msg]","|move|p2a: Sableye|Substitute|p2a: Sableye","|-start|p2a: Sableye|Substitute","|-damage|p2a: Sableye|228/303","|","|-heal|p1a: Thundurus|113/299|[from] item: Leftovers","|turn|16","|","|move|p1a: Thundurus|Thunderbolt|p2a: Sableye","|-end|p2a: Sableye|Substitute","|move|p2a: Sableye|Dazzling Gleam|p1a: Thundurus","|-damage|p1a: Thundurus|8/299","|","|-heal|p1a: Thundurus|26/299|[from] item: Leftovers","|turn|17","|","|switch|p1a: Zebstrika|Zebstrika, M|122/291","|move|p2a: Sableye|Dark Pulse|p1a: Zebstrika","|-damage|p1a: Zebstrika|0 fnt","|faint|p1a: Zebstrika","|","|","|switch|p1a: Magnezone|Magnezone|281/281","|turn|18","|","|move|p1a: Magnezone|Volt Switch|p2a: Sableye","|-damage|p2a: Sableye|107/303","|","|switch|p1a: Rotom-Wash|Rotom-Wash|244/304","|move|p2a: Sableye|Substitute|p2a: Sableye","|-start|p2a: Sableye|Substitute","|-damage|p2a: Sableye|32/303","|","|-heal|p1a: Rotom-Wash|263/304|[from] item: Leftovers","|turn|19","|","|move|p1a: Rotom-Wash|Volt Switch|p2a: Sableye","|-activate|p2a: Sableye|Substitute|[damage]","|","|switch|p1a: Zapdos|Zapdos|383/383","|-ability|p1a: Zapdos|Pressure","|move|p2a: Sableye|Nasty Plot|p2a: Sableye","|-boost|p2a: Sableye|spa|2","|","|turn|20","|","|move|p1a: Zapdos|Volt Switch|p2a: Sableye","|-end|p2a: Sableye|Substitute","|","|switch|p1a: Rotom-Wash|Rotom-Wash|263/304","|move|p2a: Sableye|Dark Pulse|p1a: Rotom-Wash","|-damage|p1a: Rotom-Wash|106/304","|","|-heal|p1a: Rotom-Wash|125/304|[from] item: Leftovers","|turn|21","|","|move|p1a: Rotom-Wash|Volt Switch|p2a: Sableye","|-damage|p2a: Sableye|0 fnt","|faint|p2a: Sableye","|","|switch|p1a: Thundurus|Thundurus, M|26/299","|","|-heal|p1a: Thundurus|44/299|[from] item: Leftovers","|","|switch|p2a: Chandelure|Chandelure, F, shiny|323/323","|turn|22","|","|move|p1a: Thundurus|Thunder Wave|p2a: Chandelure","|-status|p2a: Chandelure|par","|move|p2a: Chandelure|Shadow Ball|p1a: Thundurus","|-damage|p1a: Thundurus|0 fnt","|faint|p1a: Thundurus","|","|","|switch|p1a: Rotom-Wash|Rotom-Wash|125/304","|turn|23","|","|move|p1a: Rotom-Wash|Hydro Pump|p2a: Chandelure","|-supereffective|p2a: Chandelure","|-damage|p2a: Chandelure|3/323 par","|move|p2a: Chandelure|Shadow Ball|p1a: Rotom-Wash","|-damage|p1a: Rotom-Wash|0 fnt","|faint|p1a: Rotom-Wash","|","|","|switch|p1a: Magnezone|Magnezone|281/281","|turn|24","|","|move|p1a: Magnezone|Volt Switch|p2a: Chandelure","|-damage|p2a: Chandelure|0 fnt","|faint|p2a: Chandelure","|","|switch|p1a: Zapdos|Zapdos|383/383","|-ability|p1a: Zapdos|Pressure","|","|","|win|Alliance-C-Control"],"p1rating":{"entryid":"6440455","serverid":"eos","formatid":"monotype","userid":"allianceccontrol","username":"Alliance-C-Control","w":222,"l":"292","t":"0","gxe":42.4,"r":"1437.6253948805","rd":"25","sigma":"0","rptime":"1438419600","rpr":1442.0115180477,"rprd":25,"rpsigma":"0","acre":1178.5895597477,"lacre":1178.5895597477,"oldacre":"1164.2301804285"},"p2rating":{"entryid":"7286967","serverid":"eos","formatid":"monotype","userid":"gtxshinsou","username":"GTX♅Shinsou","w":"2","l":9,"t":"0","gxe":30,"r":"1365.4163578451","rd":"90.306943064662","sigma":"0","rptime":"1438419600","rpr":1336.0885234105,"rprd":85.361050639435,"rpsigma":"0","acre":1000.0192613209,"lacre":1000.0192613209,"oldacre":"1006.3063441776"},"endType":"forfeit"}