{"seed":[51205,27320,44925,18206],"turns":28,"p1":"Intern Runn","p2":"Sovereign♕Cactus","p1team":[{"name":"Hariyama","species":"Hariyama","item":"flameorb","ability":"Guts","moves":["icepunch","knockoff","fakeout","closecombat"],"nature":"Adamant","evs":{"hp":252,"atk":252,"def":4,"spa":0,"spd":0,"spe":0},"ivs":{"hp":31,"atk":31,"def":31,"spa":31,"spd":31,"spe":31}},{"name":"Conkeldurr","species":"Conkeldurr","item":"assaultvest","ability":"Guts","moves":["drainpunch","poisonjab","knockoff","icepunch"],"nature":"Adamant","evs":{"hp":20,"atk":244,"def":16,"spa":0,"spd":228,"spe":0},"ivs":{"hp":31,"atk":31,"def":31,"spa":31,"spd":31,"spe":31}},{"name":"Gallade","species":"Gallade","item":"galladite","ability":"Steadfast","moves":["poisonjab","drainpunch","shadowsneak","zenheadbutt"],"nature":"Jolly","evs":{"hp":4,"atk":252,"def":0,"spa":0,"spd":0,"spe":252},"ivs":{"hp":31,"atk":31,"def":31,"spa":31,"spd":31,"spe":31}},{"name":"Terrakion","species":"Terrakion","item":"choicescarf","ability":"Justified","moves":["ironhead","stoneedge","closecombat","earthquake"],"nature":"Careful","evs":{"hp":0,"atk":252,"def":0,"spa":0,"spd":4,"spe":252},"ivs":{"hp":31,"atk":31,"def":31,"spa":31,"spd":31,"spe":31}},{"name":"Infernape","species":"Infernape","item":"lifeorb","ability":"Iron Fist","moves":["flareblitz","closecombat","thunderpunch","machpunch"],"nature":"Adamant","evs":{"hp":4,"atk":252,"def":0,"spa":0,"spd":0,"spe":252},"ivs":{"hp":31,"atk":31,"def":31,"spa":31,"spd":31,"spe":31}},{"name":"Hawlucha","species":"Hawlucha","item":"powerherb","ability":"Unburden","moves":["skyattack","highjumpkick","acrobatics","swordsdance"],"nature":"Adamant","evs":{"hp":4,"atk":252,"def":0,"spa":0,"spd":0,"spe":252},"ivs":{"hp":31,"atk":31,"def":31,"spa":31,"spd":31,"spe":31}}],"p2team":[{"name":"Quagmire","species":"quagsire","item":"leftovers","ability":"Water Absorb","moves":["yawn","scald","recover","stockpile"],"nature":"Bold","evs":{"hp":252,"atk":0,"def":252,"spa":0,"spd":4,"spe":0},"ivs":{"hp":31,"atk":31,"def":31,"spa":31,"spd":31,"spe":31}},{"name":"Barney&Dragons","species":"garchomp","item":"choicescarf","ability":"Rough Skin","moves":["earthquake","dragonclaw","ironhead","stoneedge"],"nature":"Jolly","evs":{"hp":0,"atk":252,"def":0,"spa":0,"spd":4,"spe":252},"gender":"M","ivs":{"hp":31,"atk":31,"def":31,"spa":31,"spd":31,"spe":31}},{"name":"DigDug","species":"excadrill","item":"assaultvest","ability":"Mold Breaker","moves":["earthquake","xscissor","rockslide","ironhead"],"nature":"Adamant","evs":{"hp":0,"atk":252,"def":0,"spa":0,"spd":4,"spe":252},"shiny":true,"ivs":{"hp":31,"atk":31,"def":31,"spa":31,"spd":31,"spe":31}},{"name":"Manny","species":"mamoswine","item":"choicescarf","ability":"Thick Fat","moves":["earthquake","iceshard","iciclecrash","superpower"],"nature":"Jolly","evs":{"hp":0,"atk":248,"def":0,"spa":0,"spd":4,"spe":252},"ivs":{"hp":31,"atk":31,"def":31,"spa":31,"spd":31,"spe":31}},{"name":"Orange Hulk","species":"landorus","item":"lifeorb","ability":"Sheer Force","moves":["earthpower","focusblast","psychic","gravity"],"nature":"Timid","evs":{"hp":0,"atk":0,"def":0,"spa":252,"spd":4,"spe":252},"shiny":true,"ivs":{"hp":31,"atk":31,"def":31,"spa":31,"spd":31,"spe":31}},{"name":"Diggersby Tho","species":"diggersby","item":"focussash","ability":"Huge Power","moves":["earthquake","firepunch","return","agility"],"nature":"Adamant","evs":{"hp":248,"atk":252,"def":0,"spa":0,"spd":8,"spe":0},"ivs":{"hp":31,"atk":31,"def":31,"spa":31,"spd":31,"spe":31}}],"log":["|player|p1|Intern Runn|151","|player|p2|Sovereign♕Cactus|251","|gametype|singles","|gen|6","|tier|Monotype","|rated","|rule|Baton Pass Clause: Limit one Baton Passer, can't pass Spe and other stats simultaneously","|rule|Swagger Clause: Swagger is banned","|rule|Same Type Clause: Pokémon in a team must share a type","|clearpoke","|poke|p1|Hariyama, M","|poke|p1|Conkeldurr, F","|poke|p1|Gallade, M","|poke|p1|Terrakion","|poke|p1|Infernape, F","|poke|p1|Hawlucha, F","|poke|p2|Quagsire, M","|poke|p2|Garchomp, M","|poke|p2|Excadrill, F, shiny","|poke|p2|Mamoswine, M","|poke|p2|Landorus, M, shiny","|poke|p2|Diggersby, M","|rule|Sleep Clause Mod: Limit one foe put to sleep","|rule|Species Clause: Limit one of each Pokémon","|rule|OHKO Clause: OHKO moves are banned","|rule|Moody Clause: Moody is banned","|rule|Evasion Moves Clause: Evasion moves are banned","|rule|Endless Battle Clause: Forcing endless battles is banned","|rule|HP Percentage Mod: HP is shown in percentages","|teampreview","|","|start","|switch|p1a: Hawlucha|Hawlucha, F|298/298","|switch|p2a: Diggersby Tho|Diggersby, M|373/373","|turn|1","|","|move|p1a: Hawlucha|Sky Attack|p2a: Diggersby Tho|[still]","|-prepare|p1a: Hawlucha|Sky Attack|p2a: Diggersby Tho","|-enditem|p1a: Hawlucha|Power Herb","|-anim|p1a: Hawlucha|Sky Attack|p2a: Diggersby Tho","|-damage|p2a: Diggersby Tho|88/373","|move|p2a: Diggersby Tho|Agility|p2a: Diggersby Tho","|-boost|p2a: Diggersby Tho|spe|2","|","|turn|2","|","|move|p1a: Hawlucha|Acrobatics|p2a: Diggersby Tho","|-damage|p2a: Diggersby Tho|0 fnt","|faint|p2a: Diggersby Tho","|","|","|switch|p2a: Barney&Dragons|Garchomp, M|357/357","|turn|3","|","|move|p1a: Hawlucha|Acrobatics|p2a: Barney&Dragons","|-damage|p2a: Barney&Dragons|173/357","|-damage|p1a: Hawlucha|261/298|[from] ability: Rough Skin|[of] p2a: Barney&Dragons","|move|p2a: Barney&Dragons|Dragon Claw|p1a: Hawlucha","|-damage|p1a: Hawlucha|71/298","|","|turn|4","|","|switch|p2a: Quagmire|Quagsire, M|394/394","|move|p1a: Hawlucha|Acrobatics|p2a: Quagmire","|-damage|p2a: Quagmire|246/394","|","|-heal|p2a: Quagmire|270/394|[from] item: Leftovers","|turn|5","|","|move|p1a: Hawlucha|High Jump Kick|p2a: Quagmire","|-damage|p2a: Quagmire|108/394","|move|p2a: Quagmire|Scald|p1a: Hawlucha","|-damage|p1a: Hawlucha|0 fnt","|faint|p1a: Hawlucha","|","|-heal|p2a: Quagmire|132/394|[from] item: Leftovers","|","|switch|p1a: Gallade|Gallade, M|278/278","|turn|6","|","|detailschange|p1a: Gallade|Gallade-Mega, M","|-mega|p1a: Gallade|Gallade|Galladite","|move|p1a: Gallade|Zen Headbutt|p2a: Quagmire|[miss]","|-miss|p1a: Gallade|p2a: Quagmire","|move|p2a: Quagmire|Scald|p1a: Gallade","|-damage|p1a: Gallade|214/278","|-status|p1a: Gallade|brn","|","|-heal|p2a: Quagmire|156/394|[from] item: Leftovers","|-damage|p1a: Gallade|180/278 brn|[from] brn","|turn|7","|","|move|p1a: Gallade|Shadow Sneak|p2a: Quagmire","|-damage|p2a: Quagmire|132/394","|move|p2a: Quagmire|Stockpile|p2a: Quagmire","|-start|p2a: Quagmire|stockpile1","|-boost|p2a: Quagmire|def|1","|-boost|p2a: Quagmire|spd|1","|","|-heal|p2a: Quagmire|156/394|[from] item: Leftovers","|-damage|p1a: Gallade|146/278 brn|[from] brn","|turn|8","|","|move|p1a: Gallade|Zen Headbutt|p2a: Quagmire","|-damage|p2a: Quagmire|108/394","|move|p2a: Quagmire|Recover|p2a: Quagmire","|-heal|p2a: Quagmire|305/394","|","|-heal|p2a: Quagmire|329/394|[from] item: Leftovers","|-damage|p1a: Gallade|112/278 brn|[from] brn","|turn|9","|","|switch|p1a: Conkeldurr|Conkeldurr, F|356/356","|move|p2a: Quagmire|Stockpile|p2a: Quagmire","|-start|p2a: Quagmire|stockpile2","|-boost|p2a: Quagmire|def|1","|-boost|p2a: Quagmire|spd|1","|","|-heal|p2a: Quagmire|353/394|[from] item: Leftovers","|turn|10","|","|move|p1a: Conkeldurr|Knock Off|p2a: Quagmire","|-damage|p2a: Quagmire|301/394","|-enditem|p2a: Quagmire|Leftovers|[from] move: Knock Off|[of] p1a: Conkeldurr","|move|p2a: Quagmire|Scald|p1a: Conkeldurr","|-damage|p1a: Conkeldurr|310/356","|","|turn|11","|","|move|p1a: Conkeldurr|Ice Punch|p2a: Quagmire","|-damage|p2a: Quagmire|259/394","|move|p2a: Quagmire|Yawn|p1a: Conkeldurr","|-start|p1a: Conkeldurr|move: Yawn|[of] p2a: Quagmire","|","|turn|12","|","|switch|p1a: Terrakion|Terrakion|323/323","|move|p2a: Quagmire|Recover|p2a: Quagmire","|-heal|p2a: Quagmire|394/394","|","|turn|13","|","|move|p1a: Terrakion|Close Combat|p2a: Quagmire","|-damage|p2a: Quagmire|304/394","|-unboost|p1a: Terrakion|def|1","|-unboost|p1a: Terrakion|spd|1","|move|p2a: Quagmire|Scald|p1a: Terrakion","|-supereffective|p1a: Terrakion","|-damage|p1a: Terrakion|113/323","|","|turn|14","|","|switch|p1a: Hariyama|Hariyama, M|492/492","|move|p2a: Quagmire|Scald|p1a: Hariyama","|-damage|p1a: Hariyama|399/492","|","|-status|p1a: Hariyama|brn|[from] item: Flame Orb","|turn|15","|","|move|p1a: Hariyama|Fake Out|p2a: Quagmire","|-damage|p2a: Quagmire|275/394","|cant|p2a: Quagmire|flinch","|","|-damage|p1a: Hariyama|338/492 brn|[from] brn","|turn|16","|","|move|p1a: Hariyama|Ice Punch|p2a: Quagmire","|-damage|p2a: Quagmire|222/394","|move|p2a: Quagmire|Recover|p2a: Quagmire","|-heal|p2a: Quagmire|394/394","|","|-damage|p1a: Hariyama|277/492 brn|[from] brn","|turn|17","|","|move|p1a: Hariyama|Ice Punch|p2a: Quagmire","|-damage|p2a: Quagmire|335/394","|move|p2a: Quagmire|Stockpile|p2a: Quagmire","|-start|p2a: Quagmire|stockpile3","|-boost|p2a: Quagmire|def|1","|-boost|p2a: Quagmire|spd|1","|","|-damage|p1a: Hariyama|216/492 brn|[from] brn","|turn|18","|","|move|p1a: Hariyama|Ice Punch|p2a: Quagmire","|-damage|p2a: Quagmire|294/394","|move|p2a: Quagmire|Recover|p2a: Quagmire","|-heal|p2a: Quagmire|394/394","|","|-damage|p1a: Hariyama|155/492 brn|[from] brn","|turn|19","|","|switch|p1a: Gallade|Gallade-Mega, M|112/278 brn","|move|p2a: Quagmire|Scald|p1a: Gallade","|-damage|p1a: Gallade|51/278 brn","|","|-damage|p1a: Gallade|17/278 brn|[from] brn","|turn|20","|","|move|p1a: Gallade|Drain Punch|p2a: Quagmire","|-damage|p2a: Quagmire|369/394","|-heal|p1a: Gallade|30/278 brn|[from] drain|[of] p2a: Quagmire","|move|p2a: Quagmire|Recover|p2a: Quagmire","|-heal|p2a: Quagmire|394/394","|","|-damage|p1a: Gallade|0 fnt|[from] brn","|faint|p1a: Gallade","|","|switch|p1a: Terrakion|Terrakion|113/323","|turn|21","|","|move|p1a: Terrakion|Close Combat|p2a: Quagmire","|-damage|p2a: Quagmire|327/394","|-unboost|p1a: Terrakion|def|1","|-unboost|p1a: Terrakion|spd|1","|move|p2a: Quagmire|Scald|p1a: Terrakion","|-supereffective|p1a: Terrakion","|-damage|p1a: Terrakion|0 fnt","|faint|p1a: Terrakion","|","|","|switch|p1a: Conkeldurr|Conkeldurr, F|310/356","|turn|22","|","|move|p1a: Conkeldurr|Ice Punch|p2a: Quagmire","|-damage|p2a: Quagmire|295/394","|move|p2a: Quagmire|Scald|p1a: Conkeldurr","|-damage|p1a: Conkeldurr|264/356","|-status|p1a: Conkeldurr|brn","|","|-damage|p1a: Conkeldurr|220/356 brn|[from] brn","|turn|23","|","|move|p1a: Conkeldurr|Ice Punch|p2a: Quagmire","|-damage|p2a: Quagmire|247/394","|move|p2a: Quagmire|Scald|p1a: Conkeldurr","|-damage|p1a: Conkeldurr|171/356 brn","|","|-damage|p1a: Conkeldurr|127/356 brn|[from] brn","|turn|24","|","|move|p1a: Conkeldurr|Ice Punch|p2a: Quagmire","|-damage|p2a: Quagmire|201/394","|move|p2a: Quagmire|Recover|p2a: Quagmire","|-heal|p2a: Quagmire|394/394","|","|-damage|p1a: Conkeldurr|83/356 brn|[from] brn","|turn|25","|","|move|p1a: Conkeldurr|Ice Punch|p2a: Quagmire","|-damage|p2a: Quagmire|346/394","|move|p2a: Quagmire|Scald|p1a: Conkeldurr","|-damage|p1a: Conkeldurr|34/356 brn","|","|-damage|p1a: Conkeldurr|0 fnt|[from] brn","|faint|p1a: Conkeldurr","|","|switch|p1a: Infernape|Infernape, F|294/294","|turn|26","|","|move|p1a: Infernape|Close Combat|p2a: Quagmire","|-damage|p2a: Quagmire|260/394","|-unboost|p1a: Infernape|def|1","|-unboost|p1a: Infernape|spd|1","|-damage|p1a: Infernape|265/294|[from] item: Life Orb","|move|p2a: Quagmire|Scald|p1a: Infernape","|-supereffective|p1a: Infernape","|-damage|p1a: Infernape|0 fnt","|faint|p1a: Infernape","|","|","|switch|p1a: Hariyama|Hariyama, M|155/492 brn","|turn|27","|","|move|p1a: Hariyama|Knock Off|p2a: Quagmire","|-damage|p2a: Quagmire|220/394","|move|p2a: Quagmire|Recover|p2a: Quagmire","|-heal|p2a: Quagmire|394/394","|","|-damage|p1a: Hariyama|94/492 brn|[from] brn","|turn|28","|","|move|p1a: Hariyama|Close Combat|p2a: Quagmire","|-damage|p2a: Quagmire|285/394","|-unboost|p1a: Hariyama|def|1","|-unboost|p1a: Hariyama|spd|1","|move|p2a: Quagmire|Scald|p1a: Hariyama","|-damage|p1a: Hariyama|0 fnt","|faint|p1a: Hariyama","|","|win|Sovereign♕Cactus"],"p1rating":{"entryid":"7324952","serverid":"eos","formatid":"monotype","userid":"internrunn","username":"Intern Runn","w":"1","l":1,"t":"0","gxe":49.1,"r":"1500","rd":"130","sigma":"0","rptime":"1438419600","rpr":1492.9971533562,"rprd":115.99206931501,"rpsigma":"0","acre":1028.4116098849,"lacre":1028.4116098849,"oldacre":"1042.0346778707"},"p2rating":{"entryid":"6867552","serverid":"eos","formatid":"monotype","userid":"sovereigncactus","username":"Sovereign♕Cactus","w":49,"l":"61","t":"0","gxe":44.4,"r":"1460.5508031088","rd":"35.753247470272","sigma":"0","rptime":"1438419600","rpr":1457.748183673,"rprd":34.529939213638,"rpsigma":"0","acre":1120.6342319619,"lacre":1120.6342319619,"oldacre":"1099.7103168651"},"endType":"normal"}