{"seed":[11611,45286,56779,34877],"turns":22,"p1":"Crystl Sabo","p2":"Guard Wanderer","p1team":[{"name":"Poseidick","species":"heracross","item":"heracronite","ability":"Moxie","moves":["pinmissile","rockblast","substitute","focuspunch"],"nature":"Impish","evs":{"hp":236,"atk":0,"def":252,"spa":0,"spd":0,"spe":20},"shiny":true,"ivs":{"hp":31,"atk":31,"def":31,"spa":31,"spd":31,"spe":31}},{"name":"Mr.NiceFro","species":"keldeo","item":"choicescarf","ability":"Justified","moves":["hydropump","icywind","secretsword","hiddenpowergrass"],"nature":"Modest","evs":{"hp":0,"atk":0,"def":0,"spa":252,"spd":4,"spe":252},"ivs":{"hp":31,"atk":30,"def":31,"spa":30,"spd":31,"spe":31}},{"name":"Deus","species":"medicham","item":"choicescarf","ability":"Pure Power","moves":["highjumpkick","psychocut","poisonjab","icepunch"],"nature":"Adamant","evs":{"hp":0,"atk":252,"def":0,"spa":0,"spd":4,"spe":252},"shiny":true,"ivs":{"hp":31,"atk":31,"def":31,"spa":31,"spd":31,"spe":31}},{"name":"HotHead","species":"infernape","item":"choiceband","ability":"Blaze","moves":["flareblitz","closecombat","stoneedge","shadowclaw"],"nature":"Jolly","evs":{"hp":0,"atk":252,"def":0,"spa":0,"spd":4,"spe":252},"ivs":{"hp":31,"atk":31,"def":31,"spa":31,"spd":31,"spe":31}},{"name":"Deepthroat","species":"toxicroak","item":"lifeorb","ability":"Dry Skin","moves":["gunkshot","suckerpunch","drainpunch","swordsdance"],"nature":"Jolly","evs":{"hp":0,"atk":252,"def":0,"spa":0,"spd":0,"spe":252},"shiny":true,"ivs":{"hp":31,"atk":31,"def":31,"spa":31,"spd":31,"spe":31}},{"name":"Kobi","species":"cobalion","item":"leftovers","ability":"Justified","moves":["thunderwave","ironhead","stealthrock","voltswitch"],"nature":"Impish","evs":{"hp":252,"atk":0,"def":252,"spa":0,"spd":0,"spe":0},"ivs":{"hp":31,"atk":31,"def":31,"spa":31,"spd":31,"spe":31}}],"p2team":[{"name":"Lucario","species":"Lucario","item":"focussash","ability":"Inner Focus","moves":["copycat","aurasphere","flashcannon","psychic"],"nature":"Modest","evs":{"hp":0,"atk":0,"def":0,"spa":252,"spd":4,"spe":252},"ivs":{"hp":31,"atk":31,"def":31,"spa":31,"spd":31,"spe":31}},{"name":"Infernape","species":"Infernape","item":"whiteherb","ability":"Blaze","moves":["flamethrower","mudslap","overheat","vacuumwave"],"nature":"Timid","evs":{"hp":0,"atk":0,"def":0,"spa":252,"spd":4,"spe":252},"ivs":{"hp":31,"atk":31,"def":31,"spa":30,"spd":31,"spe":31}},{"name":"Scrafty","species":"Scrafty","item":"lumberry","ability":"Shed Skin","moves":["bulkup","amnesia","drainpunch","thief"],"nature":"Careful","evs":{"hp":252,"atk":0,"def":4,"spa":0,"spd":252,"spe":0},"ivs":{"hp":31,"atk":31,"def":31,"spa":31,"spd":31,"spe":31}},{"name":"Hawlucha","species":"Hawlucha","item":"powerherb","ability":"Unburden","moves":["skyattack","acrobatics","drainpunch","mefirst"],"nature":"Adamant","evs":{"hp":0,"atk":252,"def":0,"spa":0,"spd":4,"spe":252},"ivs":{"hp":31,"atk":31,"def":31,"spa":31,"spd":31,"spe":31}},{"name":"Heracross","species":"Heracross","item":"heracronite","ability":"Moxie","moves":["bulletseed","rockblast","pinmissile","armthrust"],"nature":"Jolly","evs":{"hp":200,"atk":160,"def":0,"spa":0,"spd":0,"spe":148},"ivs":{"hp":31,"atk":31,"def":31,"spa":31,"spd":31,"spe":31}},{"name":"Medicham","species":"Medicham","item":"bigroot","ability":"Pure Power","moves":["drainpunch","bulletpunch","psychocut","foresight"],"nature":"Adamant","evs":{"hp":248,"atk":252,"def":0,"spa":0,"spd":8,"spe":0},"ivs":{"hp":31,"atk":31,"def":31,"spa":31,"spd":31,"spe":31}}],"log":["|player|p1|Crystl Sabo|161","|player|p2|Guard Wanderer|235","|gametype|singles","|gen|6","|tier|Monotype","|rated","|rule|Baton Pass Clause: Limit one Baton Passer, can't pass Spe and other stats simultaneously","|rule|Swagger Clause: Swagger is banned","|rule|Same Type Clause: Pokémon in a team must share a type","|clearpoke","|poke|p1|Heracross, F, shiny","|poke|p1|Keldeo","|poke|p1|Medicham, F, shiny","|poke|p1|Infernape, F","|poke|p1|Toxicroak, M, shiny","|poke|p1|Cobalion","|poke|p2|Lucario, F","|poke|p2|Infernape, M","|poke|p2|Scrafty, F","|poke|p2|Hawlucha, F","|poke|p2|Heracross, M","|poke|p2|Medicham, F","|rule|Sleep Clause Mod: Limit one foe put to sleep","|rule|Species Clause: Limit one of each Pokémon","|rule|OHKO Clause: OHKO moves are banned","|rule|Moody Clause: Moody is banned","|rule|Evasion Moves Clause: Evasion moves are banned","|rule|Endless Battle Clause: Forcing endless battles is banned","|rule|HP Percentage Mod: HP is shown in percentages","|teampreview","|","|start","|switch|p1a: Mr.NiceFro|Keldeo|323/323","|switch|p2a: Lucario|Lucario, F|281/281","|turn|1","|","|move|p1a: Mr.NiceFro|Secret Sword|p2a: Lucario","|-supereffective|p2a: Lucario","|-enditem|p2a: Lucario|Focus Sash","|-damage|p2a: Lucario|1/281","|move|p2a: Lucario|Psychic|p1a: Mr.NiceFro","|-supereffective|p1a: Mr.NiceFro","|-damage|p1a: Mr.NiceFro|77/323","|","|turn|2","|","|switch|p2a: Hawlucha|Hawlucha, F|297/297","|move|p1a: Mr.NiceFro|Secret Sword|p2a: Hawlucha","|-resisted|p2a: Hawlucha","|-damage|p2a: Hawlucha|198/297","|","|turn|3","|","|move|p1a: Mr.NiceFro|Secret Sword|p2a: Hawlucha","|-resisted|p2a: Hawlucha","|-damage|p2a: Hawlucha|88/297","|move|p2a: Hawlucha|Drain Punch|p1a: Mr.NiceFro","|-damage|p1a: Mr.NiceFro|0 fnt","|-heal|p2a: Hawlucha|127/297|[from] drain|[of] p1a: Mr.NiceFro","|faint|p1a: Mr.NiceFro","|","|","|switch|p1a: Kobi|Cobalion|386/386","|turn|4","|","|switch|p2a: Lucario|Lucario, F|1/281","|move|p1a: Kobi|Thunder Wave|p2a: Lucario","|-status|p2a: Lucario|par","|","|turn|5","|","|move|p1a: Kobi|Volt Switch|p2a: Lucario","|-crit|p2a: Lucario","|-damage|p2a: Lucario|0 fnt","|faint|p2a: Lucario","|","|switch|p1a: Deus|Medicham, F, shiny|261/261","|","|","|switch|p2a: Hawlucha|Hawlucha, F|127/297","|turn|6","|","|move|p1a: Deus|Psycho Cut|p2a: Hawlucha","|-supereffective|p2a: Hawlucha","|-damage|p2a: Hawlucha|0 fnt","|faint|p2a: Hawlucha","|","|","|switch|p2a: Scrafty|Scrafty, F|334/334","|turn|7","|","|switch|p1a: Poseidick|Heracross, F, shiny|360/360","|move|p2a: Scrafty|Bulk Up|p2a: Scrafty","|-boost|p2a: Scrafty|atk|1","|-boost|p2a: Scrafty|def|1","|","|turn|8","|","|detailschange|p1a: Poseidick|Heracross-Mega, F, shiny","|-mega|p1a: Poseidick|Heracross|Heracronite","|move|p1a: Poseidick|Substitute|p1a: Poseidick","|-start|p1a: Poseidick|Substitute","|-damage|p1a: Poseidick|270/360","|move|p2a: Scrafty|Bulk Up|p2a: Scrafty","|-boost|p2a: Scrafty|atk|1","|-boost|p2a: Scrafty|def|1","|","|turn|9","|","|-singleturn|p1a: Poseidick|move: Focus Punch","|move|p2a: Scrafty|Drain Punch|p1a: Poseidick","|-resisted|p1a: Poseidick","|-activate|p1a: Poseidick|Substitute|[damage]","|move|p1a: Poseidick|Focus Punch|p2a: Scrafty","|-supereffective|p2a: Scrafty","|-damage|p2a: Scrafty|76/334","|","|turn|10","|","|move|p1a: Poseidick|Pin Missile|p2a: Scrafty","|-damage|p2a: Scrafty|52/334","|-damage|p2a: Scrafty|31/334","|-damage|p2a: Scrafty|10/334","|-damage|p2a: Scrafty|0 fnt","|-hitcount|p2a: Scrafty|4","|faint|p2a: Scrafty","|","|","|switch|p2a: Infernape|Infernape, M|293/293","|turn|11","|","|-singleturn|p1a: Poseidick|move: Focus Punch","|move|p2a: Infernape|Flamethrower|p1a: Poseidick","|-supereffective|p1a: Poseidick","|-end|p1a: Poseidick|Substitute","|move|p1a: Poseidick|Focus Punch|p2a: Infernape","|-damage|p2a: Infernape|0 fnt","|faint|p2a: Infernape","|","|","|switch|p2a: Medicham|Medicham, F|323/323","|turn|12","|","|switch|p1a: Kobi|Cobalion|386/386","|move|p2a: Medicham|Psycho Cut|p1a: Kobi","|-damage|p1a: Kobi|290/386","|","|-heal|p1a: Kobi|314/386|[from] item: Leftovers","|turn|13","|","|move|p1a: Kobi|Thunder Wave|p2a: Medicham","|-status|p2a: Medicham|par","|move|p2a: Medicham|Drain Punch|p1a: Kobi","|-supereffective|p1a: Kobi","|-damage|p1a: Kobi|86/386","|","|-heal|p1a: Kobi|110/386|[from] item: Leftovers","|turn|14","|","|move|p1a: Kobi|Iron Head|p2a: Medicham","|-damage|p2a: Medicham|211/323 par","|cant|p2a: Medicham|par","|","|-heal|p1a: Kobi|134/386|[from] item: Leftovers","|turn|15","|","|cant|p2a: Medicham|par","|move|p1a: Kobi|Iron Head|p2a: Medicham","|-damage|p2a: Medicham|105/323 par","|","|-heal|p1a: Kobi|158/386|[from] item: Leftovers","|turn|16","|","|move|p2a: Medicham|Bullet Punch|p1a: Kobi","|-resisted|p1a: Kobi","|-damage|p1a: Kobi|138/386","|move|p1a: Kobi|Iron Head|p2a: Medicham","|-crit|p2a: Medicham","|-damage|p2a: Medicham|0 fnt","|faint|p2a: Medicham","|","|-heal|p1a: Kobi|162/386|[from] item: Leftovers","|","|switch|p2a: Heracross|Heracross, M|351/351","|turn|17","|","|move|p2a: Heracross|Arm Thrust|p1a: Kobi","|-supereffective|p1a: Kobi","|-damage|p1a: Kobi|130/386","|-supereffective|p1a: Kobi","|-damage|p1a: Kobi|100/386","|-supereffective|p1a: Kobi","|-damage|p1a: Kobi|68/386","|-hitcount|p1a: Kobi|3","|move|p1a: Kobi|Thunder Wave|p2a: Heracross","|-status|p2a: Heracross|par","|","|-heal|p1a: Kobi|92/386|[from] item: Leftovers","|turn|18","|","|move|p1a: Kobi|Volt Switch|p2a: Heracross","|-damage|p2a: Heracross|305/351 par","|","|switch|p1a: Poseidick|Heracross-Mega, F, shiny|270/360","|move|p2a: Heracross|Arm Thrust|p1a: Poseidick","|-crit|p1a: Poseidick","|-resisted|p1a: Poseidick","|-damage|p1a: Poseidick|258/360","|-crit|p1a: Poseidick","|-resisted|p1a: Poseidick","|-damage|p1a: Poseidick|245/360","|-resisted|p1a: Poseidick","|-damage|p1a: Poseidick|237/360","|-hitcount|p1a: Poseidick|3","|","|turn|19","|","|detailschange|p2a: Heracross|Heracross-Mega, M","|-mega|p2a: Heracross|Heracross|Heracronite","|move|p1a: Poseidick|Substitute|p1a: Poseidick","|-start|p1a: Poseidick|Substitute","|-damage|p1a: Poseidick|147/360","|cant|p2a: Heracross|par","|","|turn|20","|","|move|p1a: Poseidick|Rock Blast|p2a: Heracross|[miss]","|-miss|p1a: Poseidick|p2a: Heracross","|move|p2a: Heracross|Rock Blast|p1a: Poseidick","|-activate|p1a: Poseidick|Substitute|[damage]","|-activate|p1a: Poseidick|Substitute|[damage]","|-activate|p1a: Poseidick|Substitute|[damage]","|-crit|p1a: Poseidick","|-end|p1a: Poseidick|Substitute","|-damage|p1a: Poseidick|123/360","|-hitcount|p1a: Poseidick|5","|","|turn|21","|","|move|p1a: Poseidick|Rock Blast|p2a: Heracross","|-damage|p2a: Heracross|276/351 par","|-damage|p2a: Heracross|246/351 par","|-damage|p2a: Heracross|217/351 par","|-damage|p2a: Heracross|189/351 par","|-damage|p2a: Heracross|160/351 par","|-hitcount|p2a: Heracross|5","|cant|p2a: Heracross|par","|","|turn|22","|","|move|p1a: Poseidick|Rock Blast|p2a: Heracross","|-damage|p2a: Heracross|131/351 par","|-damage|p2a: Heracross|102/351 par","|-damage|p2a: Heracross|72/351 par","|-damage|p2a: Heracross|39/351 par","|-crit|p2a: Heracross","|-damage|p2a: Heracross|0 fnt","|-hitcount|p2a: Heracross|5","|faint|p2a: Heracross","|","|win|Crystl Sabo"],"p1rating":{"entryid":"5846197","serverid":"eos","formatid":"monotype","userid":"crystlsabo","username":"Crystl Sabo","w":51,"l":"44","t":"0","gxe":54.5,"r":"1535.6692364936","rd":"43.38905089569","sigma":"0","rptime":"1438419600","rpr":1534.5489547887,"rprd":42.783216845322,"rpsigma":"0","acre":1093.4605550956,"lacre":1093.4605550956,"oldacre":"1056.4165736777"},"p2rating":{"entryid":"6731189","serverid":"eos","formatid":"monotype","userid":"guardwanderer","username":"Guard Wanderer","w":"72","l":100,"t":"0","gxe":39.9,"r":"1419.3229163761","rd":"31.120178144835","sigma":"0","rptime":"1438419600","rpr":1423.0389392548,"rprd":30.025630812742,"rpsigma":"0","acre":1088.3419718045,"lacre":1088.3419718045,"oldacre":"1117.7069857039"},"endType":"normal"}