{"seed":[27531,26663,26051,49389],"turns":19,"p1":"NT Witch","p2":"Marx-Bot","p1team":[{"name":"Froslass","species":"Froslass","item":"focussash","ability":"Cursed Body","moves":["icepunch","shadowball","destinybond","icebeam"],"nature":"Timid","evs":{"hp":0,"atk":0,"def":4,"spa":252,"spd":0,"spe":252},"ivs":{"hp":31,"atk":31,"def":31,"spa":31,"spd":31,"spe":31}},{"name":"Weavile","species":"Weavile","item":"lifeorb","ability":"Pressure","moves":["blizzard","knockoff","nightslash","shadowball"],"nature":"Jolly","evs":{"hp":0,"atk":252,"def":0,"spa":0,"spd":4,"spe":252},"ivs":{"hp":31,"atk":31,"def":31,"spa":31,"spd":31,"spe":31}},{"name":"Lapras","species":"Lapras","item":"assaultvest","ability":"Water Absorb","moves":["hydropump","freezedry","thunderbolt","iceshard"],"nature":"Mild","evs":{"hp":248,"atk":8,"def":0,"spa":252,"spd":0,"spe":0},"gender":"F","shiny":true,"ivs":{"hp":31,"atk":31,"def":31,"spa":31,"spd":31,"spe":31}},{"name":"Cloyster","species":"Cloyster","item":"focussash","ability":"Skill Link","moves":["shellsmash","iciclespear","rockblast","razorshell"],"nature":"Adamant","evs":{"hp":0,"atk":252,"def":0,"spa":0,"spd":4,"spe":252},"ivs":{"hp":31,"atk":31,"def":31,"spa":31,"spd":31,"spe":31}},{"name":"Abomasnow","species":"Abomasnow","item":"abomasite","ability":"Soundproof","moves":["blizzard","woodhammer","iceshard","earthquake"],"nature":"Mild","evs":{"hp":8,"atk":68,"def":0,"spa":252,"spd":0,"spe":180},"ivs":{"hp":31,"atk":31,"def":31,"spa":31,"spd":31,"spe":31}},{"name":"Mamoswine","species":"Mamoswine","item":"lifeorb","ability":"Thick Fat","moves":["iceshard","earthquake","iciclecrash","freezedry"],"nature":"Naive","evs":{"hp":0,"atk":244,"def":0,"spa":12,"spd":0,"spe":252},"ivs":{"hp":31,"atk":31,"def":31,"spa":31,"spd":31,"spe":31}}],"p2team":[{"name":"Sharpedo","species":"Sharpedo","item":"focussash","ability":"Speed Boost","moves":["crunch","waterfall","earthquake","destinybond"],"nature":"Adamant","evs":{"hp":0,"atk":252,"def":0,"spa":0,"spd":4,"spe":252},"ivs":{"hp":31,"atk":31,"def":31,"spa":31,"spd":31,"spe":31}},{"name":"Clawitzer","species":"Clawitzer","item":"choicespecs","ability":"Mega Launcher","moves":["dragonpulse","darkpulse","waterpulse","icebeam"],"nature":"Modest","evs":{"hp":248,"atk":0,"def":0,"spa":252,"spd":8,"spe":0},"ivs":{"hp":31,"atk":31,"def":31,"spa":31,"spd":31,"spe":31}},{"name":"Ludicolo","species":"Ludicolo","item":"leftovers","ability":"Swift Swim","moves":["gigadrain","icebeam","surf","energyball"],"nature":"Modest","evs":{"hp":0,"atk":0,"def":0,"spa":252,"spd":4,"spe":252},"ivs":{"hp":31,"atk":31,"def":31,"spa":31,"spd":31,"spe":31}},{"name":"Lanturn","species":"Lanturn","item":"assaultvest","ability":"Volt Absorb","moves":["surf","discharge","dazzlinggleam","icebeam"],"nature":"Modest","evs":{"hp":248,"atk":0,"def":0,"spa":252,"spd":8,"spe":0},"ivs":{"hp":31,"atk":31,"def":31,"spa":31,"spd":31,"spe":31}},{"name":"Suicune","species":"Suicune","item":"leftovers","ability":"Pressure","moves":["rest","icebeam","scald","sleeptalk"],"nature":"Modest","evs":{"hp":252,"atk":0,"def":0,"spa":252,"spd":4,"spe":0},"ivs":{"hp":31,"atk":31,"def":31,"spa":31,"spd":31,"spe":31}},{"name":"Politoed","species":"Politoed","item":"leftovers","ability":"Drizzle","moves":["scald","icebeam","psychic","toxic"],"nature":"Bold","evs":{"hp":252,"atk":0,"def":252,"spa":4,"spd":0,"spe":0},"ivs":{"hp":31,"atk":31,"def":31,"spa":31,"spd":31,"spe":31}}],"log":["|player|p1|NT Witch|289","|player|p2|Marx-Bot|238","|gametype|singles","|gen|6","|tier|Monotype","|rated","|rule|Baton Pass Clause: Limit one Baton Passer, can't pass Spe and other stats simultaneously","|rule|Swagger Clause: Swagger is banned","|rule|Same Type Clause: Pokémon in a team must share a type","|clearpoke","|poke|p1|Froslass, F","|poke|p1|Weavile, F","|poke|p1|Lapras, F, shiny","|poke|p1|Cloyster, F","|poke|p1|Abomasnow, M","|poke|p1|Mamoswine, F","|poke|p2|Sharpedo, F","|poke|p2|Clawitzer, M","|poke|p2|Ludicolo, F","|poke|p2|Lanturn, F","|poke|p2|Suicune","|poke|p2|Politoed, M","|rule|Sleep Clause Mod: Limit one foe put to sleep","|rule|Species Clause: Limit one of each Pokémon","|rule|OHKO Clause: OHKO moves are banned","|rule|Moody Clause: Moody is banned","|rule|Evasion Moves Clause: Evasion moves are banned","|rule|Endless Battle Clause: Forcing endless battles is banned","|rule|HP Percentage Mod: HP is shown in percentages","|teampreview","|","|start","|switch|p1a: Cloyster|Cloyster, F|241/241","|switch|p2a: Politoed|Politoed, M|384/384","|-weather|RainDance","|turn|1","|","|move|p1a: Cloyster|Shell Smash|p1a: Cloyster","|-boost|p1a: Cloyster|atk|2","|-boost|p1a: Cloyster|spa|2","|-boost|p1a: Cloyster|spe|2","|-unboost|p1a: Cloyster|def|1","|-unboost|p1a: Cloyster|spd|1","|move|p2a: Politoed|Toxic|p1a: Cloyster","|-status|p1a: Cloyster|tox","|","|-weather|RainDance|[upkeep]","|-damage|p1a: Cloyster|226/241 tox|[from] psn","|turn|2","|","|move|p1a: Cloyster|Icicle Spear|p2a: Politoed","|-resisted|p2a: Politoed","|-damage|p2a: Politoed|349/384","|-crit|p2a: Politoed","|-resisted|p2a: Politoed","|-damage|p2a: Politoed|295/384","|-resisted|p2a: Politoed","|-damage|p2a: Politoed|262/384","|-resisted|p2a: Politoed","|-damage|p2a: Politoed|226/384","|-resisted|p2a: Politoed","|-damage|p2a: Politoed|195/384","|-hitcount|p2a: Politoed|5","|move|p2a: Politoed|Scald|p1a: Cloyster","|-resisted|p1a: Cloyster","|-damage|p1a: Cloyster|48/241 tox","|","|-weather|RainDance|[upkeep]","|-heal|p2a: Politoed|219/384|[from] item: Leftovers","|-damage|p1a: Cloyster|18/241 tox|[from] psn","|turn|3","|","|move|p1a: Cloyster|Icicle Spear|p2a: Politoed","|-crit|p2a: Politoed","|-resisted|p2a: Politoed","|-damage|p2a: Politoed|167/384","|-resisted|p2a: Politoed","|-damage|p2a: Politoed|132/384","|-resisted|p2a: Politoed","|-damage|p2a: Politoed|96/384","|-resisted|p2a: Politoed","|-damage|p2a: Politoed|63/384","|-resisted|p2a: Politoed","|-damage|p2a: Politoed|27/384","|-hitcount|p2a: Politoed|5","|move|p2a: Politoed|Scald|p1a: Cloyster","|-resisted|p1a: Cloyster","|-damage|p1a: Cloyster|0 fnt","|faint|p1a: Cloyster","|","|-weather|RainDance|[upkeep]","|-heal|p2a: Politoed|51/384|[from] item: Leftovers","|","|switch|p1a: Lapras|Lapras, F, shiny|463/463","|turn|4","|","|switch|p2a: Lanturn|Lanturn, F|453/453","|move|p1a: Lapras|Freeze-Dry|p2a: Lanturn","|-supereffective|p2a: Lanturn","|-damage|p2a: Lanturn|283/453","|","|-weather|RainDance|[upkeep]","|turn|5","|","|move|p2a: Lanturn|Discharge|p1a: Lapras","|-supereffective|p1a: Lapras","|-damage|p1a: Lapras|307/463","|move|p1a: Lapras|Freeze-Dry|p2a: Lanturn","|-supereffective|p2a: Lanturn","|-damage|p2a: Lanturn|125/453","|","|-weather|none","|turn|6","|","|move|p2a: Lanturn|Discharge|p1a: Lapras","|-supereffective|p1a: Lapras","|-damage|p1a: Lapras|163/463","|-status|p1a: Lapras|par","|move|p1a: Lapras|Freeze-Dry|p2a: Lanturn","|-supereffective|p2a: Lanturn","|-damage|p2a: Lanturn|0 fnt","|faint|p2a: Lanturn","|","|","|switch|p2a: Clawitzer|Clawitzer, M|345/345","|turn|7","|","|move|p2a: Clawitzer|Dragon Pulse|p1a: Lapras","|-damage|p1a: Lapras|13/463 par","|move|p1a: Lapras|Freeze-Dry|p2a: Clawitzer","|-supereffective|p2a: Clawitzer","|-damage|p2a: Clawitzer|111/345","|","|turn|8","|","|move|p2a: Clawitzer|Dragon Pulse|p1a: Lapras","|-damage|p1a: Lapras|0 fnt","|faint|p1a: Lapras","|","|","|switch|p1a: Weavile|Weavile, F|281/281","|-ability|p1a: Weavile|Pressure","|turn|9","|","|move|p1a: Weavile|Knock Off|p2a: Clawitzer","|-damage|p2a: Clawitzer|0 fnt","|-enditem|p2a: Clawitzer|Choice Specs|[from] move: Knock Off|[of] p1a: Weavile","|-damage|p1a: Weavile|253/281|[from] item: Life Orb","|faint|p2a: Clawitzer","|","|","|switch|p2a: Suicune|Suicune|404/404","|-ability|p2a: Suicune|Pressure","|turn|10","|","|move|p1a: Weavile|Blizzard|p2a: Suicune","|-resisted|p2a: Suicune","|-damage|p2a: Suicune|368/404","|-damage|p1a: Weavile|225/281|[from] item: Life Orb","|move|p2a: Suicune|Scald|p1a: Weavile","|-damage|p1a: Weavile|96/281","|","|-heal|p2a: Suicune|393/404|[from] item: Leftovers","|turn|11","|","|move|p1a: Weavile|Knock Off|p2a: Suicune","|-damage|p2a: Suicune|218/404","|-enditem|p2a: Suicune|Leftovers|[from] move: Knock Off|[of] p1a: Weavile","|-damage|p1a: Weavile|68/281|[from] item: Life Orb","|move|p2a: Suicune|Scald|p1a: Weavile","|-damage|p1a: Weavile|0 fnt","|faint|p1a: Weavile","|","|","|switch|p1a: Mamoswine|Mamoswine, F|361/361","|turn|12","|","|move|p1a: Mamoswine|Freeze-Dry|p2a: Suicune","|-supereffective|p2a: Suicune","|-damage|p2a: Suicune|83/404","|-damage|p1a: Mamoswine|325/361|[from] item: Life Orb","|move|p2a: Suicune|Scald|p1a: Mamoswine","|-crit|p1a: Mamoswine","|-supereffective|p1a: Mamoswine","|-damage|p1a: Mamoswine|0 fnt","|faint|p1a: Mamoswine","|","|","|switch|p1a: Froslass|Froslass, F|281/281","|turn|13","|","|move|p1a: Froslass|Ice Beam|p2a: Suicune","|-resisted|p2a: Suicune","|-damage|p2a: Suicune|29/404","|move|p2a: Suicune|Scald|p1a: Froslass","|-damage|p1a: Froslass|128/281","|-status|p1a: Froslass|brn","|","|-damage|p1a: Froslass|93/281 brn|[from] brn","|turn|14","|","|move|p1a: Froslass|Ice Beam|p2a: Suicune","|-resisted|p2a: Suicune","|-damage|p2a: Suicune|0 fnt","|faint|p2a: Suicune","|","|-damage|p1a: Froslass|58/281 brn|[from] brn","|","|switch|p2a: Politoed|Politoed, M|51/384","|-weather|RainDance","|turn|15","|","|move|p1a: Froslass|Ice Beam|p2a: Politoed","|-resisted|p2a: Politoed","|-damage|p2a: Politoed|0 fnt","|faint|p2a: Politoed","|","|-weather|RainDance|[upkeep]","|-damage|p1a: Froslass|23/281 brn|[from] brn","|","|switch|p2a: Ludicolo|Ludicolo, F|301/301","|turn|16","|","|move|p2a: Ludicolo|Surf|p1a: Froslass","|-damage|p1a: Froslass|0 fnt","|faint|p1a: Froslass","|","|-weather|RainDance|[upkeep]","|","|switch|p1a: Abomasnow|Abomasnow, M|323/323","|turn|17","|","|detailschange|p1a: Abomasnow|Abomasnow-Mega, M","|-mega|p1a: Abomasnow|Abomasnow|Abomasite","|-weather|Hail","|move|p2a: Ludicolo|Surf|p1a: Abomasnow","|-crit|p1a: Abomasnow","|-resisted|p1a: Abomasnow","|-damage|p1a: Abomasnow|218/323","|move|p1a: Abomasnow|Blizzard|p2a: Ludicolo","|-damage|p2a: Ludicolo|97/301","|","|-weather|Hail|[upkeep]","|-damage|p2a: Ludicolo|79/301|[from] hail","|-heal|p2a: Ludicolo|97/301|[from] item: Leftovers","|turn|18","|","|move|p2a: Ludicolo|Giga Drain|p1a: Abomasnow","|-resisted|p1a: Abomasnow","|-damage|p1a: Abomasnow|164/323","|-heal|p2a: Ludicolo|124/301|[from] drain|[of] p1a: Abomasnow","|move|p1a: Abomasnow|Blizzard|p2a: Ludicolo","|-damage|p2a: Ludicolo|0 fnt","|faint|p2a: Ludicolo","|","|-weather|Hail|[upkeep]","|","|switch|p2a: Sharpedo|Sharpedo, F|281/281","|turn|19","|","|move|p2a: Sharpedo|Crunch|p1a: Abomasnow","|-damage|p1a: Abomasnow|0 fnt","|faint|p1a: Abomasnow","|","|win|Marx-Bot"],"p1rating":{"entryid":7326396,"formatid":"monotype","userid":"ntwitch","username":"NT Witch","r":1500,"rd":130,"sigma":0,"rpr":1449.3520651864,"rprd":122.05777227973,"rpsigma":0,"rptime":1438419600,"w":0,"l":1,"t":0,"gxe":43.7,"acre":1000,"lacre":1000,"oldacre":1000},"p2rating":{"entryid":"5765428","serverid":"eos","formatid":"monotype","userid":"marxbot","username":"Marx Bot","w":197,"l":"293","t":"0","gxe":41,"r":"1434.8210524771","rd":"25","sigma":"0","rptime":"1438419600","rpr":1431.6412960439,"rprd":25,"rpsigma":"0","acre":1058.9899630313,"lacre":1058.9899630313,"oldacre":"1025.454141402"},"endType":"normal"}