{"seed":[42232,23980,24619,30569],"turns":25,"p1":"Recruiter♅Ttar","p2":"DpxYT","p1team":[{"name":"Gengar","species":"Gengar","item":"lifeorb","ability":"Levitate","moves":["shadowball","sludgewave","focusblast","taunt"],"nature":"Timid","evs":{"hp":0,"atk":0,"def":0,"spa":252,"spd":4,"spe":252},"gender":"F","shiny":true,"ivs":{"hp":31,"atk":31,"def":31,"spa":31,"spd":31,"spe":31}},{"name":"Scolipede","species":"Scolipede","item":"lifeorb","ability":"Speed Boost","moves":["megahorn","aquatail","poisonjab","batonpass"],"nature":"Jolly","evs":{"hp":0,"atk":252,"def":0,"spa":0,"spd":4,"spe":252},"gender":"M","shiny":true,"ivs":{"hp":31,"atk":31,"def":31,"spa":31,"spd":31,"spe":31}},{"name":"Nidoking","species":"Nidoking","item":"lifeorb","ability":"Sheer Force","moves":["sludgewave","earthpower","icebeam","superpower"],"nature":"Naive","evs":{"hp":0,"atk":0,"def":4,"spa":252,"spd":0,"spe":252},"shiny":true,"ivs":{"hp":31,"atk":31,"def":31,"spa":31,"spd":31,"spe":31}},{"name":"Venusaur","species":"Venusaur","item":"venusaurite","ability":"Chlorophyll","moves":["gigadrain","sludgebomb","synthesis","hiddenpowerfire"],"nature":"Bold","evs":{"hp":248,"atk":0,"def":96,"spa":0,"spd":144,"spe":20},"gender":"F","shiny":true,"ivs":{"atk":30,"spa":30,"spe":30,"hp":31,"def":31,"spd":31}},{"name":"Weezing","species":"Weezing","item":"blacksludge","ability":"Levitate","moves":["toxicspikes","sludgebomb","willowisp","painsplit"],"nature":"Bold","evs":{"hp":252,"atk":0,"def":252,"spa":4,"spd":0,"spe":0},"gender":"M","shiny":true,"ivs":{"hp":31,"atk":31,"def":31,"spa":31,"spd":31,"spe":31}},{"name":"Drapion","species":"Drapion","item":"lumberry","ability":"Sniper","moves":["swordsdance","knockoff","aquatail","poisonjab"],"nature":"Jolly","evs":{"hp":0,"atk":252,"def":0,"spa":0,"spd":4,"spe":252},"shiny":true,"ivs":{"hp":31,"atk":31,"def":31,"spa":31,"spd":31,"spe":31}}],"p2team":[{"name":"Terrakion","species":"Terrakion","item":"sitrusberry","ability":"Justified","moves":["closecombat","ironhead","sacredsword","rockslide"],"nature":"Jolly","evs":{"hp":0,"atk":252,"def":0,"spa":0,"spd":4,"spe":252},"ivs":{"hp":31,"atk":31,"def":31,"spa":31,"spd":31,"spe":31}},{"name":"Diancie","species":"Diancie","item":"leftovers","ability":"Clear Body","moves":["diamondstorm","ancientpower","moonblast","earthpower"],"nature":"Quiet","evs":{"hp":252,"atk":4,"def":0,"spa":252,"spd":0,"spe":0},"ivs":{"hp":31,"atk":31,"def":31,"spa":31,"spd":31,"spe":31}},{"name":"Tyranitar","species":"Tyranitar","item":"lifeorb","ability":"Sand Stream","moves":["thunderwave","rockslide","crunch","protect"],"nature":"Careful","evs":{"hp":248,"atk":8,"def":0,"spa":0,"spd":252,"spe":0},"ivs":{"hp":31,"atk":31,"def":31,"spa":31,"spd":31,"spe":31}},{"name":"Kabutops","species":"Kabutops","item":"choiceband","ability":"Swift Swim","moves":["aquajet","doubleedge","rockslide","superpower"],"nature":"Adamant","evs":{"hp":0,"atk":252,"def":0,"spa":0,"spd":4,"spe":252},"ivs":{"hp":31,"atk":31,"def":31,"spa":31,"spd":31,"spe":31}},{"name":"Cradily","species":"Cradily","item":"leftovers","ability":"Storm Drain","moves":["ancientpower","gigadrain","toxic","recover"],"nature":"Calm","evs":{"hp":252,"atk":0,"def":0,"spa":4,"spd":252,"spe":0},"ivs":{"hp":31,"atk":31,"def":31,"spa":31,"spd":31,"spe":31}},{"name":"Aerodactyl","species":"Aerodactyl","item":"aerodactylite","ability":"Rock Head","moves":["aerialace","dragonclaw","thunderfang","rockslide"],"nature":"Jolly","evs":{"hp":0,"atk":252,"def":0,"spa":0,"spd":4,"spe":252},"ivs":{"hp":31,"atk":31,"def":31,"spa":31,"spd":31,"spe":31}}],"log":["|player|p1|Recruiter♅Ttar|recruiterttar.png","|player|p2|DpxYT|80","|gametype|singles","|gen|6","|tier|Monotype","|rated","|rule|Baton Pass Clause: Limit one Baton Passer, can't pass Spe and other stats simultaneously","|rule|Swagger Clause: Swagger is banned","|rule|Same Type Clause: Pokémon in a team must share a type","|clearpoke","|poke|p1|Gengar, F, shiny","|poke|p1|Scolipede, M, shiny","|poke|p1|Nidoking, M, shiny","|poke|p1|Venusaur, F, shiny","|poke|p1|Weezing, M, shiny","|poke|p1|Drapion, M, shiny","|poke|p2|Terrakion","|poke|p2|Diancie","|poke|p2|Tyranitar, M","|poke|p2|Kabutops, M","|poke|p2|Cradily, M","|poke|p2|Aerodactyl, F","|rule|Sleep Clause Mod: Limit one foe put to sleep","|rule|Species Clause: Limit one of each Pokémon","|rule|OHKO Clause: OHKO moves are banned","|rule|Moody Clause: Moody is banned","|rule|Evasion Moves Clause: Evasion moves are banned","|rule|Endless Battle Clause: Forcing endless battles is banned","|rule|HP Percentage Mod: HP is shown in percentages","|teampreview","|","|start","|switch|p1a: Nidoking|Nidoking, M, shiny|303/303","|switch|p2a: Tyranitar|Tyranitar, M|403/403","|-weather|Sandstorm","|turn|1","|","|move|p1a: Nidoking|Superpower|p2a: Tyranitar","|-supereffective|p2a: Tyranitar","|-damage|p2a: Tyranitar|0 fnt","|-unboost|p1a: Nidoking|atk|1","|-unboost|p1a: Nidoking|def|1","|-damage|p1a: Nidoking|273/303|[from] item: Life Orb","|faint|p2a: Tyranitar","|","|-weather|Sandstorm|[upkeep]","|","|switch|p2a: Terrakion|Terrakion|323/323","|turn|2","|","|move|p2a: Terrakion|Rock Slide|p1a: Nidoking","|-resisted|p1a: Nidoking","|-damage|p1a: Nidoking|156/303","|move|p1a: Nidoking|Earth Power|p2a: Terrakion","|-supereffective|p2a: Terrakion","|-damage|p2a: Terrakion|3/323","|-enditem|p2a: Terrakion|Sitrus Berry|[eat]","|-heal|p2a: Terrakion|83/323|[from] item: Sitrus Berry","|","|-weather|Sandstorm|[upkeep]","|turn|3","|","|move|p2a: Terrakion|Close Combat|p1a: Nidoking","|-resisted|p1a: Nidoking","|-damage|p1a: Nidoking|0 fnt","|-unboost|p2a: Terrakion|def|1","|-unboost|p2a: Terrakion|spd|1","|faint|p1a: Nidoking","|","|-weather|Sandstorm|[upkeep]","|","|switch|p1a: Scolipede|Scolipede, M, shiny|261/261","|turn|4","|","|move|p1a: Scolipede|Aqua Tail|p2a: Terrakion","|-supereffective|p2a: Terrakion","|-damage|p2a: Terrakion|0 fnt","|-damage|p1a: Scolipede|235/261|[from] item: Life Orb","|faint|p2a: Terrakion","|","|-weather|Sandstorm|[upkeep]","|-damage|p1a: Scolipede|219/261|[from] sandstorm","|-boost|p1a: Scolipede|spe|1|[from] ability: Speed Boost","|","|switch|p2a: Aerodactyl|Aerodactyl, F|301/301","|turn|5","|","|switch|p1a: Weezing|Weezing, M, shiny|334/334","|detailschange|p2a: Aerodactyl|Aerodactyl-Mega, F","|-mega|p2a: Aerodactyl|Aerodactyl|Aerodactylite","|move|p2a: Aerodactyl|Aerial Ace|p1a: Weezing","|-damage|p1a: Weezing|241/334","|","|-weather|none","|-heal|p1a: Weezing|261/334|[from] item: Black Sludge","|turn|6","|","|move|p2a: Aerodactyl|Rock Slide|p1a: Weezing","|-damage|p1a: Weezing|177/334","|cant|p1a: Weezing|flinch","|","|-heal|p1a: Weezing|197/334|[from] item: Black Sludge","|turn|7","|","|switch|p2a: Cradily|Cradily, M|376/376","|move|p1a: Weezing|Will-O-Wisp|p2a: Cradily","|-status|p2a: Cradily|brn","|","|-heal|p1a: Weezing|217/334|[from] item: Black Sludge","|-damage|p2a: Cradily|329/376 brn|[from] brn","|turn|8","|","|move|p1a: Weezing|Sludge Bomb|p2a: Cradily","|-damage|p2a: Cradily|260/376 brn","|move|p2a: Cradily|Ancient Power|p1a: Weezing","|-damage|p1a: Weezing|132/334","|","|-heal|p1a: Weezing|152/334|[from] item: Black Sludge","|-heal|p2a: Cradily|283/376 brn|[from] item: Leftovers","|-damage|p2a: Cradily|236/376 brn|[from] brn","|turn|9","|","|move|p1a: Weezing|Toxic Spikes|p2a: Cradily","|-sidestart|p2: DpxYT|move: Toxic Spikes","|move|p2a: Cradily|Ancient Power|p1a: Weezing","|-damage|p1a: Weezing|67/334","|","|-heal|p1a: Weezing|87/334|[from] item: Black Sludge","|-heal|p2a: Cradily|259/376 brn|[from] item: Leftovers","|-damage|p2a: Cradily|212/376 brn|[from] brn","|turn|10","|","|move|p1a: Weezing|Pain Split|p2a: Cradily","|-sethp|p2a: Cradily|149/376 brn|p1a: Weezing|149/334|[from] move: Pain Split","|move|p2a: Cradily|Recover|p2a: Cradily","|-heal|p2a: Cradily|337/376 brn","|","|-heal|p1a: Weezing|169/334|[from] item: Black Sludge","|-heal|p2a: Cradily|360/376 brn|[from] item: Leftovers","|-damage|p2a: Cradily|313/376 brn|[from] brn","|turn|11","|","|switch|p1a: Scolipede|Scolipede, M, shiny|219/261","|move|p2a: Cradily|Ancient Power|p1a: Scolipede","|-supereffective|p1a: Scolipede","|-damage|p1a: Scolipede|51/261","|","|-heal|p2a: Cradily|336/376 brn|[from] item: Leftovers","|-damage|p2a: Cradily|289/376 brn|[from] brn","|turn|12","|","|move|p1a: Scolipede|Megahorn|p2a: Cradily|[miss]","|-miss|p1a: Scolipede|p2a: Cradily","|move|p2a: Cradily|Ancient Power|p1a: Scolipede","|-supereffective|p1a: Scolipede","|-damage|p1a: Scolipede|0 fnt","|faint|p1a: Scolipede","|","|-heal|p2a: Cradily|312/376 brn|[from] item: Leftovers","|-damage|p2a: Cradily|265/376 brn|[from] brn","|","|switch|p1a: Gengar|Gengar, F, shiny|261/261","|turn|13","|","|move|p1a: Gengar|Focus Blast|p2a: Cradily|[miss]","|-miss|p1a: Gengar|p2a: Cradily","|move|p2a: Cradily|Giga Drain|p1a: Gengar","|-crit|p1a: Gengar","|-resisted|p1a: Gengar","|-damage|p1a: Gengar|195/261","|-heal|p2a: Cradily|298/376 brn|[from] drain|[of] p1a: Gengar","|","|-heal|p2a: Cradily|321/376 brn|[from] item: Leftovers","|-damage|p2a: Cradily|274/376 brn|[from] brn","|turn|14","|","|move|p1a: Gengar|Focus Blast|p2a: Cradily|[miss]","|-miss|p1a: Gengar|p2a: Cradily","|move|p2a: Cradily|Ancient Power|p1a: Gengar","|-damage|p1a: Gengar|117/261","|","|-heal|p2a: Cradily|297/376 brn|[from] item: Leftovers","|-damage|p2a: Cradily|250/376 brn|[from] brn","|turn|15","|","|move|p1a: Gengar|Focus Blast|p2a: Cradily","|-supereffective|p2a: Cradily","|-damage|p2a: Cradily|0 fnt","|-damage|p1a: Gengar|91/261|[from] item: Life Orb","|faint|p2a: Cradily","|","|","|switch|p2a: Aerodactyl|Aerodactyl-Mega, F|301/301","|turn|16","|","|move|p2a: Aerodactyl|Aerial Ace|p1a: Gengar","|-damage|p1a: Gengar|0 fnt","|faint|p1a: Gengar","|","|","|switch|p1a: Weezing|Weezing, M, shiny|169/334","|turn|17","|","|move|p2a: Aerodactyl|Rock Slide|p1a: Weezing","|-crit|p1a: Weezing","|-damage|p1a: Weezing|33/334","|move|p1a: Weezing|Pain Split|p2a: Aerodactyl","|-sethp|p2a: Aerodactyl|167/301|p1a: Weezing|167/334|[from] move: Pain Split","|","|-heal|p1a: Weezing|187/334|[from] item: Black Sludge","|turn|18","|","|switch|p2a: Diancie|Diancie|304/304","|-status|p2a: Diancie|psn","|move|p1a: Weezing|Will-O-Wisp|p2a: Diancie|[miss]","|-miss|p1a: Weezing|p2a: Diancie","|","|-heal|p1a: Weezing|207/334|[from] item: Black Sludge","|-damage|p2a: Diancie|266/304 psn|[from] psn","|turn|19","|","|move|p1a: Weezing|Sludge Bomb|p2a: Diancie","|-damage|p2a: Diancie|194/304 psn","|move|p2a: Diancie|Diamond Storm|p1a: Weezing","|-damage|p1a: Weezing|129/334","|-boost|p2a: Diancie|def|1","|","|-heal|p1a: Weezing|149/334|[from] item: Black Sludge","|-heal|p2a: Diancie|213/304 psn|[from] item: Leftovers","|-damage|p2a: Diancie|175/304 psn|[from] psn","|turn|20","|","|move|p1a: Weezing|Sludge Bomb|p2a: Diancie","|-damage|p2a: Diancie|105/304 psn","|move|p2a: Diancie|Ancient Power|p1a: Weezing","|-damage|p1a: Weezing|29/334","|","|-heal|p1a: Weezing|49/334|[from] item: Black Sludge","|-heal|p2a: Diancie|124/304 psn|[from] item: Leftovers","|-damage|p2a: Diancie|86/304 psn|[from] psn","|turn|21","|","|move|p1a: Weezing|Pain Split|p2a: Diancie","|-sethp|p2a: Diancie|67/304 psn|p1a: Weezing|67/334|[from] move: Pain Split","|move|p2a: Diancie|Diamond Storm|p1a: Weezing","|-damage|p1a: Weezing|0 fnt","|-boost|p2a: Diancie|def|1","|faint|p1a: Weezing","|","|-heal|p2a: Diancie|86/304 psn|[from] item: Leftovers","|-damage|p2a: Diancie|48/304 psn|[from] psn","|","|switch|p1a: Drapion|Drapion, M, shiny|281/281","|turn|22","|","|move|p1a: Drapion|Poison Jab|p2a: Diancie","|-damage|p2a: Diancie|8/304 psn","|move|p2a: Diancie|Earth Power|p1a: Drapion","|-supereffective|p1a: Drapion","|-damage|p1a: Drapion|17/281","|","|-heal|p2a: Diancie|27/304 psn|[from] item: Leftovers","|-damage|p2a: Diancie|0 fnt|[from] psn","|faint|p2a: Diancie","|","|switch|p2a: Aerodactyl|Aerodactyl-Mega, F|167/301","|turn|23","|","|move|p2a: Aerodactyl|Aerial Ace|p1a: Drapion","|-damage|p1a: Drapion|0 fnt","|faint|p1a: Drapion","|","|","|switch|p1a: Venusaur|Venusaur, F, shiny|363/363","|turn|24","|","|detailschange|p1a: Venusaur|Venusaur-Mega, F, shiny","|-mega|p1a: Venusaur|Venusaur|Venusaurite","|move|p2a: Aerodactyl|Aerial Ace|p1a: Venusaur","|-crit|p1a: Venusaur","|-supereffective|p1a: Venusaur","|-damage|p1a: Venusaur|79/363","|move|p1a: Venusaur|Giga Drain|p2a: Aerodactyl","|-damage|p2a: Aerodactyl|55/301","|-heal|p1a: Venusaur|135/363|[from] drain|[of] p2a: Aerodactyl","|","|turn|25","|","|move|p2a: Aerodactyl|Aerial Ace|p1a: Venusaur","|-supereffective|p1a: Venusaur","|-damage|p1a: Venusaur|0 fnt","|faint|p1a: Venusaur","|","|win|DpxYT"],"p1rating":{"entryid":"7315512","serverid":"eos","formatid":"monotype","userid":"recruiterttar","username":"Recruiter♅Ttar","w":"4","l":8,"t":"0","gxe":37.2,"r":"1500","rd":"130","sigma":"0","rptime":"1438419600","rpr":1398.8109837258,"rprd":82.476458144094,"rpsigma":"0","acre":1016.7746762386,"lacre":1016.7746762386,"oldacre":"1033.1770278772"},"p2rating":{"entryid":"7278102","serverid":"eos","formatid":"monotype","userid":"dpxyt","username":"DpxYT","w":2,"l":"9","t":"0","gxe":33.2,"r":"1454.5172685364","rd":"123.1120823442","sigma":"0","rptime":"1438419600","rpr":1364.7167116057,"rprd":84.551953206667,"rpsigma":"0","acre":1043.808078787,"lacre":1043.808078787,"oldacre":"1000"},"endType":"normal"}