{"seed":[44475,60314,11210,57147],"turns":31,"p1":"Leade✘ Viewz","p2":"Nеowulf","p1team":[{"name":"Skarmory","species":"Skarmory","item":"leftovers","ability":"Sturdy","moves":["stealthrock","defog","roar","roost"],"nature":"Bold","evs":{"hp":252,"atk":0,"def":232,"spa":0,"spd":0,"spe":24},"ivs":{"hp":31,"atk":31,"def":31,"spa":31,"spd":31,"spe":31}},{"name":"Togekiss","species":"Togekiss","item":"leftovers","ability":"Serene Grace","moves":["thunderwave","airslash","roost","aurasphere"],"nature":"Calm","evs":{"hp":252,"atk":0,"def":0,"spa":4,"spd":252,"spe":0},"ivs":{"hp":31,"atk":31,"def":31,"spa":31,"spd":31,"spe":31}},{"name":"Charizard","species":"Charizard","item":"charizarditey","ability":"Blaze","moves":["fireblast","solarbeam","flamethrower","focusblast"],"nature":"Timid","evs":{"hp":0,"atk":0,"def":0,"spa":252,"spd":4,"spe":252},"ivs":{"hp":31,"atk":31,"def":31,"spa":31,"spd":31,"spe":31}},{"name":"Dragonite","species":"Dragonite","item":"choiceband","ability":"Multiscale","moves":["outrage","extremespeed","firepunch","earthquake"],"nature":"Adamant","evs":{"hp":248,"atk":252,"def":0,"spa":0,"spd":8,"spe":0},"ivs":{"hp":31,"atk":31,"def":31,"spa":31,"spd":31,"spe":31}},{"name":"Thundurus","species":"Thundurus","item":"lifeorb","ability":"Prankster","moves":["thunderbolt","grassknot","focusblast","hiddenpowerice"],"nature":"Timid","evs":{"hp":0,"atk":0,"def":0,"spa":252,"spd":4,"spe":252},"ivs":{"hp":31,"atk":30,"def":30,"spa":31,"spd":31,"spe":31},"shiny":true},{"name":"Landorus","species":"Landorus","item":"lifeorb","ability":"Sheer Force","moves":["earthpower","hiddenpowerice","psychic","stoneedge"],"nature":"Naive","evs":{"hp":0,"atk":4,"def":0,"spa":252,"spd":0,"spe":252},"ivs":{"hp":31,"atk":30,"def":30,"spa":31,"spd":31,"spe":31}}],"p2team":[{"name":"Hoopa-Unbound","species":"Hoopa-Unbound","item":"lifeorb","ability":"Magician","moves":["hyperspacefury","gunkshot","firepunch","knockoff"],"nature":"Jolly","evs":{"hp":0,"atk":252,"def":0,"spa":0,"spd":4,"spe":252},"ivs":{"hp":31,"atk":31,"def":31,"spa":31,"spd":31,"spe":31}},{"name":"Meloetta","species":"Meloetta","item":"assaultvest","ability":"Serene Grace","moves":["energyball","hypervoice","psyshock","shadowball"],"nature":"Calm","evs":{"hp":240,"atk":0,"def":0,"spa":16,"spd":252,"spe":0},"ivs":{"hp":31,"atk":31,"def":31,"spa":31,"spd":31,"spe":31}},{"name":"Victini","species":"Victini","item":"choicescarf","ability":"Victory Star","moves":["vcreate","boltstrike","zenheadbutt","uturn"],"nature":"Jolly","evs":{"hp":0,"atk":252,"def":0,"spa":0,"spd":4,"spe":252},"ivs":{"hp":31,"atk":31,"def":31,"spa":31,"spd":31,"spe":31}},{"name":"Medicham","species":"Medicham","item":"medichamite","ability":"Pure Power","moves":["fakeout","drainpunch","bulletpunch","icepunch"],"nature":"Jolly","evs":{"hp":0,"atk":252,"def":0,"spa":0,"spd":4,"spe":252},"ivs":{"hp":31,"atk":31,"def":31,"spa":31,"spd":31,"spe":31}},{"name":"Latios","species":"Latios","item":"lifeorb","ability":"Levitate","moves":["surf","hiddenpowerfire","dracometeor","roost"],"nature":"Timid","evs":{"hp":0,"atk":0,"def":0,"spa":252,"spd":4,"spe":252},"ivs":{"hp":31,"atk":30,"def":31,"spa":30,"spd":31,"spe":3}},{"name":"Mew","species":"Mew","item":"leftovers","ability":"Synchronize","moves":["stealthrock","defog","willowisp","roost"],"nature":"Impish","evs":{"hp":220,"atk":0,"def":252,"spa":0,"spd":36,"spe":0},"ivs":{"hp":31,"atk":31,"def":31,"spa":31,"spd":31,"spe":31}}],"log":["|player|p1|Leade✘ Viewz|266","|player|p2|Nеowulf|143","|gametype|singles","|gen|6","|tier|Monotype","|rated","|rule|Baton Pass Clause: Limit one Baton Passer, can't pass Spe and other stats simultaneously","|rule|Swagger Clause: Swagger is banned","|rule|Same Type Clause: Pokémon in a team must share a type","|clearpoke","|poke|p1|Skarmory, F","|poke|p1|Togekiss, F","|poke|p1|Charizard, F","|poke|p1|Dragonite, F","|poke|p1|Thundurus, M, shiny","|poke|p1|Landorus, M","|poke|p2|Hoopa-Unbound","|poke|p2|Meloetta","|poke|p2|Victini","|poke|p2|Medicham, M","|poke|p2|Latios, M","|poke|p2|Mew","|rule|Sleep Clause Mod: Limit one foe put to sleep","|rule|Species Clause: Limit one of each Pokémon","|rule|OHKO Clause: OHKO moves are banned","|rule|Moody Clause: Moody is banned","|rule|Evasion Moves Clause: Evasion moves are banned","|rule|Endless Battle Clause: Forcing endless battles is banned","|rule|HP Percentage Mod: HP is shown in percentages","|teampreview","|","|start","|switch|p1a: Charizard|Charizard, F|297/297","|switch|p2a: Victini|Victini|341/341","|turn|1","|","|switch|p1a: Landorus|Landorus, M|319/319","|move|p2a: Victini|U-turn|p1a: Landorus","|-resisted|p1a: Landorus","|-damage|p1a: Landorus|279/319","|","|switch|p2a: Meloetta|Meloetta|401/401","|","|turn|2","|","|move|p1a: Landorus|Earth Power|p2a: Meloetta","|-damage|p2a: Meloetta|296/401","|move|p2a: Meloetta|Hyper Voice|p1a: Landorus","|-damage|p1a: Landorus|110/319","|","|turn|3","|","|switch|p1a: Togekiss|Togekiss, F|374/374","|move|p2a: Meloetta|Hyper Voice|p1a: Togekiss","|-damage|p1a: Togekiss|289/374","|","|-heal|p1a: Togekiss|312/374|[from] item: Leftovers","|turn|4","|","|move|p2a: Meloetta|Hyper Voice|p1a: Togekiss","|-crit|p1a: Togekiss","|-damage|p1a: Togekiss|189/374","|move|p1a: Togekiss|Thunder Wave|p2a: Meloetta","|-status|p2a: Meloetta|par","|","|-heal|p1a: Togekiss|212/374|[from] item: Leftovers","|turn|5","|","|switch|p2a: Medicham|Medicham, M|261/261","|move|p1a: Togekiss|Air Slash|p2a: Medicham","|-supereffective|p2a: Medicham","|-damage|p2a: Medicham|0 fnt","|faint|p2a: Medicham","|","|-heal|p1a: Togekiss|235/374|[from] item: Leftovers","|","|switch|p2a: Victini|Victini|341/341","|turn|6","|","|switch|p1a: Skarmory|Skarmory, F|334/334","|move|p2a: Victini|V-create|p1a: Skarmory","|-supereffective|p1a: Skarmory","|-damage|p1a: Skarmory|40/334","|-unboost|p2a: Victini|def|1","|-unboost|p2a: Victini|spd|1","|-unboost|p2a: Victini|spe|1","|","|-heal|p1a: Skarmory|60/334|[from] item: Leftovers","|turn|7","|","|move|p2a: Victini|V-create|p1a: Skarmory","|-supereffective|p1a: Skarmory","|-damage|p1a: Skarmory|0 fnt","|-unboost|p2a: Victini|def|1","|-unboost|p2a: Victini|spd|1","|-unboost|p2a: Victini|spe|1","|faint|p1a: Skarmory","|","|","|switch|p1a: Dragonite|Dragonite, F|385/385","|turn|8","|","|switch|p2a: Mew|Mew|396/396","|move|p1a: Dragonite|Outrage|p2a: Mew","|-damage|p2a: Mew|141/396","|","|-heal|p2a: Mew|165/396|[from] item: Leftovers","|turn|9","|","|move|p2a: Mew|Will-O-Wisp|p1a: Dragonite","|-status|p1a: Dragonite|brn","|move|p1a: Dragonite|Outrage|p2a: Mew","|-damage|p2a: Mew|36/396","|-start|p1a: Dragonite|confusion|[fatigue]","|","|-heal|p2a: Mew|60/396|[from] item: Leftovers","|-damage|p1a: Dragonite|337/385 brn|[from] brn","|turn|10","|","|switch|p1a: Charizard|Charizard, F|297/297","|move|p2a: Mew|Roost|p2a: Mew","|-heal|p2a: Mew|258/396","|","|-heal|p2a: Mew|282/396|[from] item: Leftovers","|turn|11","|","|detailschange|p1a: Charizard|Charizard-Mega-Y, F","|-mega|p1a: Charizard|Charizard|Charizardite Y","|-weather|SunnyDay","|move|p1a: Charizard|Fire Blast|p2a: Mew","|-damage|p2a: Mew|0 fnt","|faint|p2a: Mew","|","|-weather|SunnyDay|[upkeep]","|","|switch|p2a: Victini|Victini|341/341","|turn|12","|","|switch|p1a: Dragonite|Dragonite, F|337/385 brn","|move|p2a: Victini|V-create|p1a: Dragonite","|-resisted|p1a: Dragonite","|-damage|p1a: Dragonite|136/385 brn","|-unboost|p2a: Victini|def|1","|-unboost|p2a: Victini|spd|1","|-unboost|p2a: Victini|spe|1","|","|-weather|SunnyDay|[upkeep]","|-damage|p1a: Dragonite|88/385 brn|[from] brn","|turn|13","|","|move|p2a: Victini|V-create|p1a: Dragonite","|-resisted|p1a: Dragonite","|-damage|p1a: Dragonite|0 fnt","|-unboost|p2a: Victini|def|1","|-unboost|p2a: Victini|spd|1","|-unboost|p2a: Victini|spe|1","|faint|p1a: Dragonite","|","|-weather|SunnyDay|[upkeep]","|","|switch|p1a: Charizard|Charizard-Mega-Y, F|297/297","|turn|14","|","|switch|p2a: Meloetta|Meloetta|296/401 par","|move|p1a: Charizard|Fire Blast|p2a: Meloetta","|-damage|p2a: Meloetta|167/401 par","|","|-weather|SunnyDay|[upkeep]","|turn|15","|","|switch|p1a: Togekiss|Togekiss, F|235/374","|cant|p2a: Meloetta|par","|","|-weather|none","|-heal|p1a: Togekiss|258/374|[from] item: Leftovers","|turn|16","|","|move|p1a: Togekiss|Thunder Wave|p2a: Meloetta","|-fail|p2a: Meloetta|par","|move|p2a: Meloetta|Hyper Voice|p1a: Togekiss","|-damage|p1a: Togekiss|173/374","|","|-heal|p1a: Togekiss|196/374|[from] item: Leftovers","|turn|17","|","|switch|p2a: Victini|Victini|341/341","|move|p1a: Togekiss|Roost|p1a: Togekiss","|-heal|p1a: Togekiss|374/374","|","|turn|18","|","|move|p2a: Victini|U-turn|p1a: Togekiss","|-resisted|p1a: Togekiss","|-damage|p1a: Togekiss|356/374","|","|switch|p2a: Meloetta|Meloetta|167/401 par","|move|p1a: Togekiss|Thunder Wave|p2a: Meloetta","|-fail|p2a: Meloetta|par","|","|-heal|p1a: Togekiss|374/374|[from] item: Leftovers","|turn|19","|","|move|p1a: Togekiss|Air Slash|p2a: Meloetta","|-damage|p2a: Meloetta|122/401 par","|move|p2a: Meloetta|Psyshock|p1a: Togekiss","|-damage|p1a: Togekiss|251/374","|","|-heal|p1a: Togekiss|274/374|[from] item: Leftovers","|turn|20","|","|move|p1a: Togekiss|Air Slash|p2a: Meloetta","|-damage|p2a: Meloetta|77/401 par","|cant|p2a: Meloetta|flinch","|","|-heal|p1a: Togekiss|297/374|[from] item: Leftovers","|turn|21","|","|move|p1a: Togekiss|Air Slash|p2a: Meloetta|[miss]","|-miss|p1a: Togekiss|p2a: Meloetta","|move|p2a: Meloetta|Psyshock|p1a: Togekiss","|-damage|p1a: Togekiss|183/374","|","|-heal|p1a: Togekiss|206/374|[from] item: Leftovers","|turn|22","|","|move|p1a: Togekiss|Air Slash|p2a: Meloetta","|-damage|p2a: Meloetta|34/401 par","|cant|p2a: Meloetta|flinch","|","|-heal|p1a: Togekiss|229/374|[from] item: Leftovers","|turn|23","|","|move|p1a: Togekiss|Roost|p1a: Togekiss","|-heal|p1a: Togekiss|374/374","|move|p2a: Meloetta|Psyshock|p1a: Togekiss","|-damage|p1a: Togekiss|260/374","|","|-heal|p1a: Togekiss|283/374|[from] item: Leftovers","|turn|24","|","|move|p1a: Togekiss|Roost|p1a: Togekiss","|-heal|p1a: Togekiss|374/374","|move|p2a: Meloetta|Psyshock|p1a: Togekiss","|-damage|p1a: Togekiss|245/374","|","|-heal|p1a: Togekiss|268/374|[from] item: Leftovers","|turn|25","|","|move|p1a: Togekiss|Roost|p1a: Togekiss","|-heal|p1a: Togekiss|374/374","|cant|p2a: Meloetta|par","|","|turn|26","|","|move|p1a: Togekiss|Air Slash|p2a: Meloetta","|-damage|p2a: Meloetta|0 fnt","|faint|p2a: Meloetta","|","|","|switch|p2a: Hoopa-Unbound|Hoopa-Unbound|301/301","|turn|27","|","|move|p2a: Hoopa-Unbound|Gunk Shot|p1a: Togekiss","|-supereffective|p1a: Togekiss","|-damage|p1a: Togekiss|0 fnt","|-damage|p2a: Hoopa-Unbound|271/301|[from] item: Life Orb","|faint|p1a: Togekiss","|","|","|switch|p1a: Charizard|Charizard-Mega-Y, F|297/297","|-weather|SunnyDay","|turn|28","|","|move|p1a: Charizard|Fire Blast|p2a: Hoopa-Unbound","|-damage|p2a: Hoopa-Unbound|10/301","|move|p2a: Hoopa-Unbound|Hyperspace Fury|p1a: Charizard","|-damage|p1a: Charizard|0 fnt","|-unboost|p2a: Hoopa-Unbound|def|1","|-damage|p2a: Hoopa-Unbound|0 fnt|[from] item: Life Orb","|faint|p1a: Charizard","|faint|p2a: Hoopa-Unbound","|","|-weather|SunnyDay|[upkeep]","|","|switch|p1a: Landorus|Landorus, M|110/319","|switch|p2a: Latios|Latios, M|301/301","|turn|29","|","|move|p1a: Landorus|Stone Edge|p2a: Latios","|-damage|p2a: Latios|157/301","|-damage|p1a: Landorus|79/319|[from] item: Life Orb","|move|p2a: Latios|Surf|p1a: Landorus","|-supereffective|p1a: Landorus","|-damage|p1a: Landorus|0 fnt","|-damage|p2a: Latios|127/301|[from] item: Life Orb","|faint|p1a: Landorus","|","|-weather|SunnyDay|[upkeep]","|","|switch|p1a: Thundurus|Thundurus, M, shiny|299/299","|turn|30","|","|move|p1a: Thundurus|Hidden Power|p2a: Latios","|-supereffective|p2a: Latios","|-damage|p2a: Latios|0 fnt","|-damage|p1a: Thundurus|270/299|[from] item: Life Orb","|faint|p2a: Latios","|","|-weather|SunnyDay|[upkeep]","|","|switch|p2a: Victini|Victini|341/341","|turn|31","|","|move|p2a: Victini|V-create|p1a: Thundurus","|-damage|p1a: Thundurus|0 fnt","|-unboost|p2a: Victini|def|1","|-unboost|p2a: Victini|spd|1","|-unboost|p2a: Victini|spe|1","|faint|p1a: Thundurus","|","|win|Nеowulf"],"p1rating":{"entryid":"6898543","serverid":"eos","formatid":"monotype","userid":"leadeviewz","username":"Leade✘ Viewz","w":"102","l":47,"t":"0","gxe":70.4,"r":"1665.4081527152","rd":"34.578441122834","sigma":"0","rptime":"1438419600","rpr":1663.4993375959,"rprd":33.555237522138,"rpsigma":"0","acre":1300.4973583689,"lacre":1300.4973583689,"oldacre":"1329.950454864"},"p2rating":{"entryid":"7257985","serverid":"eos","formatid":"monotype","userid":"nowulf","username":"Nеowulf","w":9,"l":"3","t":"0","gxe":65,"r":"1587.3719334351","rd":"110.96289401767","sigma":"0","rptime":"1438419600","rpr":1619.5419551531,"rprd":82.584640199131,"rpsigma":"0","acre":1188.3644304279,"lacre":1188.3644304279,"oldacre":"1151.548059809"},"endType":"normal"}