{"seed":[20208,34205,16767,12128],"turns":26,"p1":"R06L29A01","p2":"Nеowulf","p1team":[{"name":"Druddigon","species":"Druddigon","item":"focussash","ability":"Rough Skin","moves":["glare","dragontail","earthquake","stealthrock"],"nature":"Adamant","evs":{"hp":248,"atk":252,"def":0,"spa":0,"spd":8,"spe":0},"shiny":true,"ivs":{"hp":31,"atk":31,"def":31,"spa":31,"spd":31,"spe":31}},{"name":"Dragonite","species":"Dragonite","item":"weaknesspolicy","ability":"Multiscale","moves":["extremespeed","dragondance","dragonclaw","earthquake"],"nature":"Adamant","evs":{"hp":0,"atk":252,"def":0,"spa":0,"spd":4,"spe":252},"ivs":{"hp":31,"atk":31,"def":31,"spa":31,"spd":31,"spe":31}},{"name":"Goodra","species":"Goodra","item":"assaultvest","ability":"Gooey","moves":["dragonpulse","icebeam","flamethrower","sludgebomb"],"nature":"Modest","evs":{"hp":248,"atk":0,"def":0,"spa":252,"spd":8,"spe":0},"shiny":true,"ivs":{"hp":31,"atk":31,"def":31,"spa":31,"spd":31,"spe":31}},{"name":"Latias","species":"Latias","item":"latiasite","ability":"Levitate","moves":["thunderbolt","recover","dragonpulse","surf"],"nature":"Modest","evs":{"hp":248,"atk":0,"def":0,"spa":252,"spd":8,"spe":0},"shiny":true,"ivs":{"hp":31,"atk":31,"def":31,"spa":31,"spd":31,"spe":31}},{"name":"Garchomp","species":"Garchomp","item":"focussash","ability":"Rough Skin","moves":["dragonclaw","swordsdance","earthquake","firefang"],"nature":"Jolly","evs":{"hp":0,"atk":252,"def":0,"spa":0,"spd":4,"spe":252},"shiny":true,"ivs":{"hp":31,"atk":31,"def":31,"spa":31,"spd":31,"spe":31}},{"name":"Salamence","species":"Salamence","item":"choicescarf","ability":"Moxie","moves":["dragontail","irontail","firefang","outrage"],"nature":"Jolly","evs":{"hp":0,"atk":252,"def":0,"spa":0,"spd":4,"spe":252},"shiny":true,"ivs":{"hp":31,"atk":31,"def":31,"spa":31,"spd":31,"spe":31}}],"p2team":[{"name":"Hoopa-Unbound","species":"Hoopa-Unbound","item":"lifeorb","ability":"Magician","moves":["hyperspacefury","gunkshot","firepunch","knockoff"],"nature":"Jolly","evs":{"hp":0,"atk":252,"def":0,"spa":0,"spd":4,"spe":252},"ivs":{"hp":31,"atk":31,"def":31,"spa":31,"spd":31,"spe":31}},{"name":"Meloetta","species":"Meloetta","item":"assaultvest","ability":"Serene Grace","moves":["dazzlinggleam","hypervoice","psyshock","shadowball"],"nature":"","evs":{"hp":0,"atk":0,"def":0,"spa":0,"spd":0,"spe":0},"ivs":{"hp":31,"atk":31,"def":31,"spa":31,"spd":31,"spe":31}},{"name":"Victini","species":"Victini","item":"choicescarf","ability":"Victory Star","moves":["vcreate","boltstrike","zenheadbutt","uturn"],"nature":"Jolly","evs":{"hp":0,"atk":252,"def":0,"spa":0,"spd":4,"spe":252},"ivs":{"hp":31,"atk":31,"def":31,"spa":31,"spd":31,"spe":31}},{"name":"Medicham","species":"Medicham","item":"medichamite","ability":"Pure Power","moves":["fakeout","drainpunch","bulletpunch","icepunch"],"nature":"Jolly","evs":{"hp":0,"atk":252,"def":0,"spa":0,"spd":4,"spe":252},"ivs":{"hp":31,"atk":31,"def":31,"spa":31,"spd":31,"spe":31}},{"name":"Latios","species":"Latios","item":"lifeorb","ability":"Levitate","moves":["surf","hiddenpowerfire","dracometeor","roost"],"nature":"Timid","evs":{"hp":0,"atk":0,"def":0,"spa":252,"spd":4,"spe":252},"ivs":{"hp":31,"atk":30,"def":31,"spa":30,"spd":31,"spe":30}},{"name":"Mew","species":"Mew","item":"","ability":"Synchronize","moves":["stealthrock","defog","willowisp","roost"],"nature":"Impish","evs":{"hp":220,"atk":0,"def":252,"spa":0,"spd":36,"spe":0},"ivs":{"hp":31,"atk":31,"def":31,"spa":31,"spd":31,"spe":31}}],"log":["|player|p1|R06L29A01|209","|player|p2|Nеowulf|143","|gametype|singles","|gen|6","|tier|Monotype","|rated","|rule|Baton Pass Clause: Limit one Baton Passer, can't pass Spe and other stats simultaneously","|rule|Swagger Clause: Swagger is banned","|rule|Same Type Clause: Pokémon in a team must share a type","|clearpoke","|poke|p1|Druddigon, F, shiny","|poke|p1|Dragonite, M","|poke|p1|Goodra, F, shiny","|poke|p1|Latias, F, shiny","|poke|p1|Garchomp, F, shiny","|poke|p1|Salamence, F, shiny","|poke|p2|Hoopa-Unbound","|poke|p2|Meloetta","|poke|p2|Victini","|poke|p2|Medicham, M","|poke|p2|Latios, M","|poke|p2|Mew","|rule|Sleep Clause Mod: Limit one foe put to sleep","|rule|Species Clause: Limit one of each Pokémon","|rule|OHKO Clause: OHKO moves are banned","|rule|Moody Clause: Moody is banned","|rule|Evasion Moves Clause: Evasion moves are banned","|rule|Endless Battle Clause: Forcing endless battles is banned","|rule|HP Percentage Mod: HP is shown in percentages","|teampreview","|","|start","|switch|p1a: Druddigon|Druddigon, F, shiny|357/357","|switch|p2a: Latios|Latios, M|301/301","|turn|1","|","|move|p2a: Latios|Draco Meteor|p1a: Druddigon|[miss]","|-miss|p2a: Latios|p1a: Druddigon","|move|p1a: Druddigon|Glare|p2a: Latios","|-status|p2a: Latios|par","|","|turn|2","|","|move|p1a: Druddigon|Stealth Rock|p2a: Latios","|-sidestart|p2: Nеowulf|move: Stealth Rock","|move|p2a: Latios|Draco Meteor|p1a: Druddigon","|-supereffective|p1a: Druddigon","|-enditem|p1a: Druddigon|Focus Sash","|-damage|p1a: Druddigon|1/357","|-unboost|p2a: Latios|spa|2","|-damage|p2a: Latios|271/301 par|[from] item: Life Orb","|","|turn|3","|","|move|p2a: Latios|Draco Meteor|p1a: Druddigon","|-supereffective|p1a: Druddigon","|-damage|p1a: Druddigon|0 fnt","|-unboost|p2a: Latios|spa|2","|-damage|p2a: Latios|241/301 par|[from] item: Life Orb","|faint|p1a: Druddigon","|","|","|switch|p1a: Dragonite|Dragonite, M|323/323","|turn|4","|","|switch|p2a: Mew|Mew|396/396","|-damage|p2a: Mew|347/396|[from] Stealth Rock","|move|p1a: Dragonite|Dragon Dance|p1a: Dragonite","|-boost|p1a: Dragonite|atk|1","|-boost|p1a: Dragonite|spe|1","|","|turn|5","|","|switch|p1a: Garchomp|Garchomp, F, shiny|357/357","|move|p2a: Mew|Will-O-Wisp|p1a: Garchomp","|-status|p1a: Garchomp|brn","|","|-damage|p1a: Garchomp|313/357 brn|[from] brn","|turn|6","|","|move|p1a: Garchomp|Swords Dance|p1a: Garchomp","|-boost|p1a: Garchomp|atk|2","|move|p2a: Mew|Defog|p1a: Garchomp","|-unboost|p1a: Garchomp|evasion|1","|-sideend|p2: Nеowulf|Stealth Rock|[from] move: Defog|[of] p2a: Mew","|","|-damage|p1a: Garchomp|269/357 brn|[from] brn","|turn|7","|","|move|p1a: Garchomp|Dragon Claw|p2a: Mew","|-damage|p2a: Mew|238/396","|move|p2a: Mew|Stealth Rock|p1a: Garchomp","|-sidestart|p1: R06L29A01|move: Stealth Rock","|","|-damage|p1a: Garchomp|225/357 brn|[from] brn","|turn|8","|","|move|p1a: Garchomp|Earthquake|p2a: Mew","|-damage|p2a: Mew|118/396","|move|p2a: Mew|Roost|p2a: Mew","|-heal|p2a: Mew|316/396","|","|-damage|p1a: Garchomp|181/357 brn|[from] brn","|turn|9","|","|switch|p2a: Latios|Latios, M|241/301 par","|move|p1a: Garchomp|Earthquake|p2a: Latios","|-immune|p2a: Latios|[msg]","|","|-damage|p1a: Garchomp|137/357 brn|[from] brn","|turn|10","|","|move|p1a: Garchomp|Dragon Claw|p2a: Latios","|-supereffective|p2a: Latios","|-damage|p2a: Latios|0 fnt","|faint|p2a: Latios","|","|-damage|p1a: Garchomp|93/357 brn|[from] brn","|","|switch|p2a: Medicham|Medicham, M|261/261","|turn|11","|","|detailschange|p2a: Medicham|Medicham-Mega, M","|-mega|p2a: Medicham|Medicham|Medichamite","|move|p2a: Medicham|Fake Out|p1a: Garchomp","|-damage|p1a: Garchomp|3/357 brn","|-damage|p2a: Medicham|229/261|[from] ability: Rough Skin|[of] p1a: Garchomp","|cant|p1a: Garchomp|flinch","|","|-damage|p1a: Garchomp|0 fnt|[from] brn","|faint|p1a: Garchomp","|","|switch|p1a: Salamence|Salamence, F, shiny|331/331","|-damage|p1a: Salamence|249/331|[from] Stealth Rock","|turn|12","|","|switch|p2a: Mew|Mew|316/396","|move|p1a: Salamence|Outrage|p2a: Mew","|-damage|p2a: Mew|150/396","|","|turn|13","|","|move|p1a: Salamence|Outrage|p2a: Mew","|-damage|p2a: Mew|0 fnt","|-start|p1a: Salamence|confusion|[fatigue]","|faint|p2a: Mew","|-boost|p1a: Salamence|atk|1|[from] ability: Moxie","|","|","|switch|p2a: Victini|Victini|341/341","|turn|14","|","|switch|p1a: Latias|Latias, F, shiny|363/363","|-damage|p1a: Latias|318/363|[from] Stealth Rock","|move|p2a: Victini|Bolt Strike|p1a: Latias","|-resisted|p1a: Latias","|-damage|p1a: Latias|243/363","|","|turn|15","|","|switch|p2a: Meloetta|Meloetta|341/341","|detailschange|p1a: Latias|Latias-Mega, F, shiny","|-mega|p1a: Latias|Latias|Latiasite","|move|p1a: Latias|Surf|p2a: Meloetta","|-damage|p2a: Meloetta|272/341","|","|turn|16","|","|move|p1a: Latias|Recover|p1a: Latias","|-heal|p1a: Latias|363/363","|move|p2a: Meloetta|Dazzling Gleam|p1a: Latias","|-supereffective|p1a: Latias","|-damage|p1a: Latias|247/363","|","|turn|17","|","|move|p1a: Latias|Thunderbolt|p2a: Meloetta","|-damage|p2a: Meloetta|203/341","|move|p2a: Meloetta|Shadow Ball|p1a: Latias","|-supereffective|p1a: Latias","|-damage|p1a: Latias|137/363","|-unboost|p1a: Latias|spd|1","|","|turn|18","|","|switch|p1a: Goodra|Goodra, F, shiny|383/383","|-damage|p1a: Goodra|336/383|[from] Stealth Rock","|move|p2a: Meloetta|Dazzling Gleam|p1a: Goodra","|-supereffective|p1a: Goodra","|-damage|p1a: Goodra|268/383","|","|turn|19","|","|switch|p2a: Hoopa-Unbound|Hoopa-Unbound|301/301","|move|p1a: Goodra|Dragon Pulse|p2a: Hoopa-Unbound","|-damage|p2a: Hoopa-Unbound|172/301","|","|turn|20","|","|move|p2a: Hoopa-Unbound|Knock Off|p1a: Goodra","|-damage|p1a: Goodra|0 fnt","|-unboost|p2a: Hoopa-Unbound|spe|1","|-enditem|p1a: Goodra|Assault Vest|[from] move: Knock Off|[of] p2a: Hoopa-Unbound","|-damage|p2a: Hoopa-Unbound|142/301|[from] item: Life Orb","|faint|p1a: Goodra","|","|","|switch|p1a: Latias|Latias-Mega, F, shiny|137/363","|-damage|p1a: Latias|92/363|[from] Stealth Rock","|turn|21","|","|move|p1a: Latias|Recover|p1a: Latias","|-heal|p1a: Latias|274/363","|move|p2a: Hoopa-Unbound|Knock Off|p1a: Latias","|-supereffective|p1a: Latias","|-damage|p1a: Latias|0 fnt","|-damage|p2a: Hoopa-Unbound|112/301|[from] item: Life Orb","|faint|p1a: Latias","|","|","|switch|p1a: Salamence|Salamence, F, shiny|249/331","|-damage|p1a: Salamence|167/331|[from] Stealth Rock","|turn|22","|","|move|p1a: Salamence|Outrage|p2a: Hoopa-Unbound","|-damage|p2a: Hoopa-Unbound|0 fnt","|faint|p2a: Hoopa-Unbound","|-boost|p1a: Salamence|atk|1|[from] ability: Moxie","|","|","|switch|p2a: Medicham|Medicham-Mega, M|229/261","|turn|23","|","|move|p2a: Medicham|Fake Out|p1a: Salamence","|-damage|p1a: Salamence|76/331","|cant|p1a: Salamence|flinch","|","|turn|24","|","|switch|p2a: Meloetta|Meloetta|203/341","|move|p1a: Salamence|Outrage|p2a: Meloetta","|-damage|p2a: Meloetta|0 fnt","|faint|p2a: Meloetta","|-boost|p1a: Salamence|atk|1|[from] ability: Moxie","|","|","|switch|p2a: Medicham|Medicham-Mega, M|229/261","|turn|25","|","|move|p2a: Medicham|Fake Out|p1a: Salamence","|-damage|p1a: Salamence|0 fnt","|faint|p1a: Salamence","|","|","|switch|p1a: Dragonite|Dragonite, M|323/323","|-damage|p1a: Dragonite|243/323|[from] Stealth Rock","|turn|26","|","|move|p2a: Medicham|Ice Punch|p1a: Dragonite","|-supereffective|p1a: Dragonite","|-damage|p1a: Dragonite|0 fnt","|faint|p1a: Dragonite","|","|win|Nеowulf"],"p1rating":{"entryid":"6931648","serverid":"eos","formatid":"monotype","userid":"r06l29a01","username":"R06L29A01","w":"43","l":51,"t":"0","gxe":47.3,"r":"1488.1935314594","rd":"38.022959824519","sigma":"0","rptime":"1438419600","rpr":1479.4903812576,"rprd":37.073179954515,"rpsigma":"0","acre":1038.0152079246,"lacre":1038.0152079246,"oldacre":"1053.1880911004"},"p2rating":{"entryid":"7257985","serverid":"eos","formatid":"monotype","userid":"nowulf","username":"Nеowulf","w":6,"l":"2","t":"0","gxe":61.9,"r":"1587.3719334351","rd":"110.96289401767","sigma":"0","rptime":"1438419600","rpr":1594.570044393,"rprd":92.244462133931,"rpsigma":"0","acre":1128.9476749456,"lacre":1128.9476749456,"oldacre":"1107.8486888915"},"endType":"normal"}