{"seed":[57087,25655,30724,45429],"turns":24,"p1":"Union Wevrm","p2":"Alliance ♋ akaFila","p1team":[{"name":"Froslass","species":"Froslass","item":"focussash","ability":"Cursed Body","moves":["icebeam","spikes","shadowball","destinybond"],"nature":"Modest","evs":{"hp":0,"atk":0,"def":0,"spa":252,"spd":4,"spe":252},"ivs":{"hp":31,"atk":31,"def":31,"spa":31,"spd":31,"spe":31}},{"name":"Chandelure","species":"Chandelure","item":"choicespecs","ability":"Infiltrator","moves":["fireblast","shadowball","clearsmog","psychic"],"nature":"Quiet","evs":{"hp":248,"atk":0,"def":0,"spa":252,"spd":8,"spe":0},"ivs":{"hp":31,"atk":31,"def":31,"spa":31,"spd":31,"spe":31}},{"name":"Banette","species":"Banette","item":"banettite","ability":"Insomnia","moves":["willowisp","suckerpunch","knockoff","shadowclaw"],"nature":"Adamant","evs":{"hp":248,"atk":252,"def":0,"spa":0,"spd":8,"spe":0},"ivs":{"hp":31,"atk":31,"def":31,"spa":31,"spd":31,"spe":31}},{"name":"Dusclops","species":"Dusclops","item":"eviolite","ability":"Pressure","moves":["painsplit","nightshade","trickroom","toxic"],"nature":"Sassy","evs":{"hp":4,"atk":0,"def":252,"spa":0,"spd":252,"spe":0},"ivs":{"hp":31,"atk":31,"def":31,"spa":31,"spd":31,"spe":0}},{"name":"Gourgeist-Large","species":"Gourgeist-Large","item":"leftovers","ability":"Frisk","moves":["flamecharge","leechseed","seedbomb","substitute"],"nature":"Adamant","evs":{"hp":252,"atk":252,"def":0,"spa":0,"spd":0,"spe":4},"gender":"F","ivs":{"hp":31,"atk":30,"def":31,"spa":30,"spd":31,"spe":30}},{"name":"Sableye","species":"Sableye","item":"leftovers","ability":"Prankster","moves":["confuseray","toxic","foulplay","substitute"],"nature":"Bold","evs":{"hp":248,"atk":0,"def":252,"spa":0,"spd":8,"spe":0},"ivs":{"hp":31,"atk":31,"def":31,"spa":31,"spd":31,"spe":31}}],"p2team":[{"name":"Hoopa-Unbound","species":"Hoopa-Unbound","item":"choiceband","ability":"Magician","moves":["hyperspacefury","facade","icepunch","drainpunch"],"nature":"Adamant","evs":{"hp":248,"atk":252,"def":0,"spa":0,"spd":8,"spe":0},"ivs":{"hp":31,"atk":31,"def":31,"spa":31,"spd":31,"spe":31}},{"name":"Sharpedo","species":"Sharpedo","item":"lifeorb","ability":"Speed Boost","moves":["hydropump","darkpulse","destinybond","protect"],"nature":"Modest","evs":{"hp":0,"atk":0,"def":0,"spa":252,"spd":4,"spe":252},"ivs":{"hp":31,"atk":31,"def":31,"spa":31,"spd":31,"spe":31}},{"name":"Pangoro","species":"Pangoro","item":"choicescarf","ability":"Iron Fist","moves":["drainpunch","knockoff","earthquake","partingshot"],"nature":"Jolly","evs":{"hp":0,"atk":252,"def":0,"spa":0,"spd":4,"spe":252},"ivs":{"hp":31,"atk":31,"def":31,"spa":31,"spd":31,"spe":31}},{"name":"Mandibuzz","species":"Mandibuzz","item":"rockyhelmet","ability":"Overcoat","moves":["foulplay","toxic","roost","defog"],"nature":"Bold","evs":{"hp":248,"atk":0,"def":252,"spa":0,"spd":8,"spe":0},"ivs":{"hp":31,"atk":31,"def":31,"spa":31,"spd":31,"spe":31}},{"name":"Tyranitar","species":"Tyranitar","item":"assaultvest","ability":"Sand Stream","moves":["crunch","earthquake","stoneedge","fireblast"],"nature":"Sassy","evs":{"hp":252,"atk":0,"def":6,"spa":0,"spd":252,"spe":0},"ivs":{"hp":31,"atk":31,"def":31,"spa":31,"spd":31,"spe":31}},{"name":"Bisharp","species":"Bisharp","item":"focussash","ability":"Defiant","moves":["swordsdance","knockoff","ironhead","suckerpunch"],"nature":"Adamant","evs":{"hp":248,"atk":252,"def":0,"spa":0,"spd":8,"spe":0},"ivs":{"hp":31,"atk":31,"def":31,"spa":31,"spd":31,"spe":31}}],"log":["|player|p1|Union Wevrm|unionwevrm.png","|player|p2|Alliance ♋ akaFila|allianceakafila.gif","|gametype|singles","|gen|6","|tier|Monotype","|rated","|rule|Baton Pass Clause: Limit one Baton Passer, can't pass Spe and other stats simultaneously","|rule|Swagger Clause: Swagger is banned","|rule|Same Type Clause: Pokémon in a team must share a type","|clearpoke","|poke|p1|Froslass, F","|poke|p1|Chandelure, F","|poke|p1|Banette, F","|poke|p1|Dusclops, F","|poke|p1|Gourgeist-*, F","|poke|p1|Sableye, M","|poke|p2|Hoopa-Unbound","|poke|p2|Sharpedo, M","|poke|p2|Pangoro, M","|poke|p2|Mandibuzz, F","|poke|p2|Tyranitar, M","|poke|p2|Bisharp, M","|rule|Sleep Clause Mod: Limit one foe put to sleep","|rule|Species Clause: Limit one of each Pokémon","|rule|OHKO Clause: OHKO moves are banned","|rule|Moody Clause: Moody is banned","|rule|Evasion Moves Clause: Evasion moves are banned","|rule|Endless Battle Clause: Forcing endless battles is banned","|rule|HP Percentage Mod: HP is shown in percentages","|teampreview","|","|start","|switch|p1a: Froslass|Froslass, F|281/281","|switch|p2a: Pangoro|Pangoro, M|331/331","|turn|1","|","|move|p2a: Pangoro|Knock Off|p1a: Froslass","|-supereffective|p1a: Froslass","|-enditem|p1a: Froslass|Focus Sash","|-damage|p1a: Froslass|1/281","|move|p1a: Froslass|Ice Beam|p2a: Pangoro","|-damage|p2a: Pangoro|178/331","|","|turn|2","|","|move|p2a: Pangoro|Knock Off|p1a: Froslass","|-supereffective|p1a: Froslass","|-damage|p1a: Froslass|0 fnt","|-start|p2a: Pangoro|Disable|Knock Off","|faint|p1a: Froslass","|","|","|switch|p1a: Gourgeist-Large|Gourgeist-Large, F|354/354","|-item|p2a: Pangoro|Choice Scarf|[from] ability: Frisk|[of] p1a: Gourgeist-Large|[identify]","|turn|3","|","|switch|p2a: Mandibuzz|Mandibuzz, F|423/423","|move|p1a: Gourgeist-Large|Substitute|p1a: Gourgeist-Large","|-start|p1a: Gourgeist-Large|Substitute","|-damage|p1a: Gourgeist-Large|266/354","|","|-heal|p1a: Gourgeist-Large|288/354|[from] item: Leftovers","|turn|4","|","|move|p2a: Mandibuzz|Foul Play|p1a: Gourgeist-Large","|-supereffective|p1a: Gourgeist-Large","|-end|p1a: Gourgeist-Large|Substitute","|move|p1a: Gourgeist-Large|Leech Seed|p2a: Mandibuzz","|-start|p2a: Mandibuzz|move: Leech Seed","|","|-heal|p1a: Gourgeist-Large|310/354|[from] item: Leftovers","|-damage|p2a: Mandibuzz|371/423|[from] Leech Seed|[of] p1a: Gourgeist-Large","|-heal|p1a: Gourgeist-Large|354/354|[silent]","|turn|5","|","|switch|p1a: Dusclops|Dusclops, F|222/222","|-ability|p1a: Dusclops|Pressure","|move|p2a: Mandibuzz|Toxic|p1a: Dusclops","|-status|p1a: Dusclops|tox","|","|-damage|p2a: Mandibuzz|319/423|[from] Leech Seed|[of] p1a: Dusclops","|-damage|p1a: Dusclops|209/222 tox|[from] psn","|turn|6","|","|switch|p2a: Pangoro|Pangoro, M|178/331","|move|p1a: Dusclops|Trick Room|p1a: Dusclops","|-fieldstart|move: Trick Room|[of] p1a: Dusclops","|","|-damage|p1a: Dusclops|183/222 tox|[from] psn","|turn|7","|","|switch|p1a: Chandelure|Chandelure, F|323/323","|move|p2a: Pangoro|Knock Off|p1a: Chandelure","|-supereffective|p1a: Chandelure","|-damage|p1a: Chandelure|0 fnt","|-enditem|p1a: Chandelure|Choice Specs|[from] move: Knock Off|[of] p2a: Pangoro","|faint|p1a: Chandelure","|","|","|switch|p1a: Gourgeist-Large|Gourgeist-Large, F|354/354","|-item|p2a: Pangoro|Choice Scarf|[from] ability: Frisk|[of] p1a: Gourgeist-Large|[identify]","|turn|8","|","|move|p1a: Gourgeist-Large|Substitute|p1a: Gourgeist-Large","|-start|p1a: Gourgeist-Large|Substitute","|-damage|p1a: Gourgeist-Large|266/354","|move|p2a: Pangoro|Knock Off|p1a: Gourgeist-Large","|-crit|p1a: Gourgeist-Large","|-supereffective|p1a: Gourgeist-Large","|-end|p1a: Gourgeist-Large|Substitute","|","|-heal|p1a: Gourgeist-Large|288/354|[from] item: Leftovers","|turn|9","|","|move|p1a: Gourgeist-Large|Seed Bomb|p2a: Pangoro","|-damage|p2a: Pangoro|18/331","|move|p2a: Pangoro|Knock Off|p1a: Gourgeist-Large","|-supereffective|p1a: Gourgeist-Large","|-damage|p1a: Gourgeist-Large|30/354","|-enditem|p1a: Gourgeist-Large|Leftovers|[from] move: Knock Off|[of] p2a: Pangoro","|","|turn|10","|","|move|p1a: Gourgeist-Large|Flame Charge|p2a: Pangoro","|-crit|p2a: Pangoro","|-damage|p2a: Pangoro|0 fnt","|-boost|p1a: Gourgeist-Large|spe|1","|faint|p2a: Pangoro","|","|-fieldend|move: Trick Room","|","|switch|p2a: Tyranitar|Tyranitar, M|404/404","|-weather|Sandstorm","|turn|11","|","|switch|p2a: Mandibuzz|Mandibuzz, F|319/423","|move|p1a: Gourgeist-Large|Seed Bomb|p2a: Mandibuzz","|-resisted|p2a: Mandibuzz","|-damage|p2a: Mandibuzz|275/423","|","|-weather|Sandstorm|[upkeep]","|-damage|p1a: Gourgeist-Large|8/354|[from] sandstorm","|turn|12","|","|move|p1a: Gourgeist-Large|Flame Charge|p2a: Mandibuzz","|-damage|p2a: Mandibuzz|236/423","|-damage|p1a: Gourgeist-Large|0 fnt|[from] item: Rocky Helmet|[of] p2a: Mandibuzz","|faint|p1a: Gourgeist-Large","|move|p2a: Mandibuzz|Roost|p2a: Mandibuzz","|-heal|p2a: Mandibuzz|423/423","|","|-weather|Sandstorm|[upkeep]","|","|switch|p1a: Sableye|Sableye, M|303/303","|turn|13","|","|move|p1a: Sableye|Substitute|p1a: Sableye","|-start|p1a: Sableye|Substitute","|-damage|p1a: Sableye|228/303","|move|p2a: Mandibuzz|Toxic|p1a: Sableye","|-fail|p1a: Sableye","|","|-weather|Sandstorm|[upkeep]","|-damage|p1a: Sableye|210/303|[from] sandstorm","|-heal|p1a: Sableye|228/303|[from] item: Leftovers","|turn|14","|","|move|p1a: Sableye|Toxic|p2a: Mandibuzz","|-status|p2a: Mandibuzz|tox","|move|p2a: Mandibuzz|Foul Play|p1a: Sableye","|-activate|p1a: Sableye|Substitute|[damage]","|","|-weather|Sandstorm|[upkeep]","|-damage|p1a: Sableye|210/303|[from] sandstorm","|-heal|p1a: Sableye|228/303|[from] item: Leftovers","|-damage|p2a: Mandibuzz|397/423 tox|[from] psn","|turn|15","|","|move|p1a: Sableye|Confuse Ray|p2a: Mandibuzz","|-start|p2a: Mandibuzz|confusion","|-activate|p2a: Mandibuzz|confusion","|move|p2a: Mandibuzz|Foul Play|p1a: Sableye","|-end|p1a: Sableye|Substitute","|","|-weather|none","|-heal|p1a: Sableye|246/303|[from] item: Leftovers","|-damage|p2a: Mandibuzz|345/423 tox|[from] psn","|turn|16","|","|switch|p2a: Sharpedo|Sharpedo, M|281/281","|move|p1a: Sableye|Substitute|p1a: Sableye","|-start|p1a: Sableye|Substitute","|-damage|p1a: Sableye|171/303","|","|-heal|p1a: Sableye|189/303|[from] item: Leftovers","|turn|17","|","|move|p1a: Sableye|Confuse Ray|p2a: Sharpedo","|-start|p2a: Sharpedo|confusion","|-activate|p2a: Sharpedo|confusion","|-damage|p2a: Sharpedo|190/281|[from] confusion","|","|-heal|p1a: Sableye|207/303|[from] item: Leftovers","|-boost|p2a: Sharpedo|spe|1|[from] ability: Speed Boost","|turn|18","|","|-activate|p2a: Sharpedo|confusion","|move|p2a: Sharpedo|Dark Pulse|p1a: Sableye","|-end|p1a: Sableye|Substitute","|-damage|p2a: Sharpedo|162/281|[from] item: Life Orb","|move|p1a: Sableye|Foul Play|p2a: Sharpedo","|-resisted|p2a: Sharpedo","|-damage|p2a: Sharpedo|43/281","|","|-heal|p1a: Sableye|225/303|[from] item: Leftovers","|-boost|p2a: Sharpedo|spe|1|[from] ability: Speed Boost","|turn|19","|","|move|p1a: Sableye|Toxic|p2a: Sharpedo","|-status|p2a: Sharpedo|tox","|-end|p2a: Sharpedo|confusion","|move|p2a: Sharpedo|Dark Pulse|p1a: Sableye","|-crit|p1a: Sableye","|-damage|p1a: Sableye|0 fnt","|-damage|p2a: Sharpedo|15/281 tox|[from] item: Life Orb","|faint|p1a: Sableye","|","|-damage|p2a: Sharpedo|0 fnt|[from] psn","|faint|p2a: Sharpedo","|","|switch|p2a: Bisharp|Bisharp, M|333/333","|switch|p1a: Dusclops|Dusclops, F|183/222 tox","|-ability|p1a: Dusclops|Pressure","|turn|20","|","|move|p2a: Bisharp|Knock Off|p1a: Dusclops","|-supereffective|p1a: Dusclops","|-damage|p1a: Dusclops|21/222 tox","|-enditem|p1a: Dusclops|Eviolite|[from] move: Knock Off|[of] p2a: Bisharp","|move|p1a: Dusclops|Trick Room|p1a: Dusclops","|-fieldstart|move: Trick Room|[of] p1a: Dusclops","|","|-damage|p1a: Dusclops|8/222 tox|[from] psn","|turn|21","|","|move|p2a: Bisharp|Sucker Punch|p1a: Dusclops","|-fail|p2a: Bisharp","|move|p1a: Dusclops|Pain Split|p2a: Bisharp","|-sethp|p2a: Bisharp|170/333|p1a: Dusclops|170/222 tox|[from] move: Pain Split","|","|-damage|p1a: Dusclops|144/222 tox|[from] psn","|turn|22","|","|move|p2a: Bisharp|Sucker Punch|p1a: Dusclops","|-supereffective|p1a: Dusclops","|-damage|p1a: Dusclops|0 fnt","|faint|p1a: Dusclops","|","|","|switch|p1a: Banette|Banette, F|331/331","|turn|23","|","|detailschange|p1a: Banette|Banette-Mega, F","|-mega|p1a: Banette|Banette|Banettite","|move|p1a: Banette|Will-O-Wisp|p2a: Bisharp","|-status|p2a: Bisharp|brn","|move|p2a: Bisharp|Knock Off|p1a: Banette","|-supereffective|p1a: Banette","|-damage|p1a: Banette|183/331","|","|-damage|p2a: Bisharp|129/333 brn|[from] brn","|turn|24","|","|move|p2a: Bisharp|Sucker Punch|p1a: Banette","|-supereffective|p1a: Banette","|-damage|p1a: Banette|0 fnt","|faint|p1a: Banette","|","|win|Alliance ♋ akaFila"],"p1rating":{"entryid":"7313146","serverid":"eos","formatid":"monotype","userid":"unionwevrm","username":"Union Wevrm","w":"2","l":3,"t":"0","gxe":43.9,"r":"1500","rd":"130","sigma":"0","rptime":"1438419600","rpr":1451.5860235853,"rprd":101.87864726298,"rpsigma":"0","acre":1065.8783194154,"lacre":1065.8783194154,"oldacre":"1078.8912916505"},"p2rating":{"entryid":"6670496","serverid":"eos","formatid":"monotype","userid":"allianceakafila","username":"Alliance ♋ akaFila","w":15,"l":"17","t":"0","gxe":45.8,"r":"1445.7062702929","rd":"64.367365225347","sigma":"0","rptime":"1438419600","rpr":1467.8960355203,"rprd":62.44480132111,"rpsigma":"0","acre":1242.6380088203,"lacre":1242.6380088203,"oldacre":"1227.7379048966"},"endType":"normal"}