{"seed":[44213,49841,3128,24449],"turns":22,"p1":"Metalyte","p2":"Leade✘ Viewz","p1team":[{"name":"Thundurus-Therian","species":"Thundurus-Therian","item":"choicescarf","ability":"Volt Absorb","moves":["thunderbolt","hiddenpowerice","sludgewave","focusblast"],"nature":"Timid","evs":{"hp":0,"atk":0,"def":0,"spa":252,"spd":4,"spe":252},"ivs":{"hp":31,"atk":30,"def":30,"spa":31,"spd":31,"spe":31}},{"name":"Magnezone","species":"Magnezone","item":"airballoon","ability":"Sturdy","moves":["thunderbolt","flashcannon","voltswitch","hiddenpowergrass"],"nature":"Modest","evs":{"hp":248,"atk":0,"def":0,"spa":252,"spd":8,"spe":0},"ivs":{"hp":31,"atk":30,"def":31,"spa":30,"spd":31,"spe":31}},{"name":"Ampharos","species":"Ampharos","item":"ampharosite","ability":"Static","moves":["thunderwave","dragonpulse","voltswitch","powergem"],"nature":"Modest","evs":{"hp":248,"atk":0,"def":0,"spa":252,"spd":8,"spe":0},"ivs":{"hp":31,"atk":31,"def":31,"spa":31,"spd":31,"spe":31}},{"name":"Zapdos","species":"Zapdos","item":"leftovers","ability":"Pressure","moves":["roost","defog","discharge","heatwave"],"nature":"Bold","evs":{"hp":252,"atk":0,"def":252,"spa":0,"spd":4,"spe":0},"ivs":{"hp":31,"atk":31,"def":31,"spa":31,"spd":31,"spe":31}},{"name":"Rotom-Wash","species":"Rotom-Wash","item":"leftovers","ability":"Levitate","moves":["painsplit","willowisp","hydropump","voltswitch"],"nature":"Calm","evs":{"hp":252,"atk":0,"def":0,"spa":4,"spd":252,"spe":0},"ivs":{"hp":31,"atk":31,"def":31,"spa":31,"spd":31,"spe":31}},{"name":"Electivire","species":"Electivire","item":"choiceband","ability":"Vital Spirit","moves":["wildcharge","earthquake","icepunch","crosschop"],"nature":"Jolly","evs":{"hp":0,"atk":252,"def":0,"spa":0,"spd":4,"spe":252},"ivs":{"hp":31,"atk":31,"def":31,"spa":31,"spd":31,"spe":31}}],"p2team":[{"name":"Ferrothorn","species":"Ferrothorn","item":"leftovers","ability":"Iron Barbs","moves":["stealthrock","leechseed","gyroball","protect"],"nature":"Relaxed","evs":{"hp":252,"atk":4,"def":252,"spa":0,"spd":0,"spe":0},"ivs":{"hp":31,"atk":31,"def":31,"spa":31,"spd":31,"spe":0}},{"name":"Heatran","species":"Heatran","item":"choicespecs","ability":"Flash Fire","moves":["fireblast","flamethrower","earthpower","flashcannon"],"nature":"Modest","evs":{"hp":248,"atk":0,"def":0,"spa":252,"spd":8,"spe":0},"ivs":{"hp":31,"atk":31,"def":31,"spa":31,"spd":31,"spe":31}},{"name":"Lucario","species":"Lucario","item":"focussash","ability":"Inner Focus","moves":["swordsdance","closecombat","extremespeed","icepunch"],"nature":"Jolly","evs":{"hp":0,"atk":252,"def":0,"spa":0,"spd":4,"spe":252},"ivs":{"hp":31,"atk":31,"def":31,"spa":31,"spd":31,"spe":31}},{"name":"Magnezone","species":"Magnezone","item":"choicescarf","ability":"Sturdy","moves":["voltswitch","thunderbolt","flashcannon","hiddenpowerice"],"nature":"Timid","evs":{"hp":0,"atk":0,"def":0,"spa":252,"spd":4,"spe":252},"ivs":{"hp":31,"atk":30,"def":30,"spa":31,"spd":31,"spe":31}},{"name":"Scizor","species":"Scizor","item":"scizorite","ability":"Technician","moves":["swordsdance","bulletpunch","knockoff","roost"],"nature":"Adamant","evs":{"hp":248,"atk":156,"def":9,"spa":0,"spd":8,"spe":0},"ivs":{"hp":31,"atk":31,"def":31,"spa":31,"spd":31,"spe":31}},{"name":"Empoleon","species":"Empoleon","item":"leftovers","ability":"Torrent","moves":["defog","scald","knockoff","roar"],"nature":"Calm","evs":{"hp":252,"atk":0,"def":0,"spa":4,"spd":252,"spe":0},"ivs":{"hp":31,"atk":31,"def":31,"spa":31,"spd":31,"spe":31}}],"log":["|player|p1|Metalyte|165","|player|p2|Leade✘ Viewz|266","|gametype|singles","|gen|6","|tier|Monotype","|rated","|rule|Baton Pass Clause: Limit one Baton Passer, can't pass Spe and other stats simultaneously","|rule|Swagger Clause: Swagger is banned","|rule|Same Type Clause: Pokémon in a team must share a type","|clearpoke","|poke|p1|Thundurus-Therian, M","|poke|p1|Magnezone","|poke|p1|Ampharos, F","|poke|p1|Zapdos","|poke|p1|Rotom-Wash","|poke|p1|Electivire, M","|poke|p2|Ferrothorn, M","|poke|p2|Heatran, F","|poke|p2|Lucario, F","|poke|p2|Magnezone","|poke|p2|Scizor, F","|poke|p2|Empoleon, M","|rule|Sleep Clause Mod: Limit one foe put to sleep","|rule|Species Clause: Limit one of each Pokémon","|rule|OHKO Clause: OHKO moves are banned","|rule|Moody Clause: Moody is banned","|rule|Evasion Moves Clause: Evasion moves are banned","|rule|Endless Battle Clause: Forcing endless battles is banned","|rule|HP Percentage Mod: HP is shown in percentages","|teampreview","|","|start","|switch|p1a: Rotom-Wash|Rotom-Wash|304/304","|switch|p2a: Heatran|Heatran, F|385/385","|turn|1","|","|switch|p2a: Ferrothorn|Ferrothorn, M|352/352","|move|p1a: Rotom-Wash|Hydro Pump|p2a: Ferrothorn","|-resisted|p2a: Ferrothorn","|-damage|p2a: Ferrothorn|293/352","|","|-heal|p2a: Ferrothorn|315/352|[from] item: Leftovers","|turn|2","|","|move|p1a: Rotom-Wash|Volt Switch|p2a: Ferrothorn","|-resisted|p2a: Ferrothorn","|-damage|p2a: Ferrothorn|279/352","|","|switch|p1a: Zapdos|Zapdos|384/384","|-ability|p1a: Zapdos|Pressure","|move|p2a: Ferrothorn|Leech Seed|p1a: Zapdos","|-start|p1a: Zapdos|move: Leech Seed","|","|-heal|p2a: Ferrothorn|301/352|[from] item: Leftovers","|-damage|p1a: Zapdos|336/384|[from] Leech Seed|[of] p2a: Ferrothorn","|-heal|p2a: Ferrothorn|349/352|[silent]","|turn|3","|","|switch|p2a: Empoleon|Empoleon, M|372/372","|move|p1a: Zapdos|Heat Wave|p2a: Empoleon","|-damage|p2a: Empoleon|307/372","|","|-heal|p1a: Zapdos|360/384|[from] item: Leftovers","|-heal|p2a: Empoleon|330/372|[from] item: Leftovers","|-damage|p1a: Zapdos|312/384|[from] Leech Seed|[of] p2a: Empoleon","|-heal|p2a: Empoleon|372/372|[silent]","|turn|4","|","|switch|p1a: Rotom-Wash|Rotom-Wash|304/304","|move|p2a: Empoleon|Knock Off|p1a: Rotom-Wash","|-damage|p1a: Rotom-Wash|245/304","|-enditem|p1a: Rotom-Wash|Leftovers|[from] move: Knock Off|[of] p2a: Empoleon","|","|turn|5","|","|switch|p2a: Ferrothorn|Ferrothorn, M|349/352","|move|p1a: Rotom-Wash|Volt Switch|p2a: Ferrothorn","|-resisted|p2a: Ferrothorn","|-damage|p2a: Ferrothorn|310/352","|","|switch|p1a: Thundurus-Therian|Thundurus-Therian, M|299/299","|","|-heal|p2a: Ferrothorn|332/352|[from] item: Leftovers","|turn|6","|","|move|p1a: Thundurus-Therian|Focus Blast|p2a: Ferrothorn|[miss]","|-miss|p1a: Thundurus-Therian|p2a: Ferrothorn","|move|p2a: Ferrothorn|Stealth Rock|p1a: Thundurus-Therian","|-sidestart|p1: Metalyte|move: Stealth Rock","|","|-heal|p2a: Ferrothorn|352/352|[from] item: Leftovers","|turn|7","|","|move|p1a: Thundurus-Therian|Focus Blast|p2a: Ferrothorn","|-supereffective|p2a: Ferrothorn","|-damage|p2a: Ferrothorn|60/352","|move|p2a: Ferrothorn|Leech Seed|p1a: Thundurus-Therian|[miss]","|-miss|p2a: Ferrothorn|p1a: Thundurus-Therian","|","|-heal|p2a: Ferrothorn|82/352|[from] item: Leftovers","|turn|8","|","|move|p1a: Thundurus-Therian|Focus Blast|p2a: Ferrothorn","|-supereffective|p2a: Ferrothorn","|-damage|p2a: Ferrothorn|0 fnt","|faint|p2a: Ferrothorn","|","|","|switch|p2a: Empoleon|Empoleon, M|372/372","|turn|9","|","|switch|p1a: Rotom-Wash|Rotom-Wash|245/304","|-damage|p1a: Rotom-Wash|207/304|[from] Stealth Rock","|move|p2a: Empoleon|Scald|p1a: Rotom-Wash","|-resisted|p1a: Rotom-Wash","|-damage|p1a: Rotom-Wash|172/304","|-status|p1a: Rotom-Wash|brn","|","|-damage|p1a: Rotom-Wash|134/304 brn|[from] brn","|turn|10","|","|move|p1a: Rotom-Wash|Pain Split|p2a: Empoleon","|-sethp|p2a: Empoleon|253/372|p1a: Rotom-Wash|253/304 brn|[from] move: Pain Split","|move|p2a: Empoleon|Roar|p1a: Rotom-Wash","|drag|p1a: Thundurus-Therian|Thundurus-Therian, M|299/299","|-damage|p1a: Thundurus-Therian|225/299|[from] Stealth Rock","|","|-heal|p2a: Empoleon|276/372|[from] item: Leftovers","|turn|11","|","|switch|p2a: Magnezone|Magnezone|281/281","|move|p1a: Thundurus-Therian|Thunderbolt|p2a: Magnezone","|-resisted|p2a: Magnezone","|-damage|p2a: Magnezone|187/281","|","|turn|12","|","|switch|p1a: Rotom-Wash|Rotom-Wash|253/304 brn","|-damage|p1a: Rotom-Wash|215/304 brn|[from] Stealth Rock","|move|p2a: Magnezone|Hidden Power|p1a: Rotom-Wash","|-resisted|p1a: Rotom-Wash","|-damage|p1a: Rotom-Wash|192/304 brn","|","|-damage|p1a: Rotom-Wash|154/304 brn|[from] brn","|turn|13","|","|switch|p2a: Empoleon|Empoleon, M|276/372","|move|p1a: Rotom-Wash|Volt Switch|p2a: Empoleon","|-supereffective|p2a: Empoleon","|-damage|p2a: Empoleon|162/372","|","|switch|p1a: Ampharos|Ampharos, F|383/383","|-damage|p1a: Ampharos|336/383|[from] Stealth Rock","|","|-heal|p2a: Empoleon|185/372|[from] item: Leftovers","|turn|14","|","|detailschange|p1a: Ampharos|Ampharos-Mega, F","|-mega|p1a: Ampharos|Ampharos|Ampharosite","|-ability|p1a: Ampharos|Mold Breaker","|move|p2a: Empoleon|Scald|p1a: Ampharos","|-resisted|p1a: Ampharos","|-damage|p1a: Ampharos|291/383","|move|p1a: Ampharos|Volt Switch|p2a: Empoleon","|-supereffective|p2a: Empoleon","|-damage|p2a: Empoleon|0 fnt","|faint|p2a: Empoleon","|","|switch|p1a: Zapdos|Zapdos|312/384","|-damage|p1a: Zapdos|216/384|[from] Stealth Rock","|-ability|p1a: Zapdos|Pressure","|","|-heal|p1a: Zapdos|240/384|[from] item: Leftovers","|","|switch|p2a: Heatran|Heatran, F|385/385","|turn|15","|","|move|p1a: Zapdos|Defog|p2a: Heatran","|-unboost|p2a: Heatran|evasion|1","|-sideend|p1: Metalyte|Stealth Rock|[from] move: Defog|[of] p1a: Zapdos","|move|p2a: Heatran|Fire Blast|p1a: Zapdos","|-damage|p1a: Zapdos|0 fnt","|faint|p1a: Zapdos","|","|","|switch|p1a: Electivire|Electivire, M|291/291","|turn|16","|","|switch|p2a: Scizor|Scizor, F|343/343","|move|p1a: Electivire|Earthquake|p2a: Scizor","|-damage|p2a: Scizor|163/343","|","|turn|17","|","|detailschange|p2a: Scizor|Scizor-Mega, F","|-mega|p2a: Scizor|Scizor|Scizorite","|move|p1a: Electivire|Earthquake|p2a: Scizor","|-damage|p2a: Scizor|34/343","|move|p2a: Scizor|Knock Off|p1a: Electivire","|-damage|p1a: Electivire|122/291","|-enditem|p1a: Electivire|Choice Band|[from] move: Knock Off|[of] p2a: Scizor","|","|turn|18","|","|move|p1a: Electivire|Earthquake|p2a: Scizor","|-damage|p2a: Scizor|0 fnt","|faint|p2a: Scizor","|","|","|switch|p2a: Lucario|Lucario, F|281/281","|turn|19","|","|move|p1a: Electivire|Earthquake|p2a: Lucario","|-supereffective|p2a: Lucario","|-enditem|p2a: Lucario|Focus Sash","|-damage|p2a: Lucario|1/281","|move|p2a: Lucario|Swords Dance|p2a: Lucario","|-boost|p2a: Lucario|atk|2","|","|turn|20","|","|switch|p1a: Rotom-Wash|Rotom-Wash|154/304 brn","|move|p2a: Lucario|Extreme Speed|p1a: Rotom-Wash","|-damage|p1a: Rotom-Wash|0 fnt","|faint|p1a: Rotom-Wash","|","|","|switch|p1a: Magnezone|Magnezone|343/343","|-item|p1a: Magnezone|Air Balloon","|turn|21","|","|move|p2a: Lucario|Close Combat|p1a: Magnezone","|-supereffective|p1a: Magnezone","|-activate|p1a: Magnezone|Sturdy","|-damage|p1a: Magnezone|1/343","|-enditem|p1a: Magnezone|Air Balloon","|-unboost|p2a: Lucario|def|1","|-unboost|p2a: Lucario|spd|1","|move|p1a: Magnezone|Volt Switch|p2a: Lucario","|-damage|p2a: Lucario|0 fnt","|faint|p2a: Lucario","|","|switch|p1a: Electivire|Electivire, M|122/291","|","|","|switch|p2a: Magnezone|Magnezone|187/281","|turn|22","|","|move|p2a: Magnezone|Hidden Power|p1a: Electivire","|-damage|p1a: Electivire|38/291","|move|p1a: Electivire|Earthquake|p2a: Magnezone","|-supereffective|p2a: Magnezone","|-damage|p2a: Magnezone|0 fnt","|faint|p2a: Magnezone","|","|","|win|Metalyte"],"p1rating":{"entryid":"6571486","serverid":"eos","formatid":"monotype","userid":"metalyte","username":"Metalyte","w":41,"l":"32","t":"0","gxe":55.5,"r":"1518.3427614004","rd":"45.96556389527","sigma":"0","rptime":"1438419600","rpr":1542.1317959081,"rprd":43.465130380438,"rpsigma":"0","acre":1208.9868571526,"lacre":1208.9868571526,"oldacre":"1173.5794219803"},"p2rating":{"entryid":"6898543","serverid":"eos","formatid":"monotype","userid":"leadeviewz","username":"Leade✘ Viewz","w":"99","l":46,"t":"0","gxe":70.3,"r":"1665.4081527152","rd":"34.578441122834","sigma":"0","rptime":"1438419600","rpr":1662.6102133105,"rprd":34.024547090506,"rpsigma":"0","acre":1299.2386087721,"lacre":1299.2386087721,"oldacre":"1327.5645569099"},"endType":"forfeit"}