{"seed":[8835,36415,26750,45415],"turns":35,"p1":"Seven Swell","p2":"DpxYT","p1team":[{"name":"Mew","species":"Mew","item":"leftovers","ability":"Synchronize","moves":["roost","toxic","healbell","aurasphere"],"nature":"Calm","evs":{"hp":252,"atk":0,"def":0,"spa":4,"spd":252,"spe":0},"ivs":{"hp":31,"atk":31,"def":31,"spa":31,"spd":31,"spe":31}},{"name":"Slowbro","species":"Slowbro","item":"rockyhelmet","ability":"Regenerator","moves":["scald","yawn","flamethrower","slackoff"],"nature":"Bold","evs":{"hp":252,"atk":0,"def":252,"spa":4,"spd":0,"spe":0},"ivs":{"hp":31,"atk":31,"def":31,"spa":31,"spd":31,"spe":31}},{"name":"Deoxys-Speed","species":"Deoxys-Speed","item":"focussash","ability":"Pressure","moves":["stealthrock","spikes","thunderwave","icebeam"],"nature":"Timid","evs":{"hp":252,"atk":0,"def":44,"spa":0,"spd":0,"spe":212},"ivs":{"hp":31,"atk":31,"def":31,"spa":31,"spd":31,"spe":31}},{"name":"Gardevoir","species":"Gardevoir","item":"gardevoirite","ability":"Trace","moves":["hypervoice","psyshock","destinybond","thunderbolt"],"nature":"Timid","evs":{"hp":0,"atk":0,"def":0,"spa":252,"spd":0,"spe":252},"ivs":{"hp":31,"atk":0,"def":31,"spa":31,"spd":31,"spe":31}},{"name":"Latias","species":"Latias","item":"leftovers","ability":"Levitate","moves":["dracometeor","psyshock","roost","defog"],"nature":"Timid","evs":{"hp":252,"atk":0,"def":0,"spa":4,"spd":0,"spe":252},"ivs":{"hp":31,"atk":31,"def":31,"spa":31,"spd":31,"spe":31}},{"name":"Hoopa-Unbound","species":"Hoopa-Unbound","item":"focussash","ability":"Magician","moves":["hyperspacefury","drainpunch","firepunch","gunkshot"],"nature":"Adamant","evs":{"hp":0,"atk":252,"def":0,"spa":0,"spd":4,"spe":252},"ivs":{"hp":31,"atk":31,"def":31,"spa":31,"spd":31,"spe":31}}],"p2team":[{"name":"Terrakion","species":"Terrakion","item":"sitrusberry","ability":"Justified","moves":["closecombat","ironhead","sacredsword","rockslide"],"nature":"Jolly","evs":{"hp":0,"atk":252,"def":0,"spa":0,"spd":4,"spe":252},"ivs":{"hp":31,"atk":31,"def":31,"spa":31,"spd":31,"spe":31}},{"name":"Diancie","species":"Diancie","item":"leftovers","ability":"Clear Body","moves":["diamondstorm","ancientpower","moonblast","earthpower"],"nature":"Quiet","evs":{"hp":252,"atk":4,"def":0,"spa":252,"spd":0,"spe":0},"ivs":{"hp":31,"atk":31,"def":31,"spa":31,"spd":31,"spe":31}},{"name":"Tyranitar","species":"Tyranitar","item":"lifeorb","ability":"Sand Stream","moves":["thunderwave","rockslide","crunch","protect"],"nature":"Careful","evs":{"hp":248,"atk":8,"def":0,"spa":0,"spd":252,"spe":0},"ivs":{"hp":31,"atk":31,"def":31,"spa":31,"spd":31,"spe":31}},{"name":"Kabutops","species":"Kabutops","item":"choiceband","ability":"Swift Swim","moves":["aquajet","doubleedge","rockslide","superpower"],"nature":"Adamant","evs":{"hp":0,"atk":252,"def":0,"spa":0,"spd":4,"spe":252},"ivs":{"hp":31,"atk":31,"def":31,"spa":31,"spd":31,"spe":31}},{"name":"Cradily","species":"Cradily","item":"leftovers","ability":"Storm Drain","moves":["ancientpower","gigadrain","toxic","recover"],"nature":"Calm","evs":{"hp":252,"atk":0,"def":0,"spa":4,"spd":252,"spe":0},"ivs":{"hp":31,"atk":31,"def":31,"spa":31,"spd":31,"spe":31}},{"name":"Aerodactyl","species":"Aerodactyl","item":"aerodactylite","ability":"Rock Head","moves":["aerialace","dragonclaw","thunderfang","rockslide"],"nature":"Jolly","evs":{"hp":0,"atk":252,"def":0,"spa":0,"spd":4,"spe":252},"ivs":{"hp":31,"atk":31,"def":31,"spa":31,"spd":31,"spe":31}}],"log":["|player|p1|Seven Swell|sevenswell.png","|player|p2|DpxYT|80","|gametype|singles","|gen|6","|tier|Monotype","|rated","|rule|Baton Pass Clause: Limit one Baton Passer, can't pass Spe and other stats simultaneously","|rule|Swagger Clause: Swagger is banned","|rule|Same Type Clause: Pokémon in a team must share a type","|clearpoke","|poke|p1|Mew","|poke|p1|Slowbro, F","|poke|p1|Deoxys-Speed","|poke|p1|Gardevoir, F","|poke|p1|Latias, F","|poke|p1|Hoopa-Unbound","|poke|p2|Terrakion","|poke|p2|Diancie","|poke|p2|Tyranitar, F","|poke|p2|Kabutops, M","|poke|p2|Cradily, F","|poke|p2|Aerodactyl, F","|rule|Sleep Clause Mod: Limit one foe put to sleep","|rule|Species Clause: Limit one of each Pokémon","|rule|OHKO Clause: OHKO moves are banned","|rule|Moody Clause: Moody is banned","|rule|Evasion Moves Clause: Evasion moves are banned","|rule|Endless Battle Clause: Forcing endless battles is banned","|rule|HP Percentage Mod: HP is shown in percentages","|teampreview","|","|start","|switch|p1a: Slowbro|Slowbro, F|394/394","|switch|p2a: Aerodactyl|Aerodactyl, F|301/301","|turn|1","|","|detailschange|p2a: Aerodactyl|Aerodactyl-Mega, F","|-mega|p2a: Aerodactyl|Aerodactyl|Aerodactylite","|move|p2a: Aerodactyl|Thunder Fang|p1a: Slowbro","|-crit|p1a: Slowbro","|-supereffective|p1a: Slowbro","|-damage|p1a: Slowbro|198/394","|-damage|p2a: Aerodactyl|251/301|[from] item: Rocky Helmet|[of] p1a: Slowbro","|move|p1a: Slowbro|Scald|p2a: Aerodactyl","|-supereffective|p2a: Aerodactyl","|-damage|p2a: Aerodactyl|47/301","|","|turn|2","|","|move|p2a: Aerodactyl|Dragon Claw|p1a: Slowbro","|-crit|p1a: Slowbro","|-damage|p1a: Slowbro|66/394","|-damage|p2a: Aerodactyl|0 fnt|[from] item: Rocky Helmet|[of] p1a: Slowbro","|faint|p2a: Aerodactyl","|move|p1a: Slowbro|Slack Off|p1a: Slowbro","|-heal|p1a: Slowbro|263/394","|","|","|switch|p2a: Tyranitar|Tyranitar, F|403/403","|-weather|Sandstorm","|turn|3","|","|move|p2a: Tyranitar|Crunch|p1a: Slowbro","|-supereffective|p1a: Slowbro","|-damage|p1a: Slowbro|50/394","|-damage|p2a: Tyranitar|336/403|[from] item: Rocky Helmet|[of] p1a: Slowbro","|-damage|p2a: Tyranitar|296/403|[from] item: Life Orb","|move|p1a: Slowbro|Slack Off|p1a: Slowbro","|-heal|p1a: Slowbro|247/394","|","|-weather|Sandstorm|[upkeep]","|-damage|p1a: Slowbro|223/394|[from] sandstorm","|turn|4","|","|move|p2a: Tyranitar|Thunder Wave|p1a: Slowbro","|-status|p1a: Slowbro|par","|cant|p1a: Slowbro|par","|","|-weather|Sandstorm|[upkeep]","|-damage|p1a: Slowbro|199/394 par|[from] sandstorm","|turn|5","|","|switch|p1a: Mew|Mew|404/404","|move|p2a: Tyranitar|Crunch|p1a: Mew","|-supereffective|p1a: Mew","|-damage|p1a: Mew|100/404","|-damage|p2a: Tyranitar|256/403|[from] item: Life Orb","|","|-weather|Sandstorm|[upkeep]","|-damage|p1a: Mew|75/404|[from] sandstorm","|-heal|p1a: Mew|100/404|[from] item: Leftovers","|turn|6","|","|move|p1a: Mew|Aura Sphere|p2a: Tyranitar","|-supereffective|p2a: Tyranitar","|-damage|p2a: Tyranitar|132/403","|move|p2a: Tyranitar|Crunch|p1a: Mew","|-supereffective|p1a: Mew","|-damage|p1a: Mew|0 fnt","|-damage|p2a: Tyranitar|92/403|[from] item: Life Orb","|faint|p1a: Mew","|","|-weather|Sandstorm|[upkeep]","|","|switch|p1a: Gardevoir|Gardevoir, F|277/277","|-ability|p1a: Gardevoir|Sand Stream|[from] ability: Trace|[of] p2a: Tyranitar","|turn|7","|","|detailschange|p1a: Gardevoir|Gardevoir-Mega, F","|-mega|p1a: Gardevoir|Gardevoir|Gardevoirite","|move|p2a: Tyranitar|Protect|p2a: Tyranitar","|-singleturn|p2a: Tyranitar|Protect","|move|p1a: Gardevoir|Hyper Voice|p2a: Tyranitar","|-activate|p2a: Tyranitar|Protect","|","|-weather|none","|turn|8","|","|move|p1a: Gardevoir|Hyper Voice|p2a: Tyranitar","|-supereffective|p2a: Tyranitar","|-damage|p2a: Tyranitar|0 fnt","|faint|p2a: Tyranitar","|","|","|switch|p2a: Cradily|Cradily, F|376/376","|turn|9","|","|move|p1a: Gardevoir|Hyper Voice|p2a: Cradily","|-damage|p2a: Cradily|198/376","|move|p2a: Cradily|Toxic|p1a: Gardevoir","|-status|p1a: Gardevoir|tox","|","|-heal|p2a: Cradily|221/376|[from] item: Leftovers","|-damage|p1a: Gardevoir|260/277 tox|[from] psn","|turn|10","|","|switch|p1a: Hoopa-Unbound|Hoopa-Unbound|301/301","|move|p2a: Cradily|Recover|p2a: Cradily","|-heal|p2a: Cradily|376/376","|","|turn|11","|","|move|p1a: Hoopa-Unbound|Hyperspace Fury|p2a: Cradily","|-damage|p2a: Cradily|135/376","|-unboost|p1a: Hoopa-Unbound|def|1","|move|p2a: Cradily|Giga Drain|p1a: Hoopa-Unbound","|-damage|p1a: Hoopa-Unbound|235/301","|-heal|p2a: Cradily|168/376|[from] drain|[of] p1a: Hoopa-Unbound","|","|-heal|p2a: Cradily|191/376|[from] item: Leftovers","|turn|12","|","|switch|p2a: Terrakion|Terrakion|323/323","|move|p1a: Hoopa-Unbound|Drain Punch|p2a: Terrakion","|-supereffective|p2a: Terrakion","|-damage|p2a: Terrakion|77/323","|-heal|p1a: Hoopa-Unbound|301/301|[from] drain|[of] p2a: Terrakion","|-enditem|p2a: Terrakion|Sitrus Berry|[eat]","|-heal|p2a: Terrakion|157/323|[from] item: Sitrus Berry","|","|turn|13","|","|switch|p1a: Slowbro|Slowbro, F|330/394 par","|move|p2a: Terrakion|Rock Slide|p1a: Slowbro","|-damage|p1a: Slowbro|234/394 par","|","|turn|14","|","|move|p2a: Terrakion|Rock Slide|p1a: Slowbro","|-damage|p1a: Slowbro|144/394 par","|move|p1a: Slowbro|Slack Off|p1a: Slowbro","|-heal|p1a: Slowbro|341/394 par","|","|turn|15","|","|switch|p2a: Cradily|Cradily, F|191/376","|move|p1a: Slowbro|Scald|p2a: Cradily","|-boost|p2a: Cradily|spa|1|[from] ability: Storm Drain","|","|-heal|p2a: Cradily|214/376|[from] item: Leftovers","|turn|16","|","|switch|p1a: Hoopa-Unbound|Hoopa-Unbound|301/301","|move|p2a: Cradily|Giga Drain|p1a: Hoopa-Unbound","|-damage|p1a: Hoopa-Unbound|207/301","|-heal|p2a: Cradily|261/376|[from] drain|[of] p1a: Hoopa-Unbound","|","|-heal|p2a: Cradily|284/376|[from] item: Leftovers","|turn|17","|","|move|p1a: Hoopa-Unbound|Drain Punch|p2a: Cradily","|-supereffective|p2a: Cradily","|-damage|p2a: Cradily|44/376","|-heal|p1a: Hoopa-Unbound|301/301|[from] drain|[of] p2a: Cradily","|move|p2a: Cradily|Giga Drain|p1a: Hoopa-Unbound","|-damage|p1a: Hoopa-Unbound|210/301","|-heal|p2a: Cradily|90/376|[from] drain|[of] p1a: Hoopa-Unbound","|","|-heal|p2a: Cradily|113/376|[from] item: Leftovers","|turn|18","|","|move|p1a: Hoopa-Unbound|Drain Punch|p2a: Cradily","|-supereffective|p2a: Cradily","|-damage|p2a: Cradily|0 fnt","|-heal|p1a: Hoopa-Unbound|267/301|[from] drain|[of] p2a: Cradily","|faint|p2a: Cradily","|","|","|switch|p2a: Diancie|Diancie|304/304","|turn|19","|","|switch|p1a: Latias|Latias, F|364/364","|move|p2a: Diancie|Moonblast|p1a: Latias","|-supereffective|p1a: Latias","|-damage|p1a: Latias|98/364","|-unboost|p1a: Latias|spa|1","|","|-heal|p1a: Latias|120/364|[from] item: Leftovers","|turn|20","|","|move|p1a: Latias|Psyshock|p2a: Diancie","|-damage|p2a: Diancie|255/304","|move|p2a: Diancie|Moonblast|p1a: Latias","|-supereffective|p1a: Latias","|-damage|p1a: Latias|0 fnt","|faint|p1a: Latias","|","|-heal|p2a: Diancie|274/304|[from] item: Leftovers","|","|switch|p1a: Deoxys-Speed|Deoxys-Speed|304/304","|-ability|p1a: Deoxys-Speed|Pressure","|turn|21","|","|move|p1a: Deoxys-Speed|Stealth Rock|p2a: Diancie","|-sidestart|p2: DpxYT|move: Stealth Rock","|move|p2a: Diancie|Diamond Storm|p1a: Deoxys-Speed","|-damage|p1a: Deoxys-Speed|189/304","|-boost|p2a: Diancie|def|1","|","|-heal|p2a: Diancie|293/304|[from] item: Leftovers","|turn|22","|","|move|p1a: Deoxys-Speed|Spikes|p2a: Diancie","|-sidestart|p2: DpxYT|Spikes","|move|p2a: Diancie|Diamond Storm|p1a: Deoxys-Speed","|-damage|p1a: Deoxys-Speed|68/304","|-boost|p2a: Diancie|def|1","|","|-heal|p2a: Diancie|304/304|[from] item: Leftovers","|turn|23","|","|move|p1a: Deoxys-Speed|Thunder Wave|p2a: Diancie","|-status|p2a: Diancie|par","|move|p2a: Diancie|Moonblast|p1a: Deoxys-Speed","|-damage|p1a: Deoxys-Speed|0 fnt","|faint|p1a: Deoxys-Speed","|","|","|switch|p1a: Slowbro|Slowbro, F|394/394 par","|turn|24","|","|move|p2a: Diancie|Moonblast|p1a: Slowbro","|-damage|p1a: Slowbro|196/394 par","|-unboost|p1a: Slowbro|spa|1","|move|p1a: Slowbro|Scald|p2a: Diancie","|-supereffective|p2a: Diancie","|-damage|p2a: Diancie|214/304 par","|","|-heal|p2a: Diancie|233/304 par|[from] item: Leftovers","|turn|25","|","|switch|p1a: Hoopa-Unbound|Hoopa-Unbound|267/301","|move|p2a: Diancie|Moonblast|p1a: Hoopa-Unbound","|-supereffective|p1a: Hoopa-Unbound","|-damage|p1a: Hoopa-Unbound|39/301","|","|-heal|p2a: Diancie|252/304 par|[from] item: Leftovers","|turn|26","|","|move|p1a: Hoopa-Unbound|Drain Punch|p2a: Diancie","|-damage|p2a: Diancie|207/304 par","|-heal|p1a: Hoopa-Unbound|62/301|[from] drain|[of] p2a: Diancie","|move|p2a: Diancie|Moonblast|p1a: Hoopa-Unbound","|-supereffective|p1a: Hoopa-Unbound","|-damage|p1a: Hoopa-Unbound|0 fnt","|faint|p1a: Hoopa-Unbound","|","|-heal|p2a: Diancie|226/304 par|[from] item: Leftovers","|","|switch|p1a: Gardevoir|Gardevoir-Mega, F|260/277 tox","|turn|27","|","|move|p1a: Gardevoir|Hyper Voice|p2a: Diancie","|-damage|p2a: Diancie|66/304 par","|cant|p2a: Diancie|par","|","|-heal|p2a: Diancie|85/304 par|[from] item: Leftovers","|-damage|p1a: Gardevoir|243/277 tox|[from] psn","|turn|28","|","|move|p1a: Gardevoir|Hyper Voice|p2a: Diancie","|-damage|p2a: Diancie|0 fnt","|faint|p2a: Diancie","|","|-damage|p1a: Gardevoir|209/277 tox|[from] psn","|","|switch|p2a: Terrakion|Terrakion|157/323","|-damage|p2a: Terrakion|117/323|[from] Spikes","|-damage|p2a: Terrakion|97/323|[from] Stealth Rock","|turn|29","|","|switch|p1a: Slowbro|Slowbro, F|327/394 par","|move|p2a: Terrakion|Iron Head|p1a: Slowbro","|-resisted|p1a: Slowbro","|-damage|p1a: Slowbro|297/394 par","|-damage|p2a: Terrakion|44/323|[from] item: Rocky Helmet|[of] p1a: Slowbro","|","|turn|30","|","|move|p2a: Terrakion|Rock Slide|p1a: Slowbro","|-damage|p1a: Slowbro|201/394 par","|cant|p1a: Slowbro|flinch","|","|turn|31","|","|move|p2a: Terrakion|Rock Slide|p1a: Slowbro","|-damage|p1a: Slowbro|114/394 par","|cant|p1a: Slowbro|par","|","|turn|32","|","|move|p2a: Terrakion|Close Combat|p1a: Slowbro","|-resisted|p1a: Slowbro","|-damage|p1a: Slowbro|47/394 par","|-damage|p2a: Terrakion|0 fnt|[from] item: Rocky Helmet|[of] p1a: Slowbro","|faint|p2a: Terrakion","|cant|p1a: Slowbro|par","|","|","|switch|p2a: Kabutops|Kabutops, M|261/261","|-damage|p2a: Kabutops|229/261|[from] Stealth Rock","|-damage|p2a: Kabutops|197/261|[from] Spikes","|turn|33","|","|move|p2a: Kabutops|Aqua Jet|p1a: Slowbro","|-resisted|p1a: Slowbro","|-damage|p1a: Slowbro|14/394 par","|-damage|p2a: Kabutops|154/261|[from] item: Rocky Helmet|[of] p1a: Slowbro","|move|p1a: Slowbro|Yawn|p2a: Kabutops","|-start|p2a: Kabutops|move: Yawn|[of] p1a: Slowbro","|","|turn|34","|","|move|p2a: Kabutops|Aqua Jet|p1a: Slowbro","|-resisted|p1a: Slowbro","|-damage|p1a: Slowbro|0 fnt","|-damage|p2a: Kabutops|111/261|[from] item: Rocky Helmet|[of] p1a: Slowbro","|faint|p1a: Slowbro","|","|-end|p2a: Kabutops|move: Yawn|[silent]","|-status|p2a: Kabutops|slp","|","|switch|p1a: Gardevoir|Gardevoir-Mega, F|209/277 tox","|turn|35","|","|cant|p2a: Kabutops|slp","|move|p1a: Gardevoir|Thunderbolt|p2a: Kabutops","|-supereffective|p2a: Kabutops","|-damage|p2a: Kabutops|0 fnt","|faint|p2a: Kabutops","|","|win|Seven Swell"],"p1rating":{"entryid":"7267988","serverid":"eos","formatid":"monotype","userid":"sevenswell","username":"Seven Swell","w":18,"l":"9","t":"0","gxe":63.3,"r":"1567.1915192808","rd":"73.69736110994","sigma":"0","rptime":"1438419600","rpr":1603.9618248891,"rprd":63.66342075152,"rpsigma":"0","acre":1229.5562518943,"lacre":1229.5562518943,"oldacre":"1218.4878983068"},"p2rating":{"entryid":"7278102","serverid":"eos","formatid":"monotype","userid":"dpxyt","username":"DpxYT","w":"0","l":4,"t":"0","gxe":35,"r":"1454.5172685364","rd":"123.1120823442","sigma":"0","rptime":"1438419600","rpr":1378.2962093065,"rprd":106.14398683255,"rpsigma":"0","acre":1000,"lacre":1000,"oldacre":"1000"},"endType":"normal"}