{"seed":[9493,62525,32883,54444],"turns":26,"p1":"Lisopher","p2":"LindeeLinkMusic","p1team":[{"name":"Donphan","species":"Donphan","item":"rockyhelmet","ability":"Sturdy","moves":["earthquake","iceshard","knockoff","stealthrock"],"nature":"Adamant","evs":{"hp":252,"atk":100,"def":156,"spa":0,"spd":0,"spe":0},"gender":"F","ivs":{"hp":31,"atk":31,"def":31,"spa":31,"spd":31,"spe":31}},{"name":"Scizor","species":"Scizor","item":"assaultvest","ability":"Technician","moves":["pursuit","uturn","bulletpunch","superpower"],"nature":"Adamant","evs":{"hp":252,"atk":40,"def":0,"spa":0,"spd":216,"spe":0},"gender":"M","ivs":{"hp":31,"atk":31,"def":31,"spa":31,"spd":31,"spe":31}},{"name":"Gyarados","species":"Gyarados","item":"gyaradosite","ability":"Intimidate","moves":["thunderwave","crunch","earthquake","icefang"],"nature":"Adamant","evs":{"hp":252,"atk":40,"def":132,"spa":0,"spd":84,"spe":0},"gender":"M","ivs":{"hp":31,"atk":31,"def":31,"spa":31,"spd":31,"spe":31}},{"name":"Gothitelle","species":"Gothitelle","item":"choicescarf","ability":"Shadow Tag","moves":["trick","energyball","psyshock","thunderbolt"],"nature":"Modest","evs":{"hp":4,"atk":0,"def":0,"spa":252,"spd":0,"spe":252},"gender":"F","ivs":{"hp":31,"atk":31,"def":31,"spa":31,"spd":31,"spe":31}},{"name":"Florges","species":"Florges","item":"leftovers","ability":"Flower Veil","moves":["moonblast","aromatherapy","toxic","synthesis"],"nature":"Modest","evs":{"hp":252,"atk":0,"def":0,"spa":192,"spd":64,"spe":0},"ivs":{"hp":31,"atk":31,"def":31,"spa":31,"spd":31,"spe":31}},{"name":"Magnezone","species":"Magnezone","item":"leftovers","ability":"Magnet Pull","moves":["substitute","thunderbolt","flashcannon","hiddenpowerfire"],"nature":"Timid","evs":{"hp":4,"atk":0,"def":0,"spa":252,"spd":0,"spe":252},"ivs":{"hp":31,"atk":30,"def":31,"spa":30,"spd":31,"spe":30}}],"p2team":[{"name":"Breloom","species":"Breloom","item":"focussash","ability":"Technician","moves":["bulletseed","machpunch","rocktomb","spore"],"nature":"Jolly","evs":{"hp":0,"atk":252,"def":0,"spa":0,"spd":4,"spe":252},"ivs":{"hp":31,"atk":31,"def":31,"spa":31,"spd":31,"spe":31}},{"name":"Charizard","species":"Charizard","item":"charizarditey","ability":"Blaze","moves":["solarbeam","dragonrush","focusblast","fireblast"],"nature":"Hasty","evs":{"hp":0,"atk":4,"def":0,"spa":252,"spd":0,"spe":252},"shiny":true,"ivs":{"hp":31,"atk":31,"def":31,"spa":31,"spd":31,"spe":31}},{"name":"Jirachi","species":"Jirachi","item":"choicescarf","ability":"Serene Grace","moves":["healingwish","ironhead","uturn","icepunch"],"nature":"Jolly","evs":{"hp":0,"atk":252,"def":0,"spa":0,"spd":4,"spe":252},"shiny":true,"ivs":{"hp":31,"atk":31,"def":31,"spa":31,"spd":31,"spe":31}},{"name":"Garchomp","species":"Garchomp","item":"lumberry","ability":"Rough Skin","moves":["earthquake","outrage","crunch","poisonjab"],"nature":"Jolly","evs":{"hp":0,"atk":252,"def":0,"spa":0,"spd":4,"spe":252},"shiny":true,"ivs":{"hp":31,"atk":31,"def":31,"spa":31,"spd":31,"spe":31}},{"name":"Hawlucha","species":"Hawlucha","item":"powerherb","ability":"Unburden","moves":["acrobatics","skyattack","highjumpkick","firepunch"],"nature":"Adamant","evs":{"hp":0,"atk":252,"def":0,"spa":0,"spd":4,"spe":252},"shiny":true,"ivs":{"hp":31,"atk":31,"def":31,"spa":31,"spd":31,"spe":31}},{"name":"Thundurus","species":"Thundurus","item":"leftovers","ability":"Prankster","moves":["nastyplot","thunderbolt","hiddenpowerice","focusblast"],"nature":"Timid","evs":{"hp":0,"atk":0,"def":0,"spa":252,"spd":4,"spe":252},"ivs":{"hp":31,"atk":30,"def":30,"spa":31,"spd":31,"spe":31}}],"log":["|player|p1|Lisopher|107","|player|p2|LindeeLinkMusic|70","|gametype|singles","|gen|6","|tier|OU","|rated","|clearpoke","|poke|p1|Donphan, F","|poke|p1|Scizor, M","|poke|p1|Gyarados, M","|poke|p1|Gothitelle, F","|poke|p1|Florges, F","|poke|p1|Magnezone","|poke|p2|Breloom, M","|poke|p2|Charizard, M, shiny","|poke|p2|Jirachi, shiny","|poke|p2|Garchomp, M, shiny","|poke|p2|Hawlucha, F, shiny","|poke|p2|Thundurus, M","|rule|Swagger Clause: Swagger is banned","|rule|Baton Pass Clause: Limit one Baton Passer, can't pass Spe and other stats simultaneously","|rule|Sleep Clause Mod: Limit one foe put to sleep","|rule|Species Clause: Limit one of each Pokémon","|rule|OHKO Clause: OHKO moves are banned","|rule|Moody Clause: Moody is banned","|rule|Evasion Moves Clause: Evasion moves are banned","|rule|Endless Battle Clause: Forcing endless battles is banned","|rule|HP Percentage Mod: HP is shown in percentages","|teampreview","|","|start","|switch|p1a: Gothitelle|Gothitelle, F|282/282","|switch|p2a: Charizard|Charizard, M, shiny|297/297","|turn|1","|","|detailschange|p2a: Charizard|Charizard-Mega-Y, M, shiny","|-mega|p2a: Charizard|Charizard|Charizardite Y","|-weather|SunnyDay","|move|p1a: Gothitelle|Thunderbolt|p2a: Charizard","|-supereffective|p2a: Charizard","|-damage|p2a: Charizard|127/297","|move|p2a: Charizard|Fire Blast|p1a: Gothitelle","|-damage|p1a: Gothitelle|0 fnt","|faint|p1a: Gothitelle","|","|-weather|SunnyDay|[upkeep]","|","|switch|p1a: Gyarados|Gyarados, M|394/394","|-ability|p1a: Gyarados|Intimidate","|-unboost|p2a: Charizard|atk|1","|turn|2","|","|move|p2a: Charizard|Solar Beam|p1a: Gyarados|[still]","|-prepare|p2a: Charizard|Solar Beam|p1a: Gyarados","|-anim|p2a: Charizard|Solar Beam|p1a: Gyarados","|-damage|p1a: Gyarados|238/394","|move|p1a: Gyarados|Ice Fang|p2a: Charizard","|-damage|p2a: Charizard|27/297","|","|-weather|SunnyDay|[upkeep]","|turn|3","|","|move|p2a: Charizard|Solar Beam|p1a: Gyarados|[still]","|-prepare|p2a: Charizard|Solar Beam|p1a: Gyarados","|-anim|p2a: Charizard|Solar Beam|p1a: Gyarados","|-crit|p1a: Gyarados","|-damage|p1a: Gyarados|0 fnt","|faint|p1a: Gyarados","|","|-weather|SunnyDay|[upkeep]","|","|switch|p1a: Donphan|Donphan, F|384/384","|turn|4","|","|move|p1a: Donphan|Ice Shard|p2a: Charizard","|-damage|p2a: Charizard|0 fnt","|faint|p2a: Charizard","|","|-weather|SunnyDay|[upkeep]","|","|switch|p2a: Hawlucha|Hawlucha, F, shiny|297/297","|turn|5","|","|move|p2a: Hawlucha|Sky Attack|p1a: Donphan|[still]","|-prepare|p2a: Hawlucha|Sky Attack|p1a: Donphan","|-enditem|p2a: Hawlucha|Power Herb","|-anim|p2a: Hawlucha|Sky Attack|p1a: Donphan","|-damage|p1a: Donphan|231/384","|cant|p1a: Donphan|flinch","|","|-weather|none","|turn|6","|","|move|p1a: Donphan|Ice Shard|p2a: Hawlucha","|-crit|p2a: Hawlucha","|-supereffective|p2a: Hawlucha","|-damage|p2a: Hawlucha|121/297","|move|p2a: Hawlucha|Acrobatics|p1a: Donphan","|-damage|p1a: Donphan|102/384","|-damage|p2a: Hawlucha|72/297|[from] item: Rocky Helmet|[of] p1a: Donphan","|","|turn|7","|","|move|p1a: Donphan|Ice Shard|p2a: Hawlucha","|-supereffective|p2a: Hawlucha","|-damage|p2a: Hawlucha|0 fnt","|faint|p2a: Hawlucha","|","|","|switch|p2a: Jirachi|Jirachi, shiny|341/341","|turn|8","|","|move|p2a: Jirachi|Iron Head|p1a: Donphan","|-damage|p1a: Donphan|20/384","|-damage|p2a: Jirachi|285/341|[from] item: Rocky Helmet|[of] p1a: Donphan","|cant|p1a: Donphan|flinch","|","|turn|9","|","|move|p1a: Donphan|Ice Shard|p2a: Jirachi","|-resisted|p2a: Jirachi","|-damage|p2a: Jirachi|264/341","|move|p2a: Jirachi|Iron Head|p1a: Donphan","|-damage|p1a: Donphan|0 fnt","|-damage|p2a: Jirachi|208/341|[from] item: Rocky Helmet|[of] p1a: Donphan","|faint|p1a: Donphan","|","|","|switch|p1a: Magnezone|Magnezone|282/282","|turn|10","|","|move|p2a: Jirachi|Iron Head|p1a: Magnezone","|-resisted|p1a: Magnezone","|-damage|p1a: Magnezone|258/282","|cant|p1a: Magnezone|flinch","|","|-heal|p1a: Magnezone|275/282|[from] item: Leftovers","|turn|11","|","|move|p2a: Jirachi|Iron Head|p1a: Magnezone","|-resisted|p1a: Magnezone","|-damage|p1a: Magnezone|248/282","|cant|p1a: Magnezone|flinch","|","|-heal|p1a: Magnezone|265/282|[from] item: Leftovers","|turn|12","|","|move|p2a: Jirachi|Iron Head|p1a: Magnezone","|-resisted|p1a: Magnezone","|-damage|p1a: Magnezone|238/282","|cant|p1a: Magnezone|flinch","|","|-heal|p1a: Magnezone|255/282|[from] item: Leftovers","|turn|13","|","|move|p2a: Jirachi|Iron Head|p1a: Magnezone","|-resisted|p1a: Magnezone","|-damage|p1a: Magnezone|228/282","|cant|p1a: Magnezone|flinch","|","|-heal|p1a: Magnezone|245/282|[from] item: Leftovers","|turn|14","|","|move|p2a: Jirachi|Iron Head|p1a: Magnezone","|-resisted|p1a: Magnezone","|-damage|p1a: Magnezone|218/282","|move|p1a: Magnezone|Substitute|p1a: Magnezone","|-start|p1a: Magnezone|Substitute","|-damage|p1a: Magnezone|148/282","|","|-heal|p1a: Magnezone|165/282|[from] item: Leftovers","|turn|15","|","|move|p2a: Jirachi|Iron Head|p1a: Magnezone","|-resisted|p1a: Magnezone","|-activate|p1a: Magnezone|Substitute|[damage]","|move|p1a: Magnezone|Flash Cannon|p2a: Jirachi","|-resisted|p2a: Jirachi","|-damage|p2a: Jirachi|136/341","|","|-heal|p1a: Magnezone|182/282|[from] item: Leftovers","|turn|16","|","|move|p2a: Jirachi|Iron Head|p1a: Magnezone","|-resisted|p1a: Magnezone","|-activate|p1a: Magnezone|Substitute|[damage]","|move|p1a: Magnezone|Flash Cannon|p2a: Jirachi","|-resisted|p2a: Jirachi","|-damage|p2a: Jirachi|71/341","|","|-heal|p1a: Magnezone|199/282|[from] item: Leftovers","|turn|17","|","|move|p2a: Jirachi|Iron Head|p1a: Magnezone","|-resisted|p1a: Magnezone","|-end|p1a: Magnezone|Substitute","|move|p1a: Magnezone|Substitute|p1a: Magnezone","|-start|p1a: Magnezone|Substitute","|-damage|p1a: Magnezone|129/282","|","|-heal|p1a: Magnezone|146/282|[from] item: Leftovers","|turn|18","|","|move|p2a: Jirachi|Iron Head|p1a: Magnezone","|-resisted|p1a: Magnezone","|-activate|p1a: Magnezone|Substitute|[damage]","|move|p1a: Magnezone|Thunderbolt|p2a: Jirachi","|-damage|p2a: Jirachi|0 fnt","|faint|p2a: Jirachi","|","|-heal|p1a: Magnezone|163/282|[from] item: Leftovers","|","|switch|p2a: Breloom|Breloom, M|261/261","|turn|19","|","|move|p2a: Breloom|Bullet Seed|p1a: Magnezone","|-crit|p1a: Magnezone","|-resisted|p1a: Magnezone","|-end|p1a: Magnezone|Substitute","|-resisted|p1a: Magnezone","|-damage|p1a: Magnezone|132/282","|-resisted|p1a: Magnezone","|-damage|p1a: Magnezone|103/282","|-hitcount|p1a: Magnezone|3","|move|p1a: Magnezone|Flash Cannon|p2a: Breloom","|-damage|p2a: Breloom|32/261","|","|-heal|p1a: Magnezone|120/282|[from] item: Leftovers","|turn|20","|","|switch|p1a: Scizor|Scizor, M|344/344","|move|p2a: Breloom|Mach Punch|p1a: Scizor","|-damage|p1a: Scizor|233/344","|","|turn|21","|","|move|p1a: Scizor|Bullet Punch|p2a: Breloom","|-damage|p2a: Breloom|0 fnt","|faint|p2a: Breloom","|","|","|switch|p2a: Thundurus|Thundurus, M|299/299","|turn|22","|","|move|p2a: Thundurus|Nasty Plot|p2a: Thundurus","|-boost|p2a: Thundurus|spa|2","|move|p1a: Scizor|U-turn|p2a: Thundurus","|-resisted|p2a: Thundurus","|-damage|p2a: Thundurus|214/299","|","|switch|p1a: Florges|Florges, F|360/360","|","|-heal|p2a: Thundurus|232/299|[from] item: Leftovers","|turn|23","|","|move|p2a: Thundurus|Thunderbolt|p1a: Florges","|-damage|p1a: Florges|164/360","|move|p1a: Florges|Moonblast|p2a: Thundurus","|-damage|p2a: Thundurus|52/299","|","|-heal|p2a: Thundurus|70/299|[from] item: Leftovers","|-heal|p1a: Florges|186/360|[from] item: Leftovers","|turn|24","|","|move|p2a: Thundurus|Thunderbolt|p1a: Florges","|-damage|p1a: Florges|0 fnt","|faint|p1a: Florges","|","|-heal|p2a: Thundurus|88/299|[from] item: Leftovers","|","|switch|p1a: Scizor|Scizor, M|233/344","|turn|25","|","|move|p1a: Scizor|Bullet Punch|p2a: Thundurus","|-resisted|p2a: Thundurus","|-damage|p2a: Thundurus|19/299","|move|p2a: Thundurus|Focus Blast|p1a: Scizor","|-crit|p1a: Scizor","|-damage|p1a: Scizor|0 fnt","|faint|p1a: Scizor","|","|-heal|p2a: Thundurus|37/299|[from] item: Leftovers","|","|switch|p1a: Magnezone|Magnezone|120/282","|turn|26","|","|move|p2a: Thundurus|Focus Blast|p1a: Magnezone","|-supereffective|p1a: Magnezone","|-damage|p1a: Magnezone|0 fnt","|faint|p1a: Magnezone","|","|win|LindeeLinkMusic"],"p1rating":{"entryid":"477302","serverid":"eos","formatid":"ou","userid":"lisopher","username":"Lisopher","w":"3","l":1,"t":"0","gxe":56.7,"r":"1500","rd":"130","sigma":"0","rptime":"1440579600","rpr":1553.3991173771,"rprd":106.9232465322,"rpsigma":"0","acre":1063.3236151822,"lacre":1063.3236151822,"oldacre":"1093.7176627926"},"p2rating":{"entryid":"175396","serverid":"eos","formatid":"ou","userid":"lindeelinkmusic","username":"LindeeLinkMusic","w":1,"l":"1","t":"0","gxe":48.8,"r":"1449.0462367536","rd":"123.76314378948","sigma":"0","rptime":"1440579600","rpr":1490.8422782141,"rprd":117.65827171364,"rpsigma":"0","acre":1050.5353571019,"lacre":1050.5353571019,"oldacre":"1000"},"endType":"normal"}