{"seed":[29869,14968,36864,41037],"turns":26,"p1":"Lisopher","p2":"chilling181457","p1team":[{"name":"Donphan","species":"Donphan","item":"rockyhelmet","ability":"Sturdy","moves":["earthquake","iceshard","knockoff","stealthrock"],"nature":"Adamant","evs":{"hp":252,"atk":100,"def":156,"spa":0,"spd":0,"spe":0},"gender":"F","ivs":{"hp":31,"atk":31,"def":31,"spa":31,"spd":31,"spe":31}},{"name":"Scizor","species":"Scizor","item":"assaultvest","ability":"Technician","moves":["pursuit","uturn","bulletpunch","superpower"],"nature":"Adamant","evs":{"hp":252,"atk":40,"def":0,"spa":0,"spd":216,"spe":0},"gender":"M","ivs":{"hp":31,"atk":31,"def":31,"spa":31,"spd":31,"spe":31}},{"name":"Gyarados","species":"Gyarados","item":"gyaradosite","ability":"Intimidate","moves":["thunderwave","crunch","earthquake","icefang"],"nature":"Adamant","evs":{"hp":252,"atk":40,"def":132,"spa":0,"spd":84,"spe":0},"gender":"M","ivs":{"hp":31,"atk":31,"def":31,"spa":31,"spd":31,"spe":31}},{"name":"Gothitelle","species":"Gothitelle","item":"choicescarf","ability":"Shadow Tag","moves":["trick","energyball","psyshock","thunderbolt"],"nature":"Modest","evs":{"hp":4,"atk":0,"def":0,"spa":252,"spd":0,"spe":252},"gender":"F","ivs":{"hp":31,"atk":31,"def":31,"spa":31,"spd":31,"spe":31}},{"name":"Florges","species":"Florges","item":"leftovers","ability":"Flower Veil","moves":["moonblast","aromatherapy","toxic","synthesis"],"nature":"Modest","evs":{"hp":252,"atk":0,"def":0,"spa":192,"spd":64,"spe":0},"ivs":{"hp":31,"atk":31,"def":31,"spa":31,"spd":31,"spe":31}},{"name":"Magnezone","species":"Magnezone","item":"leftovers","ability":"Magnet Pull","moves":["substitute","thunderbolt","flashcannon","hiddenpowerfire"],"nature":"Timid","evs":{"hp":4,"atk":0,"def":0,"spa":252,"spd":0,"spe":252},"ivs":{"hp":31,"atk":30,"def":31,"spa":30,"spd":31,"spe":30}}],"p2team":[{"name":"Politoed","species":"Politoed","item":"damprock","ability":"Drizzle","moves":["scald","encore","hypnosis","toxic"],"nature":"Relaxed","evs":{"hp":0,"atk":0,"def":252,"spa":252,"spd":4,"spe":0},"gender":"M","shiny":true,"ivs":{"hp":31,"atk":31,"def":31,"spa":31,"spd":31,"spe":31}},{"name":"Kingdra","species":"Kingdra","item":"choicespecs","ability":"Swift Swim","moves":["hydropump","scald","dracometeor","icebeam"],"nature":"Timid","evs":{"hp":0,"atk":0,"def":96,"spa":252,"spd":0,"spe":160},"gender":"M","shiny":true,"ivs":{"hp":31,"atk":31,"def":31,"spa":31,"spd":31,"spe":31}},{"name":"Omastar","species":"Omastar","item":"choicespecs","ability":"Swift Swim","moves":["hydropump","scald","icebeam","earthpower"],"nature":"Timid","evs":{"hp":0,"atk":0,"def":4,"spa":252,"spd":0,"spe":252},"gender":"F","shiny":true,"ivs":{"hp":31,"atk":31,"def":31,"spa":31,"spd":31,"spe":31}},{"name":"Garchomp","species":"Garchomp","item":"garchompite","ability":"Rough Skin","moves":["earthquake","dragonclaw","aquatail","swordsdance"],"nature":"Jolly","evs":{"hp":0,"atk":252,"def":4,"spa":0,"spd":0,"spe":252},"gender":"M","shiny":true,"ivs":{"hp":31,"atk":31,"def":31,"spa":31,"spd":31,"spe":31}},{"name":"Tornadus-Therian","species":"Tornadus-Therian","item":"lifeorb","ability":"Regenerator","moves":["hurricane","uturn","focusblast","taunt"],"nature":"Timid","evs":{"hp":0,"atk":4,"def":0,"spa":252,"spd":0,"spe":252},"shiny":true,"ivs":{"hp":31,"atk":31,"def":31,"spa":31,"spd":31,"spe":31}},{"name":"Ferrothorn","species":"Ferrothorn","item":"leftovers","ability":"Iron Barbs","moves":["stealthrock","knockoff","leechseed","powerwhip"],"nature":"Impish","evs":{"hp":250,"atk":0,"def":90,"spa":0,"spd":168,"spe":0},"gender":"M","shiny":true,"ivs":{"hp":31,"atk":31,"def":31,"spa":31,"spd":31,"spe":31}}],"log":["|player|p1|Lisopher|107","|player|p2|chilling181457|265","|gametype|singles","|gen|6","|tier|OU","|rated","|clearpoke","|poke|p1|Donphan, F","|poke|p1|Scizor, M","|poke|p1|Gyarados, M","|poke|p1|Gothitelle, F","|poke|p1|Florges, F","|poke|p1|Magnezone","|poke|p2|Politoed, M, shiny","|poke|p2|Kingdra, M, shiny","|poke|p2|Omastar, F, shiny","|poke|p2|Garchomp, M, shiny","|poke|p2|Tornadus-Therian, M, shiny","|poke|p2|Ferrothorn, M, shiny","|rule|Swagger Clause: Swagger is banned","|rule|Baton Pass Clause: Limit one Baton Passer, can't pass Spe and other stats simultaneously","|rule|Sleep Clause Mod: Limit one foe put to sleep","|rule|Species Clause: Limit one of each Pokémon","|rule|OHKO Clause: OHKO moves are banned","|rule|Moody Clause: Moody is banned","|rule|Evasion Moves Clause: Evasion moves are banned","|rule|Endless Battle Clause: Forcing endless battles is banned","|rule|HP Percentage Mod: HP is shown in percentages","|teampreview","|","|start","|switch|p1a: Donphan|Donphan, F|384/384","|switch|p2a: Ferrothorn|Ferrothorn, M, shiny|351/351","|turn|1","|","|move|p1a: Donphan|Stealth Rock|p2a: Ferrothorn","|-sidestart|p2: chilling181457|move: Stealth Rock","|move|p2a: Ferrothorn|Power Whip|p1a: Donphan","|-supereffective|p1a: Donphan","|-damage|p1a: Donphan|178/384","|-damage|p2a: Ferrothorn|293/351|[from] item: Rocky Helmet|[of] p1a: Donphan","|","|-heal|p2a: Ferrothorn|314/351|[from] item: Leftovers","|turn|2","|","|switch|p1a: Magnezone|Magnezone|282/282","|move|p2a: Ferrothorn|Stealth Rock|p1a: Magnezone","|-sidestart|p1: Lisopher|move: Stealth Rock","|","|-heal|p2a: Ferrothorn|335/351|[from] item: Leftovers","|turn|3","|","|move|p1a: Magnezone|Substitute|p1a: Magnezone","|-start|p1a: Magnezone|Substitute","|-damage|p1a: Magnezone|212/282","|move|p2a: Ferrothorn|Knock Off|p1a: Magnezone","|-activate|p1a: Magnezone|Substitute|[damage]","|","|-heal|p1a: Magnezone|229/282|[from] item: Leftovers","|-heal|p2a: Ferrothorn|351/351|[from] item: Leftovers","|turn|4","|","|move|p1a: Magnezone|Hidden Power|p2a: Ferrothorn","|-supereffective|p2a: Ferrothorn","|-damage|p2a: Ferrothorn|119/351","|move|p2a: Ferrothorn|Knock Off|p1a: Magnezone","|-end|p1a: Magnezone|Substitute","|","|-heal|p1a: Magnezone|246/282|[from] item: Leftovers","|-heal|p2a: Ferrothorn|140/351|[from] item: Leftovers","|turn|5","|","|move|p1a: Magnezone|Substitute|p1a: Magnezone","|-start|p1a: Magnezone|Substitute","|-damage|p1a: Magnezone|176/282","|move|p2a: Ferrothorn|Leech Seed|p1a: Magnezone","|-fail|p1a: Magnezone","|","|-heal|p1a: Magnezone|193/282|[from] item: Leftovers","|-heal|p2a: Ferrothorn|161/351|[from] item: Leftovers","|turn|6","|","|move|p1a: Magnezone|Hidden Power|p2a: Ferrothorn","|-supereffective|p2a: Ferrothorn","|-damage|p2a: Ferrothorn|0 fnt","|faint|p2a: Ferrothorn","|","|-heal|p1a: Magnezone|210/282|[from] item: Leftovers","|","|switch|p2a: Garchomp|Garchomp, M, shiny|357/357","|-damage|p2a: Garchomp|335/357|[from] Stealth Rock","|turn|7","|","|detailschange|p2a: Garchomp|Garchomp-Mega, M, shiny","|-mega|p2a: Garchomp|Garchomp|Garchompite","|move|p2a: Garchomp|Earthquake|p1a: Magnezone","|-supereffective|p1a: Magnezone","|-end|p1a: Magnezone|Substitute","|move|p1a: Magnezone|Flash Cannon|p2a: Garchomp","|-damage|p2a: Garchomp|197/357","|","|-heal|p1a: Magnezone|227/282|[from] item: Leftovers","|turn|8","|","|switch|p1a: Gyarados|Gyarados, M|394/394","|-damage|p1a: Gyarados|296/394|[from] Stealth Rock","|-ability|p1a: Gyarados|Intimidate","|-unboost|p2a: Garchomp|atk|1","|move|p2a: Garchomp|Earthquake|p1a: Gyarados","|-immune|p1a: Gyarados|[msg]","|","|turn|9","|","|switch|p2a: Politoed|Politoed, M, shiny|321/321","|-damage|p2a: Politoed|281/321|[from] Stealth Rock","|-weather|RainDance","|detailschange|p1a: Gyarados|Gyarados-Mega, M","|-mega|p1a: Gyarados|Gyarados|Gyaradosite","|-ability|p1a: Gyarados|Mold Breaker","|move|p1a: Gyarados|Ice Fang|p2a: Politoed","|-resisted|p2a: Politoed","|-damage|p2a: Politoed|246/321","|","|-weather|RainDance|[upkeep]","|turn|10","|","|move|p1a: Gyarados|Crunch|p2a: Politoed","|-damage|p2a: Politoed|102/321","|move|p2a: Politoed|Hypnosis|p1a: Gyarados","|-status|p1a: Gyarados|slp","|","|-weather|RainDance|[upkeep]","|turn|11","|","|switch|p1a: Gothitelle|Gothitelle, F|282/282","|-damage|p1a: Gothitelle|247/282|[from] Stealth Rock","|move|p2a: Politoed|Toxic|p1a: Gothitelle","|-status|p1a: Gothitelle|tox","|","|-weather|RainDance|[upkeep]","|-damage|p1a: Gothitelle|230/282 tox|[from] psn","|turn|12","|","|move|p1a: Gothitelle|Thunderbolt|p2a: Politoed","|-supereffective|p2a: Politoed","|-damage|p2a: Politoed|0 fnt","|faint|p2a: Politoed","|","|-weather|RainDance|[upkeep]","|-damage|p1a: Gothitelle|196/282 tox|[from] psn","|","|switch|p2a: Tornadus-Therian|Tornadus-Therian, M, shiny|299/299","|-damage|p2a: Tornadus-Therian|225/299|[from] Stealth Rock","|turn|13","|","|switch|p1a: Florges|Florges, F|360/360","|-damage|p1a: Florges|315/360|[from] Stealth Rock","|move|p2a: Tornadus-Therian|Hurricane|p1a: Florges","|-damage|p1a: Florges|171/360","|-start|p1a: Florges|confusion","|-damage|p2a: Tornadus-Therian|196/299|[from] item: Life Orb","|","|-weather|RainDance|[upkeep]","|-heal|p1a: Florges|193/360|[from] item: Leftovers","|turn|14","|","|switch|p2a: Omastar|Omastar, F, shiny|281/281","|-damage|p2a: Omastar|246/281|[from] Stealth Rock","|-activate|p1a: Florges|confusion","|-damage|p1a: Florges|167/360|[from] confusion","|","|-weather|RainDance|[upkeep]","|-heal|p1a: Florges|189/360|[from] item: Leftovers","|turn|15","|","|move|p2a: Omastar|Scald|p1a: Florges","|-damage|p1a: Florges|0 fnt","|faint|p1a: Florges","|","|-weather|RainDance|[upkeep]","|","|switch|p1a: Gyarados|Gyarados-Mega, M|296/394 slp","|-damage|p1a: Gyarados|247/394 slp|[from] Stealth Rock","|-ability|p1a: Gyarados|Mold Breaker","|turn|16","|","|move|p2a: Omastar|Scald|p1a: Gyarados","|-resisted|p1a: Gyarados","|-damage|p1a: Gyarados|129/394 slp","|cant|p1a: Gyarados|slp","|","|-weather|none","|turn|17","|","|move|p2a: Omastar|Scald|p1a: Gyarados","|-resisted|p1a: Gyarados","|-damage|p1a: Gyarados|60/394 slp","|cant|p1a: Gyarados|slp","|","|turn|18","|","|move|p2a: Omastar|Scald|p1a: Gyarados","|-resisted|p1a: Gyarados","|-damage|p1a: Gyarados|0 fnt","|faint|p1a: Gyarados","|","|","|switch|p1a: Gothitelle|Gothitelle, F|196/282 tox","|-damage|p1a: Gothitelle|161/282 tox|[from] Stealth Rock","|turn|19","|","|move|p1a: Gothitelle|Thunderbolt|p2a: Omastar","|-supereffective|p2a: Omastar","|-damage|p2a: Omastar|0 fnt","|faint|p2a: Omastar","|","|-damage|p1a: Gothitelle|144/282 tox|[from] psn","|","|switch|p2a: Garchomp|Garchomp-Mega, M, shiny|197/357","|-damage|p2a: Garchomp|175/357|[from] Stealth Rock","|turn|20","|","|switch|p1a: Donphan|Donphan, F|178/384","|-damage|p1a: Donphan|154/384|[from] Stealth Rock","|move|p2a: Garchomp|Dragon Claw|p1a: Donphan","|-damage|p1a: Donphan|31/384","|-damage|p2a: Garchomp|116/357|[from] item: Rocky Helmet|[of] p1a: Donphan","|","|turn|21","|","|move|p1a: Donphan|Ice Shard|p2a: Garchomp","|-supereffective|p2a: Garchomp","|-damage|p2a: Garchomp|0 fnt","|faint|p2a: Garchomp","|","|","|switch|p2a: Kingdra|Kingdra, M, shiny|291/291","|-damage|p2a: Kingdra|255/291|[from] Stealth Rock","|turn|22","|","|move|p2a: Kingdra|Ice Beam|p1a: Donphan","|-supereffective|p1a: Donphan","|-damage|p1a: Donphan|0 fnt","|faint|p1a: Donphan","|","|","|switch|p1a: Scizor|Scizor, M|344/344","|-damage|p1a: Scizor|301/344|[from] Stealth Rock","|turn|23","|","|move|p2a: Kingdra|Ice Beam|p1a: Scizor","|-resisted|p1a: Scizor","|-damage|p1a: Scizor|260/344","|move|p1a: Scizor|U-turn|p2a: Kingdra","|-damage|p2a: Kingdra|143/291","|","|switch|p1a: Magnezone|Magnezone|227/282","|-damage|p1a: Magnezone|210/282|[from] Stealth Rock","|","|-heal|p1a: Magnezone|227/282|[from] item: Leftovers","|turn|24","|","|switch|p2a: Tornadus-Therian|Tornadus-Therian, M, shiny|295/299","|-damage|p2a: Tornadus-Therian|221/299|[from] Stealth Rock","|move|p1a: Magnezone|Substitute|p1a: Magnezone","|-start|p1a: Magnezone|Substitute","|-damage|p1a: Magnezone|157/282","|","|-heal|p1a: Magnezone|174/282|[from] item: Leftovers","|turn|25","|","|move|p2a: Tornadus-Therian|Taunt|p1a: Magnezone","|-start|p1a: Magnezone|move: Taunt","|move|p1a: Magnezone|Thunderbolt|p2a: Tornadus-Therian","|-supereffective|p2a: Tornadus-Therian","|-damage|p2a: Tornadus-Therian|0 fnt","|faint|p2a: Tornadus-Therian","|","|-heal|p1a: Magnezone|191/282|[from] item: Leftovers","|","|switch|p2a: Kingdra|Kingdra, M, shiny|143/291","|-damage|p2a: Kingdra|107/291|[from] Stealth Rock","|turn|26","|","|move|p2a: Kingdra|Draco Meteor|p1a: Magnezone","|-resisted|p1a: Magnezone","|-end|p1a: Magnezone|Substitute","|-unboost|p2a: Kingdra|spa|2","|move|p1a: Magnezone|Thunderbolt|p2a: Kingdra","|-damage|p2a: Kingdra|0 fnt","|faint|p2a: Kingdra","|","|win|Lisopher"],"p1rating":{"entryid":"477302","serverid":"eos","formatid":"ou","userid":"lisopher","username":"Lisopher","w":4,"l":"1","t":"0","gxe":59.7,"r":"1500","rd":"130","sigma":"0","rptime":"1440579600","rpr":1577.5417564989,"rprd":102.8425185584,"rpsigma":"0","acre":1088.3266261181,"lacre":1088.3266261181,"oldacre":"1063.3236151822"},"p2rating":{"entryid":493914,"formatid":"ou","userid":"chilling181457","username":"chilling181457","r":1500,"rd":130,"sigma":0,"rpr":1459.8393856612,"rprd":122.8583080769,"rpsigma":0,"rptime":1440579600,"w":0,"l":1,"t":0,"gxe":45,"acre":1000,"lacre":1000,"oldacre":1000},"endType":"normal"}