{"seed":[15761,38692,20942,19250],"turns":40,"p1":"Lisopher","p2":"RandomThingz","p1team":[{"name":"Donphan","species":"Donphan","item":"rockyhelmet","ability":"Sturdy","moves":["earthquake","iceshard","knockoff","stealthrock"],"nature":"Adamant","evs":{"hp":252,"atk":100,"def":156,"spa":0,"spd":0,"spe":0},"gender":"F","ivs":{"hp":31,"atk":31,"def":31,"spa":31,"spd":31,"spe":31}},{"name":"Scizor","species":"Scizor","item":"assaultvest","ability":"Technician","moves":["pursuit","uturn","bulletpunch","superpower"],"nature":"Adamant","evs":{"hp":252,"atk":40,"def":0,"spa":0,"spd":216,"spe":0},"gender":"M","ivs":{"hp":31,"atk":31,"def":31,"spa":31,"spd":31,"spe":31}},{"name":"Gyarados","species":"Gyarados","item":"gyaradosite","ability":"Intimidate","moves":["thunderwave","crunch","earthquake","icefang"],"nature":"Adamant","evs":{"hp":252,"atk":40,"def":132,"spa":0,"spd":84,"spe":0},"gender":"M","ivs":{"hp":31,"atk":31,"def":31,"spa":31,"spd":31,"spe":31}},{"name":"Gothitelle","species":"Gothitelle","item":"choicescarf","ability":"Shadow Tag","moves":["trick","energyball","psyshock","thunderbolt"],"nature":"Modest","evs":{"hp":4,"atk":0,"def":0,"spa":252,"spd":0,"spe":252},"gender":"F","ivs":{"hp":31,"atk":31,"def":31,"spa":31,"spd":31,"spe":31}},{"name":"Florges","species":"Florges","item":"leftovers","ability":"Flower Veil","moves":["moonblast","aromatherapy","toxic","synthesis"],"nature":"Modest","evs":{"hp":252,"atk":0,"def":0,"spa":192,"spd":64,"spe":0},"ivs":{"hp":31,"atk":31,"def":31,"spa":31,"spd":31,"spe":31}},{"name":"Magnezone","species":"Magnezone","item":"leftovers","ability":"Magnet Pull","moves":["substitute","thunderbolt","flashcannon","hiddenpowerfire"],"nature":"Timid","evs":{"hp":4,"atk":0,"def":0,"spa":252,"spd":0,"spe":252},"ivs":{"hp":31,"atk":30,"def":31,"spa":30,"spd":31,"spe":30}}],"p2team":[{"name":"Sceptile","species":"Sceptile","item":"sceptilite","ability":"Unburden","moves":["dragonpulse","focusblast","energyball","detect"],"nature":"Timid","evs":{"hp":4,"atk":0,"def":0,"spa":252,"spd":0,"spe":252},"ivs":{"hp":31,"atk":31,"def":31,"spa":31,"spd":31,"spe":31}},{"name":"Heatran","species":"Heatran","item":"airballoon","ability":"Flash Fire","moves":["stealthrock","roar","lavaplume","earthpower"],"nature":"Calm","evs":{"hp":252,"atk":0,"def":0,"spa":4,"spd":252,"spe":0},"ivs":{"hp":31,"atk":31,"def":31,"spa":31,"spd":31,"spe":31}},{"name":"Zapdos","species":"Zapdos","item":"leftovers","ability":"Pressure","moves":["heatwave","roost","thunderbolt","defog"],"nature":"Bold","evs":{"hp":252,"atk":0,"def":168,"spa":68,"spd":0,"spe":20},"ivs":{"hp":31,"atk":31,"def":31,"spa":31,"spd":31,"spe":31}},{"name":"Conkeldurr","species":"Conkeldurr","item":"assaultvest","ability":"Iron Fist","moves":["machpunch","drainpunch","icepunch","poisonjab"],"nature":"Adamant","evs":{"hp":108,"atk":152,"def":104,"spa":0,"spd":144,"spe":0},"ivs":{"hp":31,"atk":31,"def":31,"spa":31,"spd":31,"spe":31}},{"name":"Gastrodon","species":"Gastrodon","item":"leftovers","ability":"Storm Drain","moves":["scald","recover","icebeam","earthquake"],"nature":"Bold","evs":{"hp":252,"atk":0,"def":252,"spa":4,"spd":0,"spe":0},"ivs":{"hp":31,"atk":31,"def":31,"spa":31,"spd":31,"spe":31}},{"name":"Raikou","species":"Raikou","item":"choicescarf","ability":"Pressure","moves":["voltswitch","thunderbolt","hiddenpowerice","extrasensory"],"nature":"","evs":{"hp":180,"atk":0,"def":0,"spa":252,"spd":0,"spe":76},"ivs":{"hp":31,"atk":30,"def":30,"spa":31,"spd":31,"spe":31}}],"log":["|player|p1|Lisopher|107","|player|p2|RandomThingz|102","|gametype|singles","|gen|6","|tier|OU","|rated","|clearpoke","|poke|p1|Donphan, F","|poke|p1|Scizor, M","|poke|p1|Gyarados, M","|poke|p1|Gothitelle, F","|poke|p1|Florges, F","|poke|p1|Magnezone","|poke|p2|Sceptile, M","|poke|p2|Heatran, M","|poke|p2|Zapdos","|poke|p2|Conkeldurr, F","|poke|p2|Gastrodon, F","|poke|p2|Raikou","|rule|Swagger Clause: Swagger is banned","|rule|Baton Pass Clause: Limit one Baton Passer, can't pass Spe and other stats simultaneously","|rule|Sleep Clause Mod: Limit one foe put to sleep","|rule|Species Clause: Limit one of each Pokémon","|rule|OHKO Clause: OHKO moves are banned","|rule|Moody Clause: Moody is banned","|rule|Evasion Moves Clause: Evasion moves are banned","|rule|Endless Battle Clause: Forcing endless battles is banned","|rule|HP Percentage Mod: HP is shown in percentages","|teampreview","|","|start","|switch|p1a: Scizor|Scizor, M|344/344","|switch|p2a: Heatran|Heatran, M|386/386","|-item|p2a: Heatran|Air Balloon","|turn|1","|","|move|p2a: Heatran|Stealth Rock|p1a: Scizor","|-sidestart|p1: Lisopher|move: Stealth Rock","|move|p1a: Scizor|U-turn|p2a: Heatran","|-resisted|p2a: Heatran","|-damage|p2a: Heatran|358/386","|-enditem|p2a: Heatran|Air Balloon","|","|switch|p1a: Gyarados|Gyarados, M|394/394","|-damage|p1a: Gyarados|296/394|[from] Stealth Rock","|-ability|p1a: Gyarados|Intimidate","|-unboost|p2a: Heatran|atk|1","|","|turn|2","|","|switch|p2a: Gastrodon|Gastrodon, F|426/426","|detailschange|p1a: Gyarados|Gyarados-Mega, M","|-mega|p1a: Gyarados|Gyarados|Gyaradosite","|-ability|p1a: Gyarados|Mold Breaker","|move|p1a: Gyarados|Crunch|p2a: Gastrodon","|-crit|p2a: Gastrodon","|-damage|p2a: Gastrodon|228/426","|","|-heal|p2a: Gastrodon|254/426|[from] item: Leftovers","|turn|3","|","|switch|p1a: Gothitelle|Gothitelle, F|282/282","|-damage|p1a: Gothitelle|247/282|[from] Stealth Rock","|switch|p2a: Zapdos|Zapdos|384/384","|-ability|p2a: Zapdos|Pressure","|","|turn|4","|","|move|p1a: Gothitelle|Trick|p2a: Zapdos","|-activate|p1a: Gothitelle|move: Trick|[of] p2a: Zapdos","|-item|p2a: Zapdos|Choice Scarf|[from] move: Trick","|-item|p1a: Gothitelle|Leftovers|[from] move: Trick","|move|p2a: Zapdos|Thunderbolt|p1a: Gothitelle","|-crit|p1a: Gothitelle","|-damage|p1a: Gothitelle|64/282","|","|-heal|p1a: Gothitelle|81/282|[from] item: Leftovers","|turn|5","|","|switch|p1a: Magnezone|Magnezone|282/282","|-damage|p1a: Magnezone|265/282|[from] Stealth Rock","|move|p2a: Zapdos|Thunderbolt|p1a: Magnezone","|-resisted|p1a: Magnezone","|-damage|p1a: Magnezone|193/282","|","|-heal|p1a: Magnezone|210/282|[from] item: Leftovers","|turn|6","|","|switch|p2a: Conkeldurr|Conkeldurr, F|378/378","|move|p1a: Magnezone|Substitute|p1a: Magnezone","|-start|p1a: Magnezone|Substitute","|-damage|p1a: Magnezone|140/282","|","|-heal|p1a: Magnezone|157/282|[from] item: Leftovers","|turn|7","|","|move|p1a: Magnezone|Thunderbolt|p2a: Conkeldurr","|-damage|p2a: Conkeldurr|251/378","|move|p2a: Conkeldurr|Drain Punch|p1a: Magnezone","|-supereffective|p1a: Magnezone","|-end|p1a: Magnezone|Substitute","|-heal|p2a: Conkeldurr|286/378|[from] drain|[of] p1a: Magnezone","|","|-heal|p1a: Magnezone|174/282|[from] item: Leftovers","|turn|8","|","|switch|p1a: Florges|Florges, F|360/360","|-damage|p1a: Florges|315/360|[from] Stealth Rock","|move|p2a: Conkeldurr|Drain Punch|p1a: Florges","|-resisted|p1a: Florges","|-damage|p1a: Florges|202/360","|-heal|p2a: Conkeldurr|343/378|[from] drain|[of] p1a: Florges","|","|-heal|p1a: Florges|224/360|[from] item: Leftovers","|turn|9","|","|switch|p2a: Heatran|Heatran, M|358/386","|move|p1a: Florges|Moonblast|p2a: Heatran","|-resisted|p2a: Heatran","|-damage|p2a: Heatran|331/386","|","|-heal|p1a: Florges|246/360|[from] item: Leftovers","|turn|10","|","|move|p2a: Heatran|Lava Plume|p1a: Florges","|-damage|p1a: Florges|173/360","|-status|p1a: Florges|brn","|move|p1a: Florges|Synthesis|p1a: Florges","|-heal|p1a: Florges|353/360 brn","|","|-heal|p1a: Florges|360/360 brn|[from] item: Leftovers","|-damage|p1a: Florges|315/360 brn|[from] brn","|turn|11","|","|move|p1a: Florges|Aromatherapy|p1a: Florges","|-cureteam|p1a: Florges|[from] move: Aromatherapy","|move|p2a: Heatran|Roar|p1a: Florges","|drag|p1a: Magnezone|Magnezone|174/282","|-damage|p1a: Magnezone|157/282|[from] Stealth Rock","|","|-heal|p1a: Magnezone|174/282|[from] item: Leftovers","|turn|12","|","|move|p1a: Magnezone|Thunderbolt|p2a: Heatran","|-damage|p2a: Heatran|210/386","|move|p2a: Heatran|Lava Plume|p1a: Magnezone","|-supereffective|p1a: Magnezone","|-damage|p1a: Magnezone|0 fnt","|faint|p1a: Magnezone","|","|","|switch|p1a: Gyarados|Gyarados-Mega, M|296/394","|-damage|p1a: Gyarados|247/394|[from] Stealth Rock","|-ability|p1a: Gyarados|Mold Breaker","|turn|13","|","|switch|p2a: Raikou|Raikou|366/366","|-ability|p2a: Raikou|Pressure","|move|p1a: Gyarados|Earthquake|p2a: Raikou","|-supereffective|p2a: Raikou","|-damage|p2a: Raikou|48/366","|","|turn|14","|","|switch|p1a: Florges|Florges, F|315/360","|-damage|p1a: Florges|270/360|[from] Stealth Rock","|move|p2a: Raikou|Volt Switch|p1a: Florges","|-damage|p1a: Florges|198/360","|","|switch|p2a: Conkeldurr|Conkeldurr, F|343/378","|","|-heal|p1a: Florges|220/360|[from] item: Leftovers","|turn|15","|","|move|p1a: Florges|Moonblast|p2a: Conkeldurr","|-crit|p2a: Conkeldurr","|-supereffective|p2a: Conkeldurr","|-damage|p2a: Conkeldurr|0 fnt","|faint|p2a: Conkeldurr","|","|-heal|p1a: Florges|242/360|[from] item: Leftovers","|","|switch|p2a: Sceptile|Sceptile, M|282/282","|turn|16","|","|move|p2a: Sceptile|Energy Ball|p1a: Florges","|-damage|p1a: Florges|146/360","|move|p1a: Florges|Moonblast|p2a: Sceptile","|-damage|p2a: Sceptile|87/282","|","|-heal|p1a: Florges|168/360|[from] item: Leftovers","|turn|17","|","|switch|p2a: Zapdos|Zapdos|384/384","|-ability|p2a: Zapdos|Pressure","|move|p1a: Florges|Synthesis|p1a: Florges","|-heal|p1a: Florges|348/360","|","|-heal|p1a: Florges|360/360|[from] item: Leftovers","|turn|18","|","|move|p2a: Zapdos|Thunderbolt|p1a: Florges","|-damage|p1a: Florges|269/360","|move|p1a: Florges|Moonblast|p2a: Zapdos","|-damage|p2a: Zapdos|216/384","|","|-heal|p1a: Florges|291/360|[from] item: Leftovers","|turn|19","|","|move|p2a: Zapdos|Thunderbolt|p1a: Florges","|-damage|p1a: Florges|200/360","|move|p1a: Florges|Moonblast|p2a: Zapdos","|-damage|p2a: Zapdos|44/384","|-unboost|p2a: Zapdos|spa|1","|","|-heal|p1a: Florges|222/360|[from] item: Leftovers","|turn|20","|","|move|p2a: Zapdos|Thunderbolt|p1a: Florges","|-damage|p1a: Florges|159/360","|move|p1a: Florges|Moonblast|p2a: Zapdos","|-damage|p2a: Zapdos|0 fnt","|faint|p2a: Zapdos","|","|-heal|p1a: Florges|181/360|[from] item: Leftovers","|","|switch|p2a: Gastrodon|Gastrodon, F|254/426","|turn|21","|","|move|p1a: Florges|Toxic|p2a: Gastrodon","|-status|p2a: Gastrodon|tox","|move|p2a: Gastrodon|Scald|p1a: Florges","|-damage|p1a: Florges|120/360","|","|-heal|p1a: Florges|142/360|[from] item: Leftovers","|-heal|p2a: Gastrodon|280/426 tox|[from] item: Leftovers","|-damage|p2a: Gastrodon|254/426 tox|[from] psn","|turn|22","|","|switch|p2a: Heatran|Heatran, M|210/386","|move|p1a: Florges|Synthesis|p1a: Florges","|-heal|p1a: Florges|322/360","|","|-heal|p1a: Florges|344/360|[from] item: Leftovers","|turn|23","|","|move|p2a: Heatran|Lava Plume|p1a: Florges","|-damage|p1a: Florges|268/360","|-status|p1a: Florges|brn","|move|p1a: Florges|Moonblast|p2a: Heatran","|-resisted|p2a: Heatran","|-damage|p2a: Heatran|180/386","|","|-heal|p1a: Florges|290/360 brn|[from] item: Leftovers","|-damage|p1a: Florges|245/360 brn|[from] brn","|turn|24","|","|move|p2a: Heatran|Lava Plume|p1a: Florges","|-damage|p1a: Florges|164/360 brn","|move|p1a: Florges|Aromatherapy|p1a: Florges","|-cureteam|p1a: Florges|[from] move: Aromatherapy","|","|-heal|p1a: Florges|186/360|[from] item: Leftovers","|turn|25","|","|move|p2a: Heatran|Lava Plume|p1a: Florges","|-damage|p1a: Florges|104/360","|move|p1a: Florges|Synthesis|p1a: Florges","|-heal|p1a: Florges|284/360","|","|-heal|p1a: Florges|306/360|[from] item: Leftovers","|turn|26","|","|move|p2a: Heatran|Lava Plume|p1a: Florges","|-damage|p1a: Florges|233/360","|move|p1a: Florges|Moonblast|p2a: Heatran","|-crit|p2a: Heatran","|-resisted|p2a: Heatran","|-damage|p2a: Heatran|138/386","|","|-heal|p1a: Florges|255/360|[from] item: Leftovers","|turn|27","|","|move|p2a: Heatran|Lava Plume|p1a: Florges","|-damage|p1a: Florges|182/360","|move|p1a: Florges|Moonblast|p2a: Heatran","|-resisted|p2a: Heatran","|-damage|p2a: Heatran|110/386","|","|-heal|p1a: Florges|204/360|[from] item: Leftovers","|turn|28","|","|move|p2a: Heatran|Lava Plume|p1a: Florges","|-damage|p1a: Florges|125/360","|move|p1a: Florges|Synthesis|p1a: Florges","|-heal|p1a: Florges|305/360","|","|-heal|p1a: Florges|327/360|[from] item: Leftovers","|turn|29","|","|move|p2a: Heatran|Lava Plume|p1a: Florges","|-damage|p1a: Florges|243/360","|-status|p1a: Florges|brn","|move|p1a: Florges|Moonblast|p2a: Heatran","|-crit|p2a: Heatran","|-resisted|p2a: Heatran","|-damage|p2a: Heatran|70/386","|","|-heal|p1a: Florges|265/360 brn|[from] item: Leftovers","|-damage|p1a: Florges|220/360 brn|[from] brn","|turn|30","|","|move|p2a: Heatran|Lava Plume|p1a: Florges","|-damage|p1a: Florges|139/360 brn","|move|p1a: Florges|Aromatherapy|p1a: Florges","|-cureteam|p1a: Florges|[from] move: Aromatherapy","|","|-heal|p1a: Florges|161/360|[from] item: Leftovers","|turn|31","|","|move|p2a: Heatran|Lava Plume|p1a: Florges","|-damage|p1a: Florges|80/360","|move|p1a: Florges|Synthesis|p1a: Florges","|-heal|p1a: Florges|260/360","|","|-heal|p1a: Florges|282/360|[from] item: Leftovers","|turn|32","|","|move|p2a: Heatran|Lava Plume|p1a: Florges","|-damage|p1a: Florges|201/360","|move|p1a: Florges|Moonblast|p2a: Heatran","|-resisted|p2a: Heatran","|-damage|p2a: Heatran|41/386","|","|-heal|p1a: Florges|223/360|[from] item: Leftovers","|turn|33","|","|move|p2a: Heatran|Lava Plume|p1a: Florges","|-damage|p1a: Florges|142/360","|move|p1a: Florges|Synthesis|p1a: Florges","|-heal|p1a: Florges|322/360","|","|-heal|p1a: Florges|344/360|[from] item: Leftovers","|turn|34","|","|move|p2a: Heatran|Lava Plume|p1a: Florges","|-damage|p1a: Florges|269/360","|move|p1a: Florges|Moonblast|p2a: Heatran","|-resisted|p2a: Heatran","|-damage|p2a: Heatran|14/386","|","|-heal|p1a: Florges|291/360|[from] item: Leftovers","|turn|35","|","|move|p2a: Heatran|Lava Plume|p1a: Florges","|-damage|p1a: Florges|215/360","|move|p1a: Florges|Moonblast|p2a: Heatran","|-resisted|p2a: Heatran","|-damage|p2a: Heatran|0 fnt","|faint|p2a: Heatran","|","|-heal|p1a: Florges|237/360|[from] item: Leftovers","|","|switch|p2a: Raikou|Raikou|48/366","|-ability|p2a: Raikou|Pressure","|turn|36","|","|move|p2a: Raikou|Thunderbolt|p1a: Florges","|-damage|p1a: Florges|143/360","|move|p1a: Florges|Moonblast|p2a: Raikou","|-damage|p2a: Raikou|0 fnt","|faint|p2a: Raikou","|","|-heal|p1a: Florges|165/360|[from] item: Leftovers","|","|switch|p2a: Sceptile|Sceptile, M|87/282","|turn|37","|","|detailschange|p2a: Sceptile|Sceptile-Mega, M","|-mega|p2a: Sceptile|Sceptile|Sceptilite","|move|p2a: Sceptile|Detect|p2a: Sceptile","|-singleturn|p2a: Sceptile|Protect","|move|p1a: Florges|Moonblast|p2a: Sceptile","|-activate|p2a: Sceptile|Protect","|","|-heal|p1a: Florges|187/360|[from] item: Leftovers","|turn|38","|","|move|p2a: Sceptile|Energy Ball|p1a: Florges","|-damage|p1a: Florges|66/360","|move|p1a: Florges|Moonblast|p2a: Sceptile","|-supereffective|p2a: Sceptile","|-damage|p2a: Sceptile|0 fnt","|faint|p2a: Sceptile","|","|-heal|p1a: Florges|88/360|[from] item: Leftovers","|","|switch|p2a: Gastrodon|Gastrodon, F|254/426 tox","|turn|39","|","|move|p1a: Florges|Moonblast|p2a: Gastrodon","|-damage|p2a: Gastrodon|64/426 tox","|-unboost|p2a: Gastrodon|spa|1","|move|p2a: Gastrodon|Ice Beam|p1a: Florges","|-damage|p1a: Florges|57/360","|","|-heal|p1a: Florges|79/360|[from] item: Leftovers","|-heal|p2a: Gastrodon|90/426 tox|[from] item: Leftovers","|-damage|p2a: Gastrodon|64/426 tox|[from] psn","|turn|40","|","|move|p1a: Florges|Moonblast|p2a: Gastrodon","|-damage|p2a: Gastrodon|0 fnt","|faint|p2a: Gastrodon","|","|win|Lisopher"],"p1rating":{"entryid":"477302","serverid":"eos","formatid":"ou","userid":"lisopher","username":"Lisopher","w":2,"l":"0","t":"0","gxe":58.6,"r":"1500","rd":"130","sigma":"0","rptime":"1440579600","rpr":1568.8869316405,"rprd":116.76532595613,"rpsigma":"0","acre":1070.1028089042,"lacre":1070.1028089042,"oldacre":"1040"},"p2rating":{"entryid":488033,"formatid":"ou","userid":"randomthingz","username":"RandomThingz","r":1500,"rd":130,"sigma":0,"rpr":1459.8393856612,"rprd":122.8583080769,"rpsigma":0,"rptime":1440579600,"w":0,"l":1,"t":0,"gxe":45,"acre":1000,"lacre":1000,"oldacre":1000},"endType":"normal"}