{"seed":[19853,34770,51761,22895],"turns":19,"p1":"TRASCENDENT CURT","p2":"Bumbersnuffle","p1team":[{"name":"Metagross","species":"Metagross","item":"metagrossite","ability":"Clear Body","moves":["thunderpunch","icepunch","hammerarm","meteormash"],"nature":"Jolly","evs":{"hp":0,"atk":252,"def":0,"spa":0,"spd":4,"spe":252},"ivs":{"hp":31,"atk":31,"def":31,"spa":31,"spd":31,"spe":31}},{"name":"Manaphy","species":"Manaphy","item":"leftovers","ability":"Hydration","moves":["tailglow","icebeam","hiddenpowerfire","scald"],"nature":"Timid","evs":{"hp":64,"atk":0,"def":0,"spa":252,"spd":0,"spe":192},"ivs":{"hp":31,"atk":30,"def":31,"spa":30,"spd":31,"spe":30}},{"name":"Ferrothorn","species":"Ferrothorn","item":"leftovers","ability":"Iron Barbs","moves":["leechseed","spikes","protect","gyroball"],"nature":"Relaxed","evs":{"hp":252,"atk":0,"def":88,"spa":0,"spd":168,"spe":0},"gender":"M","ivs":{"hp":31,"atk":31,"def":31,"spa":31,"spd":31,"spe":0}},{"name":"Tyranitar","species":"Tyranitar","item":"choicescarf","ability":"Sand Stream","moves":["stoneedge","pursuit","crunch","superpower"],"nature":"Jolly","evs":{"hp":0,"atk":252,"def":0,"spa":0,"spd":4,"spe":252},"ivs":{"hp":31,"atk":31,"def":31,"spa":31,"spd":31,"spe":31}},{"name":"Tornadus-Therian","species":"Tornadus-Therian","item":"assaultvest","ability":"Regenerator","moves":["uturn","knockoff","hurricane","heatwave"],"nature":"Timid","evs":{"hp":136,"atk":0,"def":0,"spa":120,"spd":0,"spe":252},"ivs":{"hp":31,"atk":31,"def":31,"spa":31,"spd":31,"spe":31}},{"name":"Garchomp","species":"Garchomp","item":"rockyhelmet","ability":"Rough Skin","moves":["toxic","earthquake","dragontail","stealthrock"],"nature":"Impish","evs":{"hp":252,"atk":0,"def":148,"spa":0,"spd":0,"spe":108},"gender":"F","ivs":{"hp":31,"atk":31,"def":31,"spa":31,"spd":31,"spe":31}}],"p2team":[{"name":"Sylveon","species":"Sylveon","item":"leftovers","ability":"Pixilate","moves":["batonpass","hypervoice","calmmind","substitute"],"nature":"Modest","evs":{"hp":248,"atk":0,"def":0,"spa":252,"spd":8,"spe":0},"gender":"F","ivs":{"hp":31,"atk":30,"def":31,"spa":30,"spd":31,"spe":30}},{"name":"Shuckle","species":"Shuckle","item":"mentalherb","ability":"Sturdy","moves":["stickyweb","encore","infestation","stealthrock"],"nature":"Calm","evs":{"hp":252,"atk":0,"def":252,"spa":0,"spd":4,"spe":0},"gender":"F","ivs":{"hp":31,"atk":31,"def":31,"spa":31,"spd":31,"spe":31}},{"name":"Emboar","species":"Emboar","item":"expertbelt","ability":"Reckless","moves":["flareblitz","superpower","wildcharge","suckerpunch"],"nature":"Adamant","evs":{"hp":0,"atk":252,"def":4,"spa":0,"spd":0,"spe":252},"gender":"F","ivs":{"hp":31,"atk":31,"def":31,"spa":31,"spd":31,"spe":31}},{"name":"Aggron","species":"Aggron","item":"aggronite","ability":"Sturdy","moves":["stealthrock","roar","heavyslam","earthquake"],"nature":"","evs":{"hp":252,"atk":0,"def":16,"spa":0,"spd":240,"spe":0},"gender":"F","ivs":{"hp":31,"atk":31,"def":31,"spa":31,"spd":31,"spe":31}},{"name":"Rotom-Wash","species":"Rotom-Wash","item":"leftovers","ability":"Levitate","moves":["voltswitch","hydropump","willowisp","painsplit"],"nature":"Bold","evs":{"hp":248,"atk":0,"def":0,"spa":0,"spd":252,"spe":8},"shiny":true,"ivs":{"hp":31,"atk":31,"def":31,"spa":31,"spd":31,"spe":31}},{"name":"Latias","species":"Latias","item":"lifeorb","ability":"Levitate","moves":["defog","dracometeor","psyshock","healingwish"],"nature":"Timid","evs":{"hp":72,"atk":0,"def":0,"spa":184,"spd":0,"spe":252},"ivs":{"hp":31,"atk":31,"def":31,"spa":31,"spd":31,"spe":31}}],"log":["|player|p1|TRASCENDENT CURT|162","|player|p2|Bumbersnuffle|253","|gametype|singles","|gen|6","|tier|OU","|rated","|clearpoke","|poke|p1|Metagross","|poke|p1|Manaphy","|poke|p1|Ferrothorn, M","|poke|p1|Tyranitar, F","|poke|p1|Tornadus-Therian, M","|poke|p1|Garchomp, F","|poke|p2|Sylveon, F","|poke|p2|Shuckle, F","|poke|p2|Emboar, F","|poke|p2|Aggron, F","|poke|p2|Rotom-Wash, shiny","|poke|p2|Latias, F","|rule|Swagger Clause: Swagger is banned","|rule|Baton Pass Clause: Limit one Baton Passer, can't pass Spe and other stats simultaneously","|rule|Sleep Clause Mod: Limit one foe put to sleep","|rule|Species Clause: Limit one of each Pokémon","|rule|OHKO Clause: OHKO moves are banned","|rule|Moody Clause: Moody is banned","|rule|Evasion Moves Clause: Evasion moves are banned","|rule|Endless Battle Clause: Forcing endless battles is banned","|rule|HP Percentage Mod: HP is shown in percentages","|teampreview","|","|start","|switch|p1a: Ferrothorn|Ferrothorn, M|352/352","|switch|p2a: Shuckle|Shuckle, F|244/244","|turn|1","|","|move|p2a: Shuckle|Sticky Web|p1a: Ferrothorn","|-sidestart|p1: TRASCENDENT CURT|move: Sticky Web","|move|p1a: Ferrothorn|Leech Seed|p2a: Shuckle","|-start|p2a: Shuckle|move: Leech Seed","|","|-damage|p2a: Shuckle|214/244|[from] Leech Seed|[of] p1a: Ferrothorn","|turn|2","|","|move|p2a: Shuckle|Infestation|p1a: Ferrothorn","|-crit|p1a: Ferrothorn","|-damage|p1a: Ferrothorn|343/352","|-damage|p2a: Shuckle|184/244|[from] ability: Iron Barbs|[of] p1a: Ferrothorn","|-activate|p1a: Ferrothorn|move: Infestation|[of] p2a: Shuckle","|move|p1a: Ferrothorn|Spikes|p2a: Shuckle","|-sidestart|p2: Bumbersnuffle|Spikes","|","|-heal|p1a: Ferrothorn|352/352|[from] item: Leftovers","|-damage|p2a: Shuckle|154/244|[from] Leech Seed|[of] p1a: Ferrothorn","|-damage|p1a: Ferrothorn|308/352|[from] move: Infestation|[partiallytrapped]","|turn|3","|","|move|p2a: Shuckle|Stealth Rock|p1a: Ferrothorn","|-sidestart|p1: TRASCENDENT CURT|move: Stealth Rock","|move|p1a: Ferrothorn|Spikes|p2a: Shuckle","|-sidestart|p2: Bumbersnuffle|Spikes","|","|-heal|p1a: Ferrothorn|330/352|[from] item: Leftovers","|-damage|p2a: Shuckle|124/244|[from] Leech Seed|[of] p1a: Ferrothorn","|-heal|p1a: Ferrothorn|352/352|[silent]","|-damage|p1a: Ferrothorn|308/352|[from] move: Infestation|[partiallytrapped]","|turn|4","|","|move|p2a: Shuckle|Encore|p1a: Ferrothorn","|-start|p1a: Ferrothorn|Encore","|move|p1a: Ferrothorn|Spikes|p2a: Shuckle","|-sidestart|p2: Bumbersnuffle|Spikes","|","|-heal|p1a: Ferrothorn|330/352|[from] item: Leftovers","|-damage|p2a: Shuckle|94/244|[from] Leech Seed|[of] p1a: Ferrothorn","|-heal|p1a: Ferrothorn|352/352|[silent]","|-damage|p1a: Ferrothorn|308/352|[from] move: Infestation|[partiallytrapped]","|turn|5","|","|switch|p2a: Emboar|Emboar, F|361/361","|-damage|p2a: Emboar|271/361|[from] Spikes","|move|p1a: Ferrothorn|Spikes|p2a: Emboar","|-fail|p2a: Emboar","|","|-heal|p1a: Ferrothorn|330/352|[from] item: Leftovers","|turn|6","|","|switch|p1a: Garchomp|Garchomp, F|420/420","|-activate|p1a: Garchomp|move: Sticky Web","|-unboost|p1a: Garchomp|spe|1","|-damage|p1a: Garchomp|394/420|[from] Stealth Rock","|move|p2a: Emboar|Flare Blitz|p1a: Garchomp","|-resisted|p1a: Garchomp","|-damage|p1a: Garchomp|286/420","|-damage|p2a: Emboar|226/361|[from] ability: Rough Skin|[of] p1a: Garchomp","|-damage|p2a: Emboar|166/361|[from] item: Rocky Helmet|[of] p1a: Garchomp","|-damage|p2a: Emboar|130/361|[from] recoil|[of] p1a: Garchomp","|","|turn|7","|","|switch|p2a: Latias|Latias, F|319/319","|move|p1a: Garchomp|Stealth Rock|p2a: Latias","|-sidestart|p2: Bumbersnuffle|move: Stealth Rock","|","|turn|8","|","|switch|p1a: Tyranitar|Tyranitar, F|341/341","|-damage|p1a: Tyranitar|299/341|[from] Stealth Rock","|-activate|p1a: Tyranitar|move: Sticky Web","|-unboost|p1a: Tyranitar|spe|1","|-weather|Sandstorm","|move|p2a: Latias|Draco Meteor|p1a: Tyranitar","|-damage|p1a: Tyranitar|142/341","|-unboost|p2a: Latias|spa|2","|-damage|p2a: Latias|288/319|[from] item: Life Orb","|","|-weather|Sandstorm|[upkeep]","|-damage|p2a: Latias|269/319|[from] sandstorm","|turn|9","|","|move|p2a: Latias|Psyshock|p1a: Tyranitar","|-immune|p1a: Tyranitar|[msg]","|move|p1a: Tyranitar|Crunch|p2a: Latias","|-supereffective|p2a: Latias","|-damage|p2a: Latias|0 fnt","|faint|p2a: Latias","|","|-weather|Sandstorm|[upkeep]","|","|switch|p2a: Rotom-Wash|Rotom-Wash, shiny|303/303","|-damage|p2a: Rotom-Wash|266/303|[from] Stealth Rock","|turn|10","|","|move|p1a: Tyranitar|Crunch|p2a: Rotom-Wash","|-damage|p2a: Rotom-Wash|136/303","|-unboost|p2a: Rotom-Wash|def|1","|move|p2a: Rotom-Wash|Hydro Pump|p1a: Tyranitar|[miss]","|-miss|p2a: Rotom-Wash|p1a: Tyranitar","|","|-weather|Sandstorm|[upkeep]","|-damage|p2a: Rotom-Wash|118/303|[from] sandstorm","|-heal|p2a: Rotom-Wash|136/303|[from] item: Leftovers","|turn|11","|","|switch|p2a: Aggron|Aggron, F|344/344","|-damage|p2a: Aggron|323/344|[from] Stealth Rock","|-damage|p2a: Aggron|237/344|[from] Spikes","|move|p1a: Tyranitar|Crunch|p2a: Aggron","|-damage|p2a: Aggron|153/344","|","|-weather|Sandstorm|[upkeep]","|turn|12","|","|switch|p1a: Garchomp|Garchomp, F|286/420","|-damage|p1a: Garchomp|260/420|[from] Stealth Rock","|-activate|p1a: Garchomp|move: Sticky Web","|-unboost|p1a: Garchomp|spe|1","|detailschange|p2a: Aggron|Aggron-Mega, F","|-mega|p2a: Aggron|Aggron|Aggronite","|move|p2a: Aggron|Earthquake|p1a: Garchomp","|-damage|p1a: Garchomp|174/420","|","|-weather|none","|turn|13","|","|move|p1a: Garchomp|Earthquake|p2a: Aggron","|-supereffective|p2a: Aggron","|-damage|p2a: Aggron|53/344","|move|p2a: Aggron|Roar|p1a: Garchomp","|drag|p1a: Ferrothorn|Ferrothorn, M|330/352","|-damage|p1a: Ferrothorn|308/352|[from] Stealth Rock","|-activate|p1a: Ferrothorn|move: Sticky Web","|-unboost|p1a: Ferrothorn|spe|1","|","|-heal|p1a: Ferrothorn|330/352|[from] item: Leftovers","|turn|14","|","|switch|p2a: Sylveon|Sylveon, F|393/393","|-damage|p2a: Sylveon|295/393|[from] Spikes","|-damage|p2a: Sylveon|246/393|[from] Stealth Rock","|move|p1a: Ferrothorn|Leech Seed|p2a: Sylveon","|-start|p2a: Sylveon|move: Leech Seed","|","|-heal|p2a: Sylveon|270/393|[from] item: Leftovers","|-heal|p1a: Ferrothorn|352/352|[from] item: Leftovers","|-damage|p2a: Sylveon|221/393|[from] Leech Seed|[of] p1a: Ferrothorn","|turn|15","|","|move|p2a: Sylveon|Substitute|p2a: Sylveon","|-start|p2a: Sylveon|Substitute","|-damage|p2a: Sylveon|123/393","|move|p1a: Ferrothorn|Gyro Ball|p2a: Sylveon","|-supereffective|p2a: Sylveon","|-end|p2a: Sylveon|Substitute","|","|-heal|p2a: Sylveon|147/393|[from] item: Leftovers","|-damage|p2a: Sylveon|98/393|[from] Leech Seed|[of] p1a: Ferrothorn","|turn|16","|","|switch|p2a: Rotom-Wash|Rotom-Wash, shiny|136/303","|-damage|p2a: Rotom-Wash|99/303|[from] Stealth Rock","|move|p1a: Ferrothorn|Gyro Ball|p2a: Rotom-Wash","|-resisted|p2a: Rotom-Wash","|-damage|p2a: Rotom-Wash|63/303","|","|-heal|p2a: Rotom-Wash|81/303|[from] item: Leftovers","|turn|17","|","|move|p2a: Rotom-Wash|Will-O-Wisp|p1a: Ferrothorn","|-status|p1a: Ferrothorn|brn","|move|p1a: Ferrothorn|Leech Seed|p2a: Rotom-Wash","|-start|p2a: Rotom-Wash|move: Leech Seed","|","|-heal|p2a: Rotom-Wash|99/303|[from] item: Leftovers","|-damage|p2a: Rotom-Wash|62/303|[from] Leech Seed|[of] p1a: Ferrothorn","|-damage|p1a: Ferrothorn|308/352 brn|[from] brn","|turn|18","|","|switch|p1a: Tyranitar|Tyranitar, F|142/341","|-activate|p1a: Tyranitar|move: Sticky Web","|-unboost|p1a: Tyranitar|spe|1","|-damage|p1a: Tyranitar|100/341|[from] Stealth Rock","|-weather|Sandstorm","|move|p2a: Rotom-Wash|Volt Switch|p1a: Tyranitar","|-crit|p1a: Tyranitar","|-damage|p1a: Tyranitar|21/341","|","|switch|p2a: Shuckle|Shuckle, F|94/244","|-damage|p2a: Shuckle|33/244|[from] Stealth Rock","|-damage|p2a: Shuckle|0 fnt|[from] Spikes","|faint|p2a: Shuckle","|","|-weather|Sandstorm|[upkeep]","|","|switch|p2a: Rotom-Wash|Rotom-Wash, shiny|62/303","|-damage|p2a: Rotom-Wash|25/303|[from] Stealth Rock","|turn|19","|","|move|p1a: Tyranitar|Crunch|p2a: Rotom-Wash","|-damage|p2a: Rotom-Wash|0 fnt","|faint|p2a: Rotom-Wash","|","|-weather|Sandstorm|[upkeep]","|","|switch|p2a: Emboar|Emboar, F|130/361","|-damage|p2a: Emboar|85/361|[from] Stealth Rock","|-damage|p2a: Emboar|0 fnt|[from] Spikes","|faint|p2a: Emboar","|","|switch|p2a: Sylveon|Sylveon, F|98/393","|-damage|p2a: Sylveon|0 fnt|[from] Spikes","|faint|p2a: Sylveon","|","|switch|p2a: Aggron|Aggron-Mega, F|53/344","|-damage|p2a: Aggron|0 fnt|[from] Spikes","|faint|p2a: Aggron","|","|win|TRASCENDENT CURT"],"p1rating":{"entryid":"7077340","serverid":"eos","formatid":"ou","userid":"trascendentcurt","username":"TRASCENDENT CURT","w":19,"l":"0","t":"0","gxe":80.4,"r":"1761.4659090165","rd":"80.130815339453","sigma":"0","rptime":"1438592400","rpr":1772.68710714,"rprd":78.144379771619,"rpsigma":"0","acre":1314.6550221763,"lacre":1314.6550221763,"oldacre":"1307.5626190862"},"p2rating":{"entryid":"7299385","serverid":"eos","formatid":"ou","userid":"bumbersnuffle","username":"Bumbersnuffle","w":"1","l":1,"t":"0","gxe":52.8,"r":"1540.1606143388","rd":"123.22070420879","sigma":"0","rptime":"1438592400","rpr":1522.5252373402,"rprd":118.43218532533,"rpsigma":"0","acre":1035.2364472592,"lacre":1035.2364472592,"oldacre":"1040.9615156559"},"endType":"normal"}