{"seed":[10078,532,24718,63586],"turns":22,"p1":"TRASCENDENT CURT","p2":"DpxYT","p1team":[{"name":"Metagross","species":"Metagross","item":"metagrossite","ability":"Clear Body","moves":["thunderpunch","icepunch","hammerarm","meteormash"],"nature":"Jolly","evs":{"hp":0,"atk":252,"def":0,"spa":0,"spd":4,"spe":252},"ivs":{"hp":31,"atk":31,"def":31,"spa":31,"spd":31,"spe":31}},{"name":"Manaphy","species":"Manaphy","item":"leftovers","ability":"Hydration","moves":["tailglow","icebeam","hiddenpowerfire","scald"],"nature":"Timid","evs":{"hp":64,"atk":0,"def":0,"spa":252,"spd":0,"spe":192},"ivs":{"hp":31,"atk":30,"def":31,"spa":30,"spd":31,"spe":30}},{"name":"Ferrothorn","species":"Ferrothorn","item":"leftovers","ability":"Iron Barbs","moves":["leechseed","spikes","protect","gyroball"],"nature":"Relaxed","evs":{"hp":252,"atk":0,"def":88,"spa":0,"spd":168,"spe":0},"gender":"M","ivs":{"hp":31,"atk":31,"def":31,"spa":31,"spd":31,"spe":0}},{"name":"Tyranitar","species":"Tyranitar","item":"choicescarf","ability":"Sand Stream","moves":["stoneedge","pursuit","crunch","superpower"],"nature":"Jolly","evs":{"hp":0,"atk":252,"def":0,"spa":0,"spd":4,"spe":252},"ivs":{"hp":31,"atk":31,"def":31,"spa":31,"spd":31,"spe":31}},{"name":"Tornadus-Therian","species":"Tornadus-Therian","item":"assaultvest","ability":"Regenerator","moves":["uturn","knockoff","hurricane","heatwave"],"nature":"Timid","evs":{"hp":136,"atk":0,"def":0,"spa":120,"spd":0,"spe":252},"ivs":{"hp":31,"atk":31,"def":31,"spa":31,"spd":31,"spe":31}},{"name":"Garchomp","species":"Garchomp","item":"rockyhelmet","ability":"Rough Skin","moves":["toxic","earthquake","dragontail","stealthrock"],"nature":"Impish","evs":{"hp":252,"atk":0,"def":148,"spa":0,"spd":0,"spe":108},"gender":"F","ivs":{"hp":31,"atk":31,"def":31,"spa":31,"spd":31,"spe":31}}],"p2team":[{"name":"Weavile","species":"Weavile","item":"kingsrock","ability":"Pickpocket","moves":["fakeout","fling","iciclecrash","nightslash"],"nature":"Jolly","evs":{"hp":0,"atk":252,"def":0,"spa":0,"spd":4,"spe":252},"ivs":{"hp":31,"atk":31,"def":31,"spa":31,"spd":31,"spe":31}},{"name":"Audino","species":"Audino","item":"audinite","ability":"Regenerator","moves":["toxic","substitute","drainingkiss","protect"],"nature":"Calm","evs":{"hp":248,"atk":0,"def":0,"spa":8,"spd":252,"spe":0},"ivs":{"hp":31,"atk":31,"def":31,"spa":31,"spd":31,"spe":31}},{"name":"Cinccino","species":"Cinccino","item":"focussash","ability":"Technician","moves":["bulletseed","tailslap","workup","protect"],"nature":"Jolly","evs":{"hp":0,"atk":252,"def":0,"spa":0,"spd":4,"spe":252},"ivs":{"hp":31,"atk":31,"def":31,"spa":31,"spd":31,"spe":31}},{"name":"Heliolisk","species":"Heliolisk","item":"choicescarf","ability":"Dry Skin","moves":["surf","hiddenpowerice","focusblast","thunderbolt"],"nature":"Timid","evs":{"hp":0,"atk":0,"def":0,"spa":252,"spd":4,"spe":252},"ivs":{"hp":31,"atk":30,"def":30,"spa":31,"spd":31,"spe":31}},{"name":"Vaporeon","species":"Vaporeon","item":"leftovers","ability":"Water Absorb","moves":["substitute","batonpass","scald","aquaring"],"nature":"Bold","evs":{"hp":248,"atk":0,"def":252,"spa":0,"spd":8,"spe":0},"ivs":{"hp":31,"atk":31,"def":31,"spa":31,"spd":31,"spe":31}},{"name":"Talonflame","species":"Talonflame","item":"sharpbeak","ability":"Gale Wings","moves":["bravebird","flareblitz","roost","uturn"],"nature":"Jolly","evs":{"hp":0,"atk":252,"def":0,"spa":0,"spd":4,"spe":252},"ivs":{"hp":31,"atk":31,"def":31,"spa":31,"spd":31,"spe":31}}],"log":["|player|p1|TRASCENDENT CURT|162","|player|p2|DpxYT|80","|gametype|singles","|gen|6","|tier|OU","|rated","|clearpoke","|poke|p1|Metagross","|poke|p1|Manaphy","|poke|p1|Ferrothorn, M","|poke|p1|Tyranitar, M","|poke|p1|Tornadus-Therian, M","|poke|p1|Garchomp, F","|poke|p2|Weavile, F","|poke|p2|Audino, F","|poke|p2|Cinccino, F","|poke|p2|Heliolisk, M","|poke|p2|Vaporeon, M","|poke|p2|Talonflame, F","|rule|Swagger Clause: Swagger is banned","|rule|Baton Pass Clause: Limit one Baton Passer, can't pass Spe and other stats simultaneously","|rule|Sleep Clause Mod: Limit one foe put to sleep","|rule|Species Clause: Limit one of each Pokémon","|rule|OHKO Clause: OHKO moves are banned","|rule|Moody Clause: Moody is banned","|rule|Evasion Moves Clause: Evasion moves are banned","|rule|Endless Battle Clause: Forcing endless battles is banned","|rule|HP Percentage Mod: HP is shown in percentages","|teampreview","|","|start","|switch|p1a: Garchomp|Garchomp, F|420/420","|switch|p2a: Vaporeon|Vaporeon, M|463/463","|turn|1","|","|move|p1a: Garchomp|Stealth Rock|p2a: Vaporeon","|-sidestart|p2: DpxYT|move: Stealth Rock","|move|p2a: Vaporeon|Aqua Ring|p2a: Vaporeon","|-start|p2a: Vaporeon|Aqua Ring","|","|turn|2","|","|move|p1a: Garchomp|Toxic|p2a: Vaporeon","|-status|p2a: Vaporeon|tox","|move|p2a: Vaporeon|Substitute|p2a: Vaporeon","|-start|p2a: Vaporeon|Substitute","|-damage|p2a: Vaporeon|348/463 tox","|","|-heal|p2a: Vaporeon|376/463 tox|[from] item: Leftovers","|-heal|p2a: Vaporeon|404/463 tox|[from] Aqua Ring","|-damage|p2a: Vaporeon|376/463 tox|[from] psn","|turn|3","|","|switch|p2a: Audino|Audino, F|409/409","|-damage|p2a: Audino|358/409|[from] Stealth Rock","|move|p1a: Garchomp|Earthquake|p2a: Audino","|-damage|p2a: Audino|192/409","|","|turn|4","|","|detailschange|p2a: Audino|Audino-Mega, F","|-mega|p2a: Audino|Audino|Audinite","|move|p1a: Garchomp|Earthquake|p2a: Audino","|-damage|p2a: Audino|65/409","|move|p2a: Audino|Draining Kiss|p1a: Garchomp","|-supereffective|p1a: Garchomp","|-damage|p1a: Garchomp|300/420","|-heal|p2a: Audino|155/409|[from] drain|[of] p1a: Garchomp","|-damage|p2a: Audino|104/409|[from] ability: Rough Skin|[of] p1a: Garchomp","|-damage|p2a: Audino|36/409|[from] item: Rocky Helmet|[of] p1a: Garchomp","|","|turn|5","|","|move|p2a: Audino|Protect|p2a: Audino","|-singleturn|p2a: Audino|Protect","|move|p1a: Garchomp|Earthquake|p2a: Audino","|-activate|p2a: Audino|Protect","|","|turn|6","|","|move|p1a: Garchomp|Earthquake|p2a: Audino","|-damage|p2a: Audino|0 fnt","|faint|p2a: Audino","|","|","|switch|p2a: Weavile|Weavile, F|281/281","|-damage|p2a: Weavile|211/281|[from] Stealth Rock","|turn|7","|","|switch|p1a: Ferrothorn|Ferrothorn, M|352/352","|move|p2a: Weavile|Icicle Crash|p1a: Ferrothorn","|-damage|p1a: Ferrothorn|252/352","|","|-heal|p1a: Ferrothorn|274/352|[from] item: Leftovers","|turn|8","|","|switch|p2a: Talonflame|Talonflame, F|297/297","|-damage|p2a: Talonflame|149/297|[from] Stealth Rock","|move|p1a: Ferrothorn|Gyro Ball|p2a: Talonflame","|-resisted|p2a: Talonflame","|-damage|p2a: Talonflame|41/297","|","|-heal|p1a: Ferrothorn|296/352|[from] item: Leftovers","|turn|9","|","|switch|p1a: Tyranitar|Tyranitar, M|341/341","|-weather|Sandstorm","|move|p2a: Talonflame|Flare Blitz|p1a: Tyranitar","|-resisted|p1a: Tyranitar","|-damage|p1a: Tyranitar|263/341","|-damage|p2a: Talonflame|15/297|[from] recoil|[of] p1a: Tyranitar","|","|-weather|Sandstorm|[upkeep]","|-damage|p2a: Talonflame|0 fnt|[from] sandstorm","|faint|p2a: Talonflame","|","|switch|p2a: Cinccino|Cinccino, F|291/291","|-damage|p2a: Cinccino|255/291|[from] Stealth Rock","|turn|10","|","|move|p1a: Tyranitar|Superpower|p2a: Cinccino","|-supereffective|p2a: Cinccino","|-damage|p2a: Cinccino|0 fnt","|-unboost|p1a: Tyranitar|atk|1","|-unboost|p1a: Tyranitar|def|1","|faint|p2a: Cinccino","|","|-weather|Sandstorm|[upkeep]","|","|switch|p2a: Vaporeon|Vaporeon, M|376/463 tox","|-damage|p2a: Vaporeon|319/463 tox|[from] Stealth Rock","|turn|11","|","|switch|p1a: Ferrothorn|Ferrothorn, M|296/352","|move|p2a: Vaporeon|Aqua Ring|p2a: Vaporeon","|-start|p2a: Vaporeon|Aqua Ring","|","|-weather|Sandstorm|[upkeep]","|-damage|p2a: Vaporeon|291/463 tox|[from] sandstorm","|-heal|p2a: Vaporeon|319/463 tox|[from] item: Leftovers","|-heal|p1a: Ferrothorn|318/352|[from] item: Leftovers","|-heal|p2a: Vaporeon|347/463 tox|[from] Aqua Ring","|-damage|p2a: Vaporeon|319/463 tox|[from] psn","|turn|12","|","|move|p2a: Vaporeon|Baton Pass|p2a: Vaporeon","|","|switch|p2a: Heliolisk|Heliolisk, M|265/265","|-damage|p2a: Heliolisk|232/265|[from] Stealth Rock","|move|p1a: Ferrothorn|Spikes|p2a: Heliolisk","|-sidestart|p2: DpxYT|Spikes","|","|-weather|Sandstorm|[upkeep]","|-damage|p2a: Heliolisk|216/265|[from] sandstorm","|-heal|p1a: Ferrothorn|340/352|[from] item: Leftovers","|-heal|p2a: Heliolisk|232/265|[from] Aqua Ring","|turn|13","|","|move|p2a: Heliolisk|Focus Blast|p1a: Ferrothorn","|-supereffective|p1a: Ferrothorn","|-damage|p1a: Ferrothorn|154/352","|move|p1a: Ferrothorn|Leech Seed|p2a: Heliolisk","|-start|p2a: Heliolisk|move: Leech Seed","|","|-weather|none","|-heal|p1a: Ferrothorn|176/352|[from] item: Leftovers","|-heal|p2a: Heliolisk|248/265|[from] Aqua Ring","|-damage|p2a: Heliolisk|215/265|[from] Leech Seed|[of] p1a: Ferrothorn","|-heal|p1a: Ferrothorn|209/352|[silent]","|turn|14","|","|move|p2a: Heliolisk|Focus Blast|p1a: Ferrothorn|[miss]","|-miss|p2a: Heliolisk|p1a: Ferrothorn","|move|p1a: Ferrothorn|Gyro Ball|p2a: Heliolisk","|-resisted|p2a: Heliolisk","|-damage|p2a: Heliolisk|76/265","|","|-heal|p1a: Ferrothorn|231/352|[from] item: Leftovers","|-heal|p2a: Heliolisk|92/265|[from] Aqua Ring","|-damage|p2a: Heliolisk|59/265|[from] Leech Seed|[of] p1a: Ferrothorn","|-heal|p1a: Ferrothorn|264/352|[silent]","|turn|15","|","|move|p2a: Heliolisk|Focus Blast|p1a: Ferrothorn","|-supereffective|p1a: Ferrothorn","|-damage|p1a: Ferrothorn|86/352","|move|p1a: Ferrothorn|Gyro Ball|p2a: Heliolisk","|-resisted|p2a: Heliolisk","|-damage|p2a: Heliolisk|0 fnt","|faint|p2a: Heliolisk","|","|-heal|p1a: Ferrothorn|108/352|[from] item: Leftovers","|","|switch|p2a: Weavile|Weavile, F|211/281","|-damage|p2a: Weavile|141/281|[from] Stealth Rock","|-damage|p2a: Weavile|106/281|[from] Spikes","|turn|16","|","|move|p2a: Weavile|Fling|p1a: Ferrothorn","|-enditem|p2a: Weavile|King's Rock|[from] move: Fling","|-damage|p1a: Ferrothorn|74/352","|cant|p1a: Ferrothorn|flinch","|","|-heal|p1a: Ferrothorn|96/352|[from] item: Leftovers","|turn|17","|","|move|p2a: Weavile|Icicle Crash|p1a: Ferrothorn","|-damage|p1a: Ferrothorn|0 fnt","|faint|p1a: Ferrothorn","|","|","|switch|p1a: Manaphy|Manaphy|357/357","|turn|18","|","|move|p2a: Weavile|Night Slash|p1a: Manaphy","|-damage|p1a: Manaphy|234/357","|move|p1a: Manaphy|Scald|p2a: Weavile","|-damage|p2a: Weavile|0 fnt","|faint|p2a: Weavile","|","|-heal|p1a: Manaphy|256/357|[from] item: Leftovers","|","|switch|p2a: Vaporeon|Vaporeon, M|319/463 tox","|-damage|p2a: Vaporeon|262/463 tox|[from] Stealth Rock","|-damage|p2a: Vaporeon|205/463 tox|[from] Spikes","|turn|19","|","|switch|p1a: Tornadus-Therian|Tornadus-Therian, M|333/333","|move|p2a: Vaporeon|Aqua Ring|p2a: Vaporeon","|-start|p2a: Vaporeon|Aqua Ring","|","|-heal|p2a: Vaporeon|233/463 tox|[from] item: Leftovers","|-heal|p2a: Vaporeon|261/463 tox|[from] Aqua Ring","|-damage|p2a: Vaporeon|233/463 tox|[from] psn","|turn|20","|","|move|p1a: Tornadus-Therian|Knock Off|p2a: Vaporeon","|-crit|p2a: Vaporeon","|-damage|p2a: Vaporeon|124/463 tox","|-enditem|p2a: Vaporeon|Leftovers|[from] move: Knock Off|[of] p1a: Tornadus-Therian","|move|p2a: Vaporeon|Scald|p1a: Tornadus-Therian","|-damage|p1a: Tornadus-Therian|252/333","|","|-heal|p2a: Vaporeon|152/463 tox|[from] Aqua Ring","|-damage|p2a: Vaporeon|96/463 tox|[from] psn","|turn|21","|","|move|p1a: Tornadus-Therian|Hurricane|p2a: Vaporeon|[miss]","|-miss|p1a: Tornadus-Therian|p2a: Vaporeon","|move|p2a: Vaporeon|Scald|p1a: Tornadus-Therian","|-damage|p1a: Tornadus-Therian|180/333","|","|-heal|p2a: Vaporeon|124/463 tox|[from] Aqua Ring","|-damage|p2a: Vaporeon|40/463 tox|[from] psn","|turn|22","|","|move|p1a: Tornadus-Therian|Hurricane|p2a: Vaporeon","|-damage|p2a: Vaporeon|0 fnt","|faint|p2a: Vaporeon","|","|win|TRASCENDENT CURT"],"p1rating":{"entryid":"7077340","serverid":"eos","formatid":"ou","userid":"trascendentcurt","username":"TRASCENDENT CURT","w":18,"l":"0","t":"0","gxe":79.8,"r":"1761.4659090165","rd":"80.130815339453","sigma":"0","rptime":"1438592400","rpr":1765.1455834041,"rprd":79.402946191455,"rpsigma":"0","acre":1307.5626190862,"lacre":1307.5626190862,"oldacre":"1300.254527878"},"p2rating":{"entryid":"7229840","serverid":"eos","formatid":"ou","userid":"dpxyt","username":"DpxYT","w":"1","l":7,"t":"0","gxe":33.8,"r":"1373.9442329402","rd":"97.676662805358","sigma":"0","rptime":"1438592400","rpr":1368.5971104323,"rprd":96.36129303526,"rpsigma":"0","acre":1034.1535270334,"lacre":1034.1535270334,"oldacre":"1040"},"endType":"normal"}