{"seed":[62007,18188,33557,37316],"turns":23,"p1":"vegetalueth","p2":"Rain ⚜ Aurem","p1team":[{"name":"Dodrio","moves":["return","bravebird","knockoff","quickattack"],"ability":"Early Bird","evs":{"hp":85,"atk":85,"def":85,"spa":85,"spd":85,"spe":85},"ivs":{"hp":31,"atk":31,"def":31,"spa":31,"spd":31,"spe":31},"item":"Choice Band","level":83,"shiny":false},{"name":"Scrafty","moves":["rest","icepunch","highjumpkick","bulkup"],"ability":"Moxie","evs":{"hp":85,"atk":85,"def":85,"spa":85,"spd":85,"spe":85},"ivs":{"hp":31,"atk":31,"def":31,"spa":31,"spd":31,"spe":31},"item":"Chesto Berry","level":79,"shiny":false},{"name":"Scizor","moves":["swordsdance","bulletpunch","superpower","roost"],"ability":"Technician","evs":{"hp":85,"atk":85,"def":85,"spa":85,"spd":85,"spe":85},"ivs":{"hp":31,"atk":31,"def":31,"spa":31,"spd":31,"spe":31},"item":"Scizorite","level":75,"shiny":false},{"name":"Garchomp","moves":["outrage","stealthrock","fireblast","firefang"],"ability":"Rough Skin","evs":{"hp":85,"atk":85,"def":85,"spa":85,"spd":85,"spe":85},"ivs":{"hp":31,"atk":31,"def":31,"spa":31,"spd":31,"spe":31},"item":"Rocky Helmet","level":75,"shiny":false},{"name":"Abomasnow","moves":["blizzard","gigadrain","earthquake","iceshard"],"ability":"Snow Warning","evs":{"hp":85,"atk":85,"def":85,"spa":85,"spd":85,"spe":85},"ivs":{"hp":31,"atk":31,"def":31,"spa":31,"spd":31,"spe":31},"item":"Expert Belt","level":77,"shiny":false},{"name":"Tornadus-Therian","moves":["superpower","airslash","uturn","knockoff"],"ability":"Regenerator","evs":{"hp":85,"atk":85,"def":85,"spa":85,"spd":85,"spe":85},"ivs":{"hp":31,"atk":31,"def":31,"spa":31,"spd":31,"spe":31},"item":"Expert Belt","level":75,"shiny":false}],"p2team":[{"name":"Beartic","moves":["stoneedge","iciclecrash","superpower","aquajet"],"ability":"Snow Cloak","evs":{"hp":85,"atk":85,"def":85,"spa":85,"spd":85,"spe":85},"ivs":{"hp":31,"atk":31,"def":31,"spa":31,"spd":31,"spe":31},"item":"Choice Band","level":83,"shiny":false},{"name":"Alomomola","moves":["knockoff","toxic","scald","protect"],"ability":"Regenerator","evs":{"hp":85,"atk":85,"def":85,"spa":85,"spd":85,"spe":85},"ivs":{"hp":31,"atk":31,"def":31,"spa":31,"spd":31,"spe":31},"item":"Leftovers","level":79,"shiny":false},{"name":"Throh","moves":["icepunch","bulkup","stormthrow","rest"],"ability":"Mold Breaker","evs":{"hp":85,"atk":85,"def":85,"spa":85,"spd":85,"spe":85},"ivs":{"hp":31,"atk":31,"def":31,"spa":31,"spd":31,"spe":31},"item":"Chesto Berry","level":82,"shiny":false},{"name":"Audino","moves":["calmmind","dazzlinggleam","protect","hypervoice"],"ability":"Regenerator","evs":{"hp":85,"atk":85,"def":85,"spa":85,"spd":85,"spe":85},"ivs":{"hp":31,"atk":31,"def":31,"spa":31,"spd":31,"spe":31},"item":"Audinite","level":81,"shiny":false},{"name":"Beautifly","moves":["bugbuzz","quiverdance","gigadrain","aircutter"],"ability":"Swarm","evs":{"hp":85,"atk":85,"def":85,"spa":85,"spd":85,"spe":85},"ivs":{"hp":31,"atk":31,"def":31,"spa":31,"spd":31,"spe":31},"item":"Life Orb","level":83,"shiny":false},{"name":"Emolga","moves":["encore","chargebeam","batonpass","thunderbolt"],"ability":"Motor Drive","evs":{"hp":85,"atk":85,"def":85,"spa":85,"spd":85,"spe":85},"ivs":{"hp":31,"atk":31,"def":31,"spa":31,"spd":31,"spe":31},"item":"Leftovers","level":83,"shiny":false}],"log":["|player|p1|vegetalueth|169","|player|p2|Rain ⚜ Aurem|rainaurem.png","|gametype|singles","|gen|6","|tier|Random Battle","|rated","|rule|Sleep Clause Mod: Limit one foe put to sleep","|rule|HP Percentage Mod: HP is shown in percentages","|","|start","|switch|p1a: Dodrio|Dodrio, L83, F|235/235","|switch|p2a: Beartic|Beartic, L83, M|293/293","|turn|1","|","|switch|p1a: Abomasnow|Abomasnow, L77, M|265/265","|-weather|Hail","|move|p2a: Beartic|Icicle Crash|p1a: Abomasnow","|-damage|p1a: Abomasnow|79/265","|","|-weather|Hail|[upkeep]","|turn|2","|","|move|p1a: Abomasnow|Earthquake|p2a: Beartic","|-damage|p2a: Beartic|232/293","|move|p2a: Beartic|Icicle Crash|p1a: Abomasnow","|-damage|p1a: Abomasnow|0 fnt","|faint|p1a: Abomasnow","|","|-weather|Hail|[upkeep]","|","|switch|p1a: Scrafty|Scrafty, L79, M|232/232","|turn|3","|","|move|p1a: Scrafty|High Jump Kick|p2a: Beartic","|-supereffective|p2a: Beartic","|-damage|p2a: Beartic|0 fnt","|faint|p2a: Beartic","|-boost|p1a: Scrafty|atk|1|[from] ability: Moxie","|","|-weather|Hail|[upkeep]","|-damage|p1a: Scrafty|218/232|[from] hail","|","|switch|p2a: Emolga|Emolga, L83, M|227/227","|turn|4","|","|move|p2a: Emolga|Encore|p1a: Scrafty","|-start|p1a: Scrafty|Encore","|move|p1a: Scrafty|High Jump Kick|p2a: Emolga|[miss]","|-miss|p1a: Scrafty|p2a: Emolga","|-damage|p1a: Scrafty|102/232|[from] highjumpkick","|","|-weather|Hail|[upkeep]","|-damage|p2a: Emolga|213/227|[from] hail","|-damage|p1a: Scrafty|88/232|[from] hail","|-heal|p2a: Emolga|227/227|[from] item: Leftovers","|turn|5","|","|move|p2a: Emolga|Charge Beam|p1a: Scrafty|[miss]","|-miss|p2a: Emolga|p1a: Scrafty","|move|p1a: Scrafty|High Jump Kick|p2a: Emolga","|-crit|p2a: Emolga","|-resisted|p2a: Emolga","|-damage|p2a: Emolga|63/227","|","|-weather|none","|-heal|p2a: Emolga|77/227|[from] item: Leftovers","|turn|6","|","|move|p2a: Emolga|Thunderbolt|p1a: Scrafty","|-damage|p1a: Scrafty|22/232","|move|p1a: Scrafty|High Jump Kick|p2a: Emolga","|-resisted|p2a: Emolga","|-damage|p2a: Emolga|0 fnt","|faint|p2a: Emolga","|-boost|p1a: Scrafty|atk|1|[from] ability: Moxie","|","|-end|p1a: Scrafty|Encore","|","|switch|p2a: Beautifly|Beautifly, L83, M|235/235","|turn|7","|","|move|p2a: Beautifly|Bug Buzz|p1a: Scrafty","|-damage|p1a: Scrafty|0 fnt","|-damage|p2a: Beautifly|212/235|[from] item: Life Orb","|faint|p1a: Scrafty","|","|","|switch|p1a: Tornadus-Therian|Tornadus-Therian, L75, M|242/242","|turn|8","|","|switch|p2a: Audino|Audino, L81, M|299/299","|move|p1a: Tornadus-Therian|Air Slash|p2a: Audino","|-damage|p2a: Audino|229/299","|","|turn|9","|","|move|p1a: Tornadus-Therian|Superpower|p2a: Audino","|-supereffective|p2a: Audino","|-damage|p2a: Audino|54/299","|-unboost|p1a: Tornadus-Therian|atk|1","|-unboost|p1a: Tornadus-Therian|def|1","|move|p2a: Audino|Hyper Voice|p1a: Tornadus-Therian","|-damage|p1a: Tornadus-Therian|169/242","|","|turn|10","|","|switch|p2a: Beautifly|Beautifly, L83, M|212/235","|move|p1a: Tornadus-Therian|U-turn|p2a: Beautifly","|-resisted|p2a: Beautifly","|-damage|p2a: Beautifly|192/235","|","|switch|p1a: Garchomp|Garchomp, L75, M|286/286","|","|turn|11","|","|move|p1a: Garchomp|Fire Fang|p2a: Beautifly","|-supereffective|p2a: Beautifly","|-damage|p2a: Beautifly|60/235","|move|p2a: Beautifly|Quiver Dance|p2a: Beautifly","|-boost|p2a: Beautifly|spa|1","|-boost|p2a: Beautifly|spd|1","|-boost|p2a: Beautifly|spe|1","|","|turn|12","|","|move|p2a: Beautifly|Giga Drain|p1a: Garchomp","|-damage|p1a: Garchomp|169/286","|-heal|p2a: Beautifly|119/235|[from] drain|[of] p1a: Garchomp","|-damage|p2a: Beautifly|96/235|[from] item: Life Orb","|move|p1a: Garchomp|Fire Fang|p2a: Beautifly","|-supereffective|p2a: Beautifly","|-damage|p2a: Beautifly|0 fnt","|faint|p2a: Beautifly","|","|","|switch|p2a: Audino|Audino, L81, M|153/299","|turn|13","|","|move|p1a: Garchomp|Outrage|p2a: Audino","|-damage|p2a: Audino|11/299","|move|p2a: Audino|Dazzling Gleam|p1a: Garchomp","|-supereffective|p1a: Garchomp","|-damage|p1a: Garchomp|91/286","|","|turn|14","|","|detailschange|p2a: Audino|Audino-Mega, L81, M","|-mega|p2a: Audino|Audino|Audinite","|move|p1a: Garchomp|Outrage|p2a: Audino","|-immune|p2a: Audino|[msg]","|move|p2a: Audino|Dazzling Gleam|p1a: Garchomp","|-supereffective|p1a: Garchomp","|-damage|p1a: Garchomp|0 fnt","|faint|p1a: Garchomp","|","|","|switch|p1a: Scizor|Scizor, L75, M|229/229","|turn|15","|","|switch|p2a: Alomomola|Alomomola, L79, M|390/390","|move|p1a: Scizor|Bullet Punch|p2a: Alomomola","|-resisted|p2a: Alomomola","|-damage|p2a: Alomomola|353/390","|","|-heal|p2a: Alomomola|377/390|[from] item: Leftovers","|turn|16","|","|detailschange|p1a: Scizor|Scizor-Mega, L75, M","|-mega|p1a: Scizor|Scizor|Scizorite","|move|p2a: Alomomola|Scald|p1a: Scizor","|-damage|p1a: Scizor|189/229","|move|p1a: Scizor|Swords Dance|p1a: Scizor","|-boost|p1a: Scizor|atk|2","|","|-heal|p2a: Alomomola|390/390|[from] item: Leftovers","|turn|17","|","|move|p1a: Scizor|Superpower|p2a: Alomomola","|-damage|p2a: Alomomola|156/390","|-unboost|p1a: Scizor|atk|1","|-unboost|p1a: Scizor|def|1","|move|p2a: Alomomola|Scald|p1a: Scizor","|-damage|p1a: Scizor|144/229","|","|-heal|p2a: Alomomola|180/390|[from] item: Leftovers","|turn|18","|","|switch|p2a: Audino|Audino-Mega, L81, M|11/299","|move|p1a: Scizor|Superpower|p2a: Audino","|-damage|p2a: Audino|0 fnt","|-unboost|p1a: Scizor|atk|1","|-unboost|p1a: Scizor|def|1","|faint|p2a: Audino","|","|","|switch|p2a: Throh|Throh, L82, M|331/331","|-ability|p2a: Throh|Mold Breaker","|turn|19","|","|move|p1a: Scizor|Roost|p1a: Scizor","|-heal|p1a: Scizor|229/229","|move|p2a: Throh|Bulk Up|p2a: Throh","|-boost|p2a: Throh|atk|1","|-boost|p2a: Throh|def|1","|","|turn|20","|","|move|p1a: Scizor|Swords Dance|p1a: Scizor","|-boost|p1a: Scizor|atk|2","|move|p2a: Throh|Ice Punch|p1a: Scizor","|-resisted|p1a: Scizor","|-damage|p1a: Scizor|171/229","|","|turn|21","|","|move|p1a: Scizor|Bullet Punch|p2a: Throh","|-damage|p2a: Throh|234/331","|move|p2a: Throh|Storm Throw|p1a: Scizor","|-crit|p1a: Scizor","|-damage|p1a: Scizor|0 fnt","|faint|p1a: Scizor","|","|","|switch|p1a: Dodrio|Dodrio, L83, F|235/235","|turn|22","|","|move|p1a: Dodrio|Brave Bird|p2a: Throh","|-supereffective|p2a: Throh","|-damage|p2a: Throh|0 fnt","|-damage|p1a: Dodrio|158/235|[from] recoil|[of] p2a: Throh","|faint|p2a: Throh","|","|","|switch|p2a: Alomomola|Alomomola, L79, M|310/390","|turn|23","|","|move|p1a: Dodrio|Brave Bird|p2a: Alomomola","|-crit|p2a: Alomomola","|-damage|p2a: Alomomola|0 fnt","|-damage|p1a: Dodrio|56/235|[from] recoil|[of] p2a: Alomomola","|faint|p2a: Alomomola","|","|win|vegetalueth"],"p1rating":{"entryid":"6961321","serverid":"eos","formatid":"randombattle","userid":"vegetalueth","username":"vegetalueth","w":2,"l":"0","t":"0","gxe":61.6,"r":"1540.1606143388","rd":"125.37308498581","sigma":"0","rptime":"1438333200","rpr":1594.2263603109,"rprd":118.94717060223,"rpsigma":"0","acre":1090.8099177206,"lacre":1090.8099177206,"oldacre":"1044.584930701"},"p2rating":{"entryid":"6444477","serverid":"eos","formatid":"randombattle","userid":"rainaurem","username":"Rain ☆ Aurem","w":"34","l":13,"t":"0","gxe":68.3,"r":"1668.374707074","rd":"55.6473779482","sigma":"0","rptime":"1438333200","rpr":1646.4856193791,"rprd":54.624960164524,"rpsigma":"0","acre":1151.9968818478,"lacre":1151.9968818478,"oldacre":"1186.687553144"},"endType":"normal"}