{"seed":[64712,25578,2085,29921],"turns":32,"p1":"Emg GL Linket","p2":"Fairy Fee","p1team":[{"name":"Chesnaught","moves":["synthesis","drainpunch","spikyshield","leechseed"],"ability":"Bulletproof","evs":{"hp":85,"atk":85,"def":85,"spa":85,"spd":85,"spe":85},"ivs":{"hp":31,"atk":31,"def":31,"spa":31,"spd":31,"spe":31},"item":"Leftovers","level":77,"shiny":false},{"name":"Serperior","moves":["substitute","leechseed","glare","leafstorm"],"ability":"Contrary","evs":{"hp":85,"atk":85,"def":85,"spa":85,"spd":85,"spe":85},"ivs":{"hp":31,"atk":31,"def":31,"spa":31,"spd":31,"spe":31},"item":"Leftovers","level":75,"shiny":false},{"name":"Carbink","moves":["explosion","reflect","lightscreen","powergem"],"ability":"Sturdy","evs":{"hp":85,"atk":85,"def":85,"spa":85,"spd":85,"spe":85},"ivs":{"hp":31,"atk":31,"def":31,"spa":31,"spd":31,"spe":31},"item":"Light Clay","level":83,"shiny":true},{"name":"Lumineon","moves":["scald","defog","uturn","toxic"],"ability":"Storm Drain","evs":{"hp":85,"atk":85,"def":85,"spa":85,"spd":85,"spe":85},"ivs":{"hp":31,"atk":31,"def":31,"spa":31,"spd":31,"spe":31},"item":"Leftovers","level":83,"shiny":false},{"name":"Accelgor","moves":["gigadrain","encore","yawn","bugbuzz"],"ability":"Hydration","evs":{"hp":81,"atk":85,"def":85,"spa":89,"spd":85,"spe":85},"ivs":{"hp":31,"atk":31,"def":31,"spa":31,"spd":31,"spe":31},"item":"Leftovers","level":79,"shiny":false},{"name":"Gardevoir","moves":["willowisp","taunt","focusblast","hypervoice"],"ability":"Trace","evs":{"hp":85,"atk":85,"def":85,"spa":85,"spd":85,"spe":85},"ivs":{"hp":31,"atk":31,"def":31,"spa":31,"spd":31,"spe":31},"item":"Gardevoirite","level":75,"shiny":false}],"p2team":[{"name":"Archeops","moves":["stoneedge","earthquake","pluck","uturn"],"ability":"Defeatist","evs":{"hp":85,"atk":85,"def":85,"spa":85,"spd":85,"spe":85},"ivs":{"hp":31,"atk":31,"def":31,"spa":31,"spd":31,"spe":31},"item":"Choice Band","level":81,"shiny":false},{"name":"Landorus-Therian","moves":["rockpolish","earthquake","superpower","swordsdance"],"ability":"Intimidate","evs":{"hp":85,"atk":85,"def":85,"spa":85,"spd":85,"spe":85},"ivs":{"hp":31,"atk":31,"def":31,"spa":31,"spd":31,"spe":31},"item":"Leftovers","level":75,"shiny":false},{"name":"Masquerain","moves":["bugbuzz","stickyweb","airslash","quiverdance"],"ability":"Intimidate","evs":{"hp":81,"atk":85,"def":85,"spa":89,"spd":85,"spe":85},"ivs":{"hp":31,"atk":31,"def":31,"spa":31,"spd":31,"spe":31},"item":"Leftovers","level":83,"shiny":false},{"name":"Throh","moves":["icepunch","knockoff","stormthrow","rest"],"ability":"Mold Breaker","evs":{"hp":85,"atk":85,"def":85,"spa":85,"spd":85,"spe":85},"ivs":{"hp":31,"atk":31,"def":31,"spa":31,"spd":31,"spe":31},"item":"Chesto Berry","level":82,"shiny":false},{"name":"Drifblim","moves":["substitute","shadowball","willowisp","acrobatics"],"ability":"Unburden","evs":{"hp":85,"atk":85,"def":85,"spa":85,"spd":85,"spe":85},"ivs":{"hp":31,"atk":31,"def":31,"spa":31,"spd":31,"spe":31},"item":"Flying Gem","level":83,"shiny":false},{"name":"Shuckle","moves":["infestation","stealthrock","stickyweb","knockoff"],"ability":"Sturdy","evs":{"hp":85,"atk":85,"def":85,"spa":85,"spd":85,"spe":85},"ivs":{"hp":31,"atk":31,"def":31,"spa":31,"spd":31,"spe":31},"item":"Leftovers","level":78,"shiny":false}],"log":["|player|p1|Emg GL Linket|265","|player|p2|Fairy Fee|62","|gametype|singles","|gen|6","|tier|Random Battle","|rated","|rule|Sleep Clause Mod: Limit one foe put to sleep","|rule|HP Percentage Mod: HP is shown in percentages","|","|start","|switch|p1a: Chesnaught|Chesnaught, L77, F|262/262","|switch|p2a: Archeops|Archeops, L81, M|254/254","|turn|1","|","|move|p1a: Chesnaught|Spiky Shield|p1a: Chesnaught","|-singleturn|p1a: Chesnaught|move: Protect","|move|p2a: Archeops|Pluck|p1a: Chesnaught","|-activate|p1a: Chesnaught|Protect","|-damage|p2a: Archeops|223/254|[from] Spiky Shield|[of] p1a: Chesnaught","|","|turn|2","|","|switch|p1a: Carbink|Carbink, L83, shiny|219/219","|move|p2a: Archeops|Pluck|p1a: Carbink","|-resisted|p1a: Carbink","|-damage|p1a: Carbink|177/219","|","|turn|3","|","|switch|p2a: Shuckle|Shuckle, L78, M|159/159","|move|p1a: Carbink|Reflect|p1a: Carbink","|-sidestart|p1: Emg GL Linket|Reflect","|","|turn|4","|","|switch|p1a: Lumineon|Lumineon, L83, M|250/250","|move|p2a: Shuckle|Infestation|p1a: Lumineon","|-damage|p1a: Lumineon|243/250","|-activate|p1a: Lumineon|move: Infestation|[of] p2a: Shuckle","|","|-heal|p1a: Lumineon|250/250|[from] item: Leftovers","|-damage|p1a: Lumineon|219/250|[from] move: Infestation|[partiallytrapped]","|turn|5","|","|move|p1a: Lumineon|Toxic|p2a: Shuckle","|-status|p2a: Shuckle|tox","|move|p2a: Shuckle|Stealth Rock|p1a: Lumineon","|-sidestart|p1: Emg GL Linket|move: Stealth Rock","|","|-heal|p1a: Lumineon|234/250|[from] item: Leftovers","|-damage|p2a: Shuckle|150/159 tox|[from] psn","|-damage|p1a: Lumineon|203/250|[from] move: Infestation|[partiallytrapped]","|turn|6","|","|move|p1a: Lumineon|Scald|p2a: Shuckle","|-supereffective|p2a: Shuckle","|-damage|p2a: Shuckle|90/159 tox","|move|p2a: Shuckle|Knock Off|p1a: Lumineon","|-damage|p1a: Lumineon|192/250","|-enditem|p1a: Lumineon|Leftovers|[from] move: Knock Off|[of] p2a: Shuckle","|","|-heal|p2a: Shuckle|99/159 tox|[from] item: Leftovers","|-damage|p2a: Shuckle|81/159 tox|[from] psn","|-damage|p1a: Lumineon|161/250|[from] move: Infestation|[partiallytrapped]","|turn|7","|","|move|p1a: Lumineon|Scald|p2a: Shuckle","|-supereffective|p2a: Shuckle","|-damage|p2a: Shuckle|19/159 tox","|move|p2a: Shuckle|Sticky Web|p1a: Lumineon","|-sidestart|p1: Emg GL Linket|move: Sticky Web","|","|-heal|p2a: Shuckle|28/159 tox|[from] item: Leftovers","|-damage|p2a: Shuckle|1/159 tox|[from] psn","|-damage|p1a: Lumineon|130/250|[from] move: Infestation|[partiallytrapped]","|turn|8","|","|move|p1a: Lumineon|Defog|p2a: Shuckle","|-unboost|p2a: Shuckle|evasion|1","|-sideend|p1: Emg GL Linket|Stealth Rock|[from] move: Defog|[of] p1a: Lumineon","|-sideend|p1: Emg GL Linket|Sticky Web|[from] move: Defog|[of] p1a: Lumineon","|move|p2a: Shuckle|Infestation|p1a: Lumineon","|-damage|p1a: Lumineon|123/250","|","|-heal|p2a: Shuckle|10/159 tox|[from] item: Leftovers","|-damage|p2a: Shuckle|0 fnt|[from] psn","|faint|p2a: Shuckle","|","|switch|p2a: Archeops|Archeops, L81, M|223/254","|turn|9","|","|move|p2a: Archeops|U-turn|p1a: Lumineon","|-damage|p1a: Lumineon|74/250","|","|switch|p2a: Throh|Throh, L82, M|331/331","|-ability|p2a: Throh|Mold Breaker","|move|p1a: Lumineon|Scald|p2a: Throh","|-damage|p2a: Throh|261/331","|","|turn|10","|","|move|p1a: Lumineon|Scald|p2a: Throh","|-damage|p2a: Throh|192/331","|move|p2a: Throh|Storm Throw|p1a: Lumineon","|-crit|p1a: Lumineon","|-damage|p1a: Lumineon|0 fnt","|faint|p1a: Lumineon","|","|-sideend|p1: Emg GL Linket|Reflect","|","|switch|p1a: Carbink|Carbink, L83, shiny|177/219","|turn|11","|","|move|p1a: Carbink|Reflect|p1a: Carbink","|-sidestart|p1: Emg GL Linket|Reflect","|move|p2a: Throh|Knock Off|p1a: Carbink","|-resisted|p1a: Carbink","|-damage|p1a: Carbink|167/219","|-enditem|p1a: Carbink|Light Clay|[from] move: Knock Off|[of] p2a: Throh","|","|turn|12","|","|switch|p2a: Drifblim|Drifblim, L83, M|385/385","|move|p1a: Carbink|Power Gem|p2a: Drifblim","|-supereffective|p2a: Drifblim","|-damage|p2a: Drifblim|229/385","|","|turn|13","|","|switch|p2a: Landorus-Therian|Landorus-Therian, L75, M|257/257","|-ability|p2a: Landorus-Therian|Intimidate","|-unboost|p1a: Carbink|atk|1","|move|p1a: Carbink|Power Gem|p2a: Landorus-Therian","|-damage|p2a: Landorus-Therian|191/257","|","|-heal|p2a: Landorus-Therian|207/257|[from] item: Leftovers","|turn|14","|","|move|p2a: Landorus-Therian|Swords Dance|p2a: Landorus-Therian","|-boost|p2a: Landorus-Therian|atk|2","|move|p1a: Carbink|Explosion|p2a: Landorus-Therian","|-crit|p2a: Landorus-Therian","|-damage|p2a: Landorus-Therian|36/257","|faint|p1a: Carbink","|","|-heal|p2a: Landorus-Therian|52/257|[from] item: Leftovers","|","|switch|p1a: Serperior|Serperior, L75, F|236/236","|turn|15","|","|move|p1a: Serperior|Leaf Storm|p2a: Landorus-Therian","|-damage|p2a: Landorus-Therian|0 fnt","|-boost|p1a: Serperior|spa|2","|faint|p2a: Landorus-Therian","|","|","|switch|p2a: Drifblim|Drifblim, L83, M|229/385","|turn|16","|","|move|p1a: Serperior|Substitute|p1a: Serperior","|-start|p1a: Serperior|Substitute","|-damage|p1a: Serperior|177/236","|move|p2a: Drifblim|Acrobatics|p1a: Serperior","|-enditem|p2a: Drifblim|Flying Gem|[from] gem|[move] Acrobatics","|-supereffective|p1a: Serperior","|-end|p1a: Serperior|Substitute","|","|-heal|p1a: Serperior|191/236|[from] item: Leftovers","|turn|17","|","|switch|p1a: Chesnaught|Chesnaught, L77, F|262/262","|move|p2a: Drifblim|Acrobatics|p1a: Chesnaught","|-supereffective|p1a: Chesnaught","|-damage|p1a: Chesnaught|100/262","|","|-heal|p1a: Chesnaught|116/262|[from] item: Leftovers","|turn|18","|","|move|p1a: Chesnaught|Spiky Shield|p1a: Chesnaught","|-singleturn|p1a: Chesnaught|move: Protect","|move|p2a: Drifblim|Substitute|p2a: Drifblim","|-start|p2a: Drifblim|Substitute","|-damage|p2a: Drifblim|133/385","|","|-heal|p1a: Chesnaught|132/262|[from] item: Leftovers","|-sideend|p1: Emg GL Linket|Reflect","|turn|19","|","|move|p2a: Drifblim|Acrobatics|p1a: Chesnaught","|-supereffective|p1a: Chesnaught","|-damage|p1a: Chesnaught|0 fnt","|faint|p1a: Chesnaught","|","|","|switch|p1a: Gardevoir|Gardevoir, L75, M|226/226","|-ability|p1a: Gardevoir|Unburden|[from] ability: Trace|[of] p2a: Drifblim","|turn|20","|","|detailschange|p1a: Gardevoir|Gardevoir-Mega, L75, M","|-mega|p1a: Gardevoir|Gardevoir|Gardevoirite","|move|p2a: Drifblim|Acrobatics|p1a: Gardevoir","|-damage|p1a: Gardevoir|84/226","|move|p1a: Gardevoir|Hyper Voice|p2a: Drifblim","|-damage|p2a: Drifblim|0 fnt","|faint|p2a: Drifblim","|","|","|switch|p2a: Archeops|Archeops, L81, M|223/254","|turn|21","|","|move|p2a: Archeops|Pluck|p1a: Gardevoir","|-damage|p1a: Gardevoir|0 fnt","|faint|p1a: Gardevoir","|","|","|switch|p1a: Accelgor|Accelgor, L79, M|255/255","|turn|22","|","|switch|p2a: Masquerain|Masquerain, L83, M|251/251","|-ability|p2a: Masquerain|Intimidate","|-unboost|p1a: Accelgor|atk|1","|move|p1a: Accelgor|Giga Drain|p2a: Masquerain","|-resisted|p2a: Masquerain","|-damage|p2a: Masquerain|239/251","|","|-heal|p2a: Masquerain|251/251|[from] item: Leftovers","|turn|23","|","|move|p1a: Accelgor|Yawn|p2a: Masquerain","|-start|p2a: Masquerain|move: Yawn|[of] p1a: Accelgor","|move|p2a: Masquerain|Air Slash|p1a: Accelgor","|-supereffective|p1a: Accelgor","|-damage|p1a: Accelgor|55/255","|","|-heal|p1a: Accelgor|70/255|[from] item: Leftovers","|turn|24","|","|switch|p2a: Throh|Throh, L82, M|192/331","|-ability|p2a: Throh|Mold Breaker","|move|p1a: Accelgor|Giga Drain|p2a: Throh","|-damage|p2a: Throh|138/331","|-heal|p1a: Accelgor|97/255|[from] drain|[of] p2a: Throh","|","|-heal|p1a: Accelgor|112/255|[from] item: Leftovers","|turn|25","|","|move|p1a: Accelgor|Yawn|p2a: Throh","|-start|p2a: Throh|move: Yawn|[of] p1a: Accelgor","|move|p2a: Throh|Knock Off|p1a: Accelgor","|-crit|p1a: Accelgor","|-damage|p1a: Accelgor|0 fnt","|-enditem|p1a: Accelgor|Leftovers|[from] move: Knock Off|[of] p2a: Throh","|faint|p1a: Accelgor","|","|","|switch|p1a: Serperior|Serperior, L75, F|191/236","|turn|26","|","|move|p1a: Serperior|Substitute|p1a: Serperior","|-start|p1a: Serperior|Substitute","|-damage|p1a: Serperior|132/236","|move|p2a: Throh|Knock Off|p1a: Serperior","|-end|p1a: Serperior|Substitute","|","|-end|p2a: Throh|move: Yawn|[silent]","|-status|p2a: Throh|slp","|-heal|p1a: Serperior|146/236|[from] item: Leftovers","|-enditem|p2a: Throh|Chesto Berry|[eat]","|-curestatus|p2a: Throh|slp","|turn|27","|","|move|p1a: Serperior|Glare|p2a: Throh","|-status|p2a: Throh|par","|move|p2a: Throh|Knock Off|p1a: Serperior","|-damage|p1a: Serperior|77/236","|-enditem|p1a: Serperior|Leftovers|[from] move: Knock Off|[of] p2a: Throh","|","|turn|28","|","|move|p1a: Serperior|Substitute|p1a: Serperior","|-start|p1a: Serperior|Substitute","|-damage|p1a: Serperior|18/236","|cant|p2a: Throh|par","|","|turn|29","|","|move|p1a: Serperior|Leaf Storm|p2a: Throh|[miss]","|-miss|p1a: Serperior|p2a: Throh","|move|p2a: Throh|Knock Off|p1a: Serperior","|-activate|p1a: Serperior|Substitute|[damage]","|","|turn|30","|","|move|p1a: Serperior|Leaf Storm|p2a: Throh","|-damage|p2a: Throh|47/331 par","|-boost|p1a: Serperior|spa|2","|move|p2a: Throh|Knock Off|p1a: Serperior","|-end|p1a: Serperior|Substitute","|","|turn|31","|","|move|p1a: Serperior|Leaf Storm|p2a: Throh","|-damage|p2a: Throh|0 fnt","|-boost|p1a: Serperior|spa|2","|faint|p2a: Throh","|","|","|switch|p2a: Archeops|Archeops, L81, M|223/254","|turn|32","|","|move|p2a: Archeops|Pluck|p1a: Serperior","|-supereffective|p1a: Serperior","|-damage|p1a: Serperior|0 fnt","|faint|p1a: Serperior","|","|win|Fairy Fee"],"p1rating":{"entryid":"7099396","serverid":"eos","formatid":"randombattle","userid":"emggllinket","username":"Emg GL Linket","w":"0","l":3,"t":"0","gxe":38.5,"r":1431.8490292454,"rd":117.8348725571,"sigma":"0","rptime":1438333200,"rpr":1407.1996722995,"rprd":112.69207050248,"rpsigma":"0","acre":1000,"lacre":1000,"oldacre":"1000"},"p2rating":{"entryid":"6818807","serverid":"eos","formatid":"randombattle","userid":"fairyfee","username":"Fairy Fee","w":3,"l":"1","t":"0","gxe":58.2,"r":"1539.0137349609","rd":"115.48098370268","sigma":"0","rptime":"1438333200","rpr":1565.3301451387,"rprd":110.50157789517,"rpsigma":"0","acre":1078.8609557064,"lacre":1078.8609557064,"oldacre":"1051.289155302"},"endType":"normal"}