{"seed":[12001,23816,34074,48842],"turns":24,"p1":"Wbtbwb18","p2":"ishdeep gamora","p1team":[{"name":"Ariados","moves":["stickyweb","toxicspikes","megahorn","suckerpunch"],"ability":"Swarm","evs":{"hp":81,"atk":89,"def":85,"spa":85,"spd":85,"spe":85},"ivs":{"hp":31,"atk":31,"def":31,"spa":31,"spd":31,"spe":31},"item":"Focus Sash","level":83,"shiny":false},{"name":"Metagross","moves":["agility","hammerarm","zenheadbutt","icepunch"],"ability":"Clear Body","evs":{"hp":85,"atk":85,"def":85,"spa":85,"spd":85,"spe":85},"ivs":{"hp":31,"atk":31,"def":31,"spa":31,"spd":31,"spe":31},"item":"Metagrossite","level":75,"shiny":false},{"name":"Wormadam-Sandy","moves":["stealthrock","toxic","protect","earthquake"],"ability":"Overcoat","evs":{"hp":85,"atk":85,"def":85,"spa":85,"spd":85,"spe":85},"ivs":{"hp":31,"atk":31,"def":31,"spa":31,"spd":31,"spe":31},"item":"Leftovers","level":83,"shiny":false},{"name":"Zapdos","moves":["toxic","thunderbolt","roost","hiddenpowerice"],"ability":"Pressure","evs":{"hp":85,"atk":85,"def":85,"spa":85,"spd":85,"spe":85},"ivs":{"hp":31,"atk":30,"def":30,"spa":31,"spd":31,"spe":31},"item":"Leftovers","level":75,"shiny":false},{"name":"Porygon-Z","moves":["icebeam","agility","trick","thunderbolt"],"ability":"Download","evs":{"hp":85,"atk":85,"def":85,"spa":85,"spd":85,"spe":85},"ivs":{"hp":31,"atk":31,"def":31,"spa":31,"spd":31,"spe":31},"item":"Choice Scarf","level":77,"shiny":false},{"name":"Rotom-Mow","moves":["hiddenpowerfire","painsplit","thunderbolt","willowisp"],"ability":"Levitate","evs":{"hp":85,"atk":85,"def":85,"spa":85,"spd":85,"spe":85},"ivs":{"hp":31,"atk":30,"def":31,"spa":30,"spd":31,"spe":30},"item":"Leftovers","level":79,"shiny":false}],"p2team":[{"name":"Blastoise","moves":["rapidspin","toxic","darkpulse","hydropump"],"ability":"Torrent","evs":{"hp":85,"atk":85,"def":85,"spa":85,"spd":85,"spe":85},"ivs":{"hp":31,"atk":31,"def":31,"spa":31,"spd":31,"spe":31},"item":"Blastoisinite","level":77,"shiny":false},{"name":"Darkrai","moves":["sludgebomb","nastyplot","substitute","darkpulse"],"ability":"Bad Dreams","evs":{"hp":85,"atk":85,"def":85,"spa":85,"spd":85,"spe":85},"ivs":{"hp":31,"atk":31,"def":31,"spa":31,"spd":31,"spe":31},"item":"Leftovers","level":73,"shiny":false},{"name":"Dunsparce","moves":["headbutt","bite","roost","coil"],"ability":"Serene Grace","evs":{"hp":85,"atk":85,"def":85,"spa":85,"spd":85,"spe":85},"ivs":{"hp":31,"atk":31,"def":31,"spa":31,"spd":31,"spe":31},"item":"Leftovers","level":83,"shiny":false},{"name":"Unfezant","moves":["roost","tailwind","nightslash","pluck"],"ability":"Super Luck","evs":{"hp":81,"atk":89,"def":85,"spa":85,"spd":85,"spe":85},"ivs":{"hp":31,"atk":31,"def":31,"spa":31,"spd":31,"spe":31},"item":"Scope Lens","level":83,"shiny":false},{"name":"Honchkrow","moves":["pursuit","roost","heatwave","bravebird"],"ability":"Moxie","evs":{"hp":85,"atk":85,"def":85,"spa":85,"spd":85,"spe":85},"ivs":{"hp":31,"atk":31,"def":31,"spa":31,"spd":31,"spe":31},"item":"Life Orb","level":77,"shiny":false},{"name":"Ferrothorn","moves":["powerwhip","spikes","thunderwave","leechseed"],"ability":"Iron Barbs","evs":{"hp":85,"atk":85,"def":85,"spa":85,"spd":85,"spe":85},"ivs":{"hp":31,"atk":31,"def":31,"spa":31,"spd":31,"spe":31},"item":"Rocky Helmet","level":75,"shiny":false}],"log":["|player|p1|Wbtbwb18|46","|player|p2|ishdeep gamora|102","|gametype|singles","|gen|6","|tier|Random Battle","|rated","|rule|Sleep Clause Mod: Limit one foe put to sleep","|rule|HP Percentage Mod: HP is shown in percentages","|","|start","|switch|p1a: Ariados|Ariados, L83, M|251/251","|switch|p2a: Blastoise|Blastoise, L77, F|248/248","|turn|1","|","|detailschange|p2a: Blastoise|Blastoise-Mega, L77, F","|-mega|p2a: Blastoise|Blastoise|Blastoisinite","|move|p2a: Blastoise|Hydro Pump|p1a: Ariados","|-damage|p1a: Ariados|80/251","|move|p1a: Ariados|Sticky Web|p2a: Blastoise","|-sidestart|p2: ishdeep gamora|move: Sticky Web","|","|turn|2","|","|move|p2a: Blastoise|Rapid Spin|p1a: Ariados","|-damage|p1a: Ariados|64/251","|-sideend|p2: ishdeep gamora|Sticky Web|[from] move: Rapid Spin|[of] p2a: Blastoise","|move|p1a: Ariados|Megahorn|p2a: Blastoise","|-damage|p2a: Blastoise|92/248","|","|turn|3","|","|move|p1a: Ariados|Sucker Punch|p2a: Blastoise","|-crit|p2a: Blastoise","|-damage|p2a: Blastoise|24/248","|move|p2a: Blastoise|Dark Pulse|p1a: Ariados","|-damage|p1a: Ariados|0 fnt","|faint|p1a: Ariados","|","|","|switch|p1a: Rotom-Mow|Rotom-Mow, L79|209/209","|turn|4","|","|move|p1a: Rotom-Mow|Thunderbolt|p2a: Blastoise","|-supereffective|p2a: Blastoise","|-damage|p2a: Blastoise|0 fnt","|faint|p2a: Blastoise","|","|","|switch|p2a: Ferrothorn|Ferrothorn, L75, F|235/235","|turn|5","|","|move|p1a: Rotom-Mow|Hidden Power|p2a: Ferrothorn","|-supereffective|p2a: Ferrothorn","|-damage|p2a: Ferrothorn|83/235","|move|p2a: Ferrothorn|Spikes|p1a: Rotom-Mow","|-sidestart|p1: Wbtbwb18|Spikes","|","|turn|6","|","|switch|p2a: Unfezant|Unfezant, L83, M|268/268","|move|p1a: Rotom-Mow|Hidden Power|p2a: Unfezant","|-damage|p2a: Unfezant|209/268","|","|turn|7","|","|move|p2a: Unfezant|Pluck|p1a: Rotom-Mow","|-damage|p1a: Rotom-Mow|143/209","|move|p1a: Rotom-Mow|Thunderbolt|p2a: Unfezant","|-crit|p2a: Unfezant","|-supereffective|p2a: Unfezant","|-damage|p2a: Unfezant|0 fnt","|faint|p2a: Unfezant","|","|-heal|p1a: Rotom-Mow|156/209|[from] item: Leftovers","|","|switch|p2a: Darkrai|Darkrai, L73|223/223","|turn|8","|","|move|p2a: Darkrai|Nasty Plot|p2a: Darkrai","|-boost|p2a: Darkrai|spa|2","|move|p1a: Rotom-Mow|Will-O-Wisp|p2a: Darkrai","|-status|p2a: Darkrai|brn","|","|-heal|p1a: Rotom-Mow|169/209|[from] item: Leftovers","|-damage|p2a: Darkrai|196/223 brn|[from] brn","|turn|9","|","|move|p2a: Darkrai|Sludge Bomb|p1a: Rotom-Mow","|-supereffective|p1a: Rotom-Mow","|-damage|p1a: Rotom-Mow|0 fnt","|faint|p1a: Rotom-Mow","|","|-heal|p2a: Darkrai|209/223 brn|[from] item: Leftovers","|-damage|p2a: Darkrai|182/223 brn|[from] brn","|","|switch|p1a: Porygon-Z|Porygon-Z, L77|257/257","|-damage|p1a: Porygon-Z|225/257|[from] Spikes","|-boost|p1a: Porygon-Z|spa|1|[from] ability: Download","|turn|10","|","|move|p1a: Porygon-Z|Trick|p2a: Darkrai","|-activate|p1a: Porygon-Z|move: Trick|[of] p2a: Darkrai","|-item|p2a: Darkrai|Choice Scarf|[from] move: Trick","|-item|p1a: Porygon-Z|Leftovers|[from] move: Trick","|move|p2a: Darkrai|Dark Pulse|p1a: Porygon-Z","|-damage|p1a: Porygon-Z|12/257","|","|-heal|p1a: Porygon-Z|28/257|[from] item: Leftovers","|-damage|p2a: Darkrai|155/223 brn|[from] brn","|turn|11","|","|move|p2a: Darkrai|Dark Pulse|p1a: Porygon-Z","|-damage|p1a: Porygon-Z|0 fnt","|faint|p1a: Porygon-Z","|","|-damage|p2a: Darkrai|128/223 brn|[from] brn","|","|switch|p1a: Zapdos|Zapdos, L75|259/259","|-ability|p1a: Zapdos|Pressure","|turn|12","|","|move|p2a: Darkrai|Dark Pulse|p1a: Zapdos","|-damage|p1a: Zapdos|61/259","|move|p1a: Zapdos|Thunderbolt|p2a: Darkrai","|-damage|p2a: Darkrai|28/223 brn","|","|-heal|p1a: Zapdos|77/259|[from] item: Leftovers","|-damage|p2a: Darkrai|1/223 brn|[from] brn","|turn|13","|","|switch|p1a: Wormadam-Sandy|Wormadam-Sandy, L83, F|235/235","|-damage|p1a: Wormadam-Sandy|206/235|[from] Spikes","|move|p2a: Darkrai|Dark Pulse|p1a: Wormadam-Sandy","|-damage|p1a: Wormadam-Sandy|35/235","|","|-heal|p1a: Wormadam-Sandy|49/235|[from] item: Leftovers","|-damage|p2a: Darkrai|0 fnt|[from] brn","|faint|p2a: Darkrai","|","|switch|p2a: Ferrothorn|Ferrothorn, L75, F|83/235","|turn|14","|","|move|p1a: Wormadam-Sandy|Earthquake|p2a: Ferrothorn","|-damage|p2a: Ferrothorn|8/235","|move|p2a: Ferrothorn|Leech Seed|p1a: Wormadam-Sandy","|-start|p1a: Wormadam-Sandy|move: Leech Seed","|","|-heal|p1a: Wormadam-Sandy|63/235|[from] item: Leftovers","|-damage|p1a: Wormadam-Sandy|34/235|[from] Leech Seed|[of] p2a: Ferrothorn","|-heal|p2a: Ferrothorn|37/235|[silent]","|turn|15","|","|switch|p2a: Honchkrow|Honchkrow, L77, M|281/281","|move|p1a: Wormadam-Sandy|Earthquake|p2a: Honchkrow","|-immune|p2a: Honchkrow|[msg]","|","|-heal|p1a: Wormadam-Sandy|48/235|[from] item: Leftovers","|-damage|p1a: Wormadam-Sandy|19/235|[from] Leech Seed|[of] p2a: Honchkrow","|turn|16","|","|switch|p2a: Ferrothorn|Ferrothorn, L75, F|37/235","|move|p1a: Wormadam-Sandy|Protect|p1a: Wormadam-Sandy","|-fail|p1a: Wormadam-Sandy","|","|-heal|p1a: Wormadam-Sandy|33/235|[from] item: Leftovers","|-damage|p1a: Wormadam-Sandy|4/235|[from] Leech Seed|[of] p2a: Ferrothorn","|-heal|p2a: Ferrothorn|66/235|[silent]","|turn|17","|","|move|p1a: Wormadam-Sandy|Toxic|p2a: Ferrothorn","|-immune|p2a: Ferrothorn|[msg]","|move|p2a: Ferrothorn|Spikes|p1a: Wormadam-Sandy","|-sidestart|p1: Wbtbwb18|Spikes","|","|-heal|p1a: Wormadam-Sandy|18/235|[from] item: Leftovers","|-damage|p1a: Wormadam-Sandy|0 fnt|[from] Leech Seed|[of] p2a: Ferrothorn","|-heal|p2a: Ferrothorn|84/235|[silent]","|faint|p1a: Wormadam-Sandy","|","|switch|p1a: Metagross|Metagross, L75|244/244","|-damage|p1a: Metagross|204/244|[from] Spikes","|turn|18","|","|detailschange|p1a: Metagross|Metagross-Mega, L75","|-mega|p1a: Metagross|Metagross|Metagrossite","|move|p1a: Metagross|Hammer Arm|p2a: Ferrothorn","|-supereffective|p2a: Ferrothorn","|-damage|p2a: Ferrothorn|0 fnt","|-damage|p1a: Metagross|174/244|[from] ability: Iron Barbs|[of] p2a: Ferrothorn","|-damage|p1a: Metagross|134/244|[from] item: Rocky Helmet|[of] p2a: Ferrothorn","|-unboost|p1a: Metagross|spe|1","|faint|p2a: Ferrothorn","|","|","|switch|p2a: Honchkrow|Honchkrow, L77, M|281/281","|turn|19","|","|move|p2a: Honchkrow|Pursuit|p1a: Metagross|[from]Pursuit","|-supereffective|p1a: Metagross","|-damage|p1a: Metagross|0 fnt","|-damage|p2a: Honchkrow|253/281|[from] item: Life Orb","|faint|p1a: Metagross","|-boost|p2a: Honchkrow|atk|1|[from] ability: Moxie","|","|","|switch|p1a: Zapdos|Zapdos, L75|77/259","|-ability|p1a: Zapdos|Pressure","|turn|20","|","|move|p1a: Zapdos|Thunderbolt|p2a: Honchkrow","|-supereffective|p2a: Honchkrow","|-damage|p2a: Honchkrow|0 fnt","|faint|p2a: Honchkrow","|","|-heal|p1a: Zapdos|93/259|[from] item: Leftovers","|","|switch|p2a: Dunsparce|Dunsparce, L83, F|302/302","|turn|21","|","|move|p1a: Zapdos|Roost|p1a: Zapdos","|-heal|p1a: Zapdos|223/259","|move|p2a: Dunsparce|Headbutt|p1a: Zapdos","|-damage|p1a: Zapdos|157/259","|","|-heal|p1a: Zapdos|173/259|[from] item: Leftovers","|turn|22","|","|move|p1a: Zapdos|Toxic|p2a: Dunsparce","|-status|p2a: Dunsparce|tox","|move|p2a: Dunsparce|Coil|p2a: Dunsparce","|-boost|p2a: Dunsparce|atk|1","|-boost|p2a: Dunsparce|def|1","|-boost|p2a: Dunsparce|accuracy|1","|","|-heal|p1a: Zapdos|189/259|[from] item: Leftovers","|-damage|p2a: Dunsparce|284/302 tox|[from] psn","|turn|23","|","|move|p1a: Zapdos|Thunderbolt|p2a: Dunsparce","|-damage|p2a: Dunsparce|157/302 tox","|move|p2a: Dunsparce|Coil|p2a: Dunsparce","|-boost|p2a: Dunsparce|atk|1","|-boost|p2a: Dunsparce|def|1","|-boost|p2a: Dunsparce|accuracy|1","|","|-heal|p1a: Zapdos|205/259|[from] item: Leftovers","|-heal|p2a: Dunsparce|175/302 tox|[from] item: Leftovers","|-damage|p2a: Dunsparce|139/302 tox|[from] psn","|turn|24","|","|win|Wbtbwb18"],"p1rating":{"entryid":7302058,"formatid":"randombattle","userid":"wbtbwb18","username":"Wbtbwb18","r":1500,"rd":130,"sigma":0,"rpr":1549.3277318102,"rprd":122.44835758096,"rpsigma":0,"rptime":1438333200,"w":1,"l":0,"t":0,"gxe":56.1,"acre":1046.7384372965,"lacre":1046.7384372965,"oldacre":1000},"p2rating":{"entryid":"6599674","serverid":"eos","formatid":"randombattle","userid":"ishdeepgamora","username":"ishdeep gamora","w":"9","l":9,"t":"0","gxe":51.3,"r":"1565.215499766","rd":"80.631464957836","sigma":"0","rptime":"1438333200","rpr":1510.3731577434,"rprd":75.563411046435,"rpsigma":"0","acre":1037.0508940795,"lacre":1037.0508940795,"oldacre":"1059.0926152509"},"endType":"forfeit"}