{"seed":[34000,14170,5154,7761],"turns":18,"p1":"UG85","p2":"Blazinbrit","p1team":[{"name":"Raticate","moves":["suckerpunch","swordsdance","facade","flamewheel"],"ability":"Guts","evs":{"hp":85,"atk":85,"def":85,"spa":85,"spd":85,"spe":85},"ivs":{"hp":31,"atk":31,"def":31,"spa":31,"spd":31,"spe":31},"item":"Toxic Orb","level":83,"shiny":false},{"name":"Wormadam-Sandy","moves":["protect","toxic","earthquake","rockblast"],"ability":"Overcoat","evs":{"hp":85,"atk":85,"def":85,"spa":85,"spd":85,"spe":85},"ivs":{"hp":31,"atk":31,"def":31,"spa":31,"spd":31,"spe":31},"item":"Leftovers","level":83,"shiny":false},{"name":"Giratina","moves":["sleeptalk","shadowball","rest","dragonpulse"],"ability":"Pressure","evs":{"hp":85,"atk":85,"def":85,"spa":85,"spd":85,"spe":85},"ivs":{"hp":31,"atk":31,"def":31,"spa":31,"spd":31,"spe":31},"item":"Leftovers","level":73,"shiny":false},{"name":"Krookodile","moves":["stoneedge","superpower","earthquake","knockoff"],"ability":"Moxie","evs":{"hp":85,"atk":85,"def":85,"spa":85,"spd":85,"spe":85},"ivs":{"hp":31,"atk":31,"def":31,"spa":31,"spd":31,"spe":31},"item":"Choice Scarf","level":77,"shiny":false},{"name":"Exeggutor","moves":["sleeppowder","leechseed","substitute","gigadrain"],"ability":"Harvest","evs":{"hp":85,"atk":85,"def":85,"spa":85,"spd":85,"spe":85},"ivs":{"hp":31,"atk":31,"def":31,"spa":31,"spd":31,"spe":31},"item":"Sitrus Berry","level":81,"shiny":false},{"name":"Dusknoir","moves":["willowisp","painsplit","substitute","shadowsneak"],"ability":"Pressure","evs":{"hp":85,"atk":85,"def":85,"spa":85,"spd":85,"spe":85},"ivs":{"hp":31,"atk":31,"def":31,"spa":31,"spd":31,"spe":31},"item":"Leftovers","level":83,"shiny":false}],"p2team":[{"name":"Seviper","moves":["gigadrain","darkpulse","poisonjab","switcheroo"],"ability":"Shed Skin","evs":{"hp":85,"atk":85,"def":85,"spa":85,"spd":85,"spe":85},"ivs":{"hp":31,"atk":31,"def":31,"spa":31,"spd":31,"spe":31},"item":"Choice Scarf","level":83,"shiny":false},{"name":"Dusknoir","moves":["willowisp","substitute","earthquake","shadowsneak"],"ability":"Pressure","evs":{"hp":85,"atk":85,"def":85,"spa":85,"spd":85,"spe":85},"ivs":{"hp":31,"atk":31,"def":31,"spa":31,"spd":31,"spe":31},"item":"Leftovers","level":83,"shiny":false},{"name":"Vivillon","moves":["bugbuzz","hurricane","sleeppowder","substitute"],"ability":"Compound Eyes","evs":{"hp":81,"atk":85,"def":85,"spa":89,"spd":85,"spe":85},"ivs":{"hp":31,"atk":31,"def":31,"spa":31,"spd":31,"spe":31},"item":"Leftovers","level":81,"shiny":false},{"name":"Volcarona","moves":["quiverdance","fierydance","hiddenpowerice","bugbuzz"],"ability":"Swarm","evs":{"hp":81,"atk":85,"def":85,"spa":89,"spd":85,"spe":85},"ivs":{"hp":31,"atk":30,"def":30,"spa":31,"spd":31,"spe":31},"item":"Life Orb","level":76,"shiny":false},{"name":"Diancie","moves":["moonblast","psyshock","diamondstorm","hiddenpowerfire"],"ability":"Clear Body","evs":{"hp":85,"atk":85,"def":85,"spa":85,"spd":85,"spe":85},"ivs":{"hp":31,"atk":30,"def":31,"spa":30,"spd":31,"spe":30},"item":"Diancite","level":75,"shiny":false},{"name":"Claydol","moves":["icebeam","earthquake","psychic","toxic"],"ability":"Levitate","evs":{"hp":85,"atk":85,"def":85,"spa":85,"spd":85,"spe":85},"ivs":{"hp":31,"atk":31,"def":31,"spa":31,"spd":31,"spe":31},"item":"Leftovers","level":81,"shiny":false}],"log":["|player|p1|UG85|170","|player|p2|Blazinbrit|101","|gametype|singles","|gen|6","|tier|Random Battle","|rated","|rule|Sleep Clause Mod: Limit one foe put to sleep","|rule|HP Percentage Mod: HP is shown in percentages","|","|start","|switch|p1a: Raticate|Raticate, L83, F|227/227","|switch|p2a: Seviper|Seviper, L83, F|257/257","|turn|1","|","|move|p2a: Seviper|Dark Pulse|p1a: Raticate","|-damage|p1a: Raticate|155/227","|cant|p1a: Raticate|flinch","|","|-status|p1a: Raticate|tox|[from] item: Toxic Orb","|turn|2","|","|move|p2a: Seviper|Dark Pulse|p1a: Raticate","|-crit|p1a: Raticate","|-damage|p1a: Raticate|59/227 tox","|move|p1a: Raticate|Facade|p2a: Seviper","|-damage|p2a: Seviper|4/257","|","|-damage|p1a: Raticate|45/227 tox|[from] psn","|turn|3","|","|move|p1a: Raticate|Sucker Punch|p2a: Seviper","|-damage|p2a: Seviper|0 fnt","|faint|p2a: Seviper","|","|-damage|p1a: Raticate|17/227 tox|[from] psn","|","|switch|p2a: Volcarona|Volcarona, L76, F|253/253","|turn|4","|","|move|p1a: Raticate|Facade|p2a: Volcarona","|-damage|p2a: Volcarona|0 fnt","|faint|p2a: Volcarona","|","|-damage|p1a: Raticate|0 fnt|[from] psn","|faint|p1a: Raticate","|","|switch|p1a: Krookodile|Krookodile, L77, M|273/273","|switch|p2a: Diancie|Diancie, L75|199/199","|turn|5","|","|detailschange|p2a: Diancie|Diancie-Mega, L75","|-mega|p2a: Diancie|Diancie|Diancite","|move|p1a: Krookodile|Earthquake|p2a: Diancie","|-supereffective|p2a: Diancie","|-damage|p2a: Diancie|13/199","|move|p2a: Diancie|Moonblast|p1a: Krookodile","|-supereffective|p1a: Krookodile","|-damage|p1a: Krookodile|0 fnt","|faint|p1a: Krookodile","|","|","|switch|p1a: Dusknoir|Dusknoir, L83, F|210/210","|-ability|p1a: Dusknoir|Pressure","|turn|6","|","|move|p1a: Dusknoir|Shadow Sneak|p2a: Diancie","|-damage|p2a: Diancie|0 fnt","|faint|p2a: Diancie","|","|","|switch|p2a: Dusknoir|Dusknoir, L83, M|210/210","|-ability|p2a: Dusknoir|Pressure","|turn|7","|","|move|p1a: Dusknoir|Shadow Sneak|p2a: Dusknoir","|-supereffective|p2a: Dusknoir","|-damage|p2a: Dusknoir|150/210","|move|p2a: Dusknoir|Will-O-Wisp|p1a: Dusknoir|[miss]","|-miss|p2a: Dusknoir|p1a: Dusknoir","|","|-heal|p2a: Dusknoir|163/210|[from] item: Leftovers","|turn|8","|","|move|p2a: Dusknoir|Shadow Sneak|p1a: Dusknoir","|-supereffective|p1a: Dusknoir","|-damage|p1a: Dusknoir|148/210","|move|p1a: Dusknoir|Will-O-Wisp|p2a: Dusknoir","|-status|p2a: Dusknoir|brn","|","|-heal|p2a: Dusknoir|176/210 brn|[from] item: Leftovers","|-heal|p1a: Dusknoir|161/210|[from] item: Leftovers","|-damage|p2a: Dusknoir|150/210 brn|[from] brn","|turn|9","|","|move|p2a: Dusknoir|Will-O-Wisp|p1a: Dusknoir","|-status|p1a: Dusknoir|brn","|move|p1a: Dusknoir|Substitute|p1a: Dusknoir","|-start|p1a: Dusknoir|Substitute","|-damage|p1a: Dusknoir|109/210 brn","|","|-heal|p2a: Dusknoir|163/210 brn|[from] item: Leftovers","|-heal|p1a: Dusknoir|122/210 brn|[from] item: Leftovers","|-damage|p1a: Dusknoir|96/210 brn|[from] brn","|-damage|p2a: Dusknoir|137/210 brn|[from] brn","|turn|10","|","|move|p1a: Dusknoir|Shadow Sneak|p2a: Dusknoir","|-supereffective|p2a: Dusknoir","|-damage|p2a: Dusknoir|107/210 brn","|move|p2a: Dusknoir|Earthquake|p1a: Dusknoir","|-activate|p1a: Dusknoir|Substitute|[damage]","|","|-heal|p1a: Dusknoir|109/210 brn|[from] item: Leftovers","|-heal|p2a: Dusknoir|120/210 brn|[from] item: Leftovers","|-damage|p1a: Dusknoir|83/210 brn|[from] brn","|-damage|p2a: Dusknoir|94/210 brn|[from] brn","|turn|11","|","|move|p1a: Dusknoir|Shadow Sneak|p2a: Dusknoir","|-supereffective|p2a: Dusknoir","|-damage|p2a: Dusknoir|58/210 brn","|move|p2a: Dusknoir|Shadow Sneak|p1a: Dusknoir","|-supereffective|p1a: Dusknoir","|-end|p1a: Dusknoir|Substitute","|","|-heal|p2a: Dusknoir|71/210 brn|[from] item: Leftovers","|-heal|p1a: Dusknoir|96/210 brn|[from] item: Leftovers","|-damage|p1a: Dusknoir|70/210 brn|[from] brn","|-damage|p2a: Dusknoir|45/210 brn|[from] brn","|turn|12","|","|move|p2a: Dusknoir|Shadow Sneak|p1a: Dusknoir","|-supereffective|p1a: Dusknoir","|-damage|p1a: Dusknoir|40/210 brn","|move|p1a: Dusknoir|Shadow Sneak|p2a: Dusknoir","|-supereffective|p2a: Dusknoir","|-damage|p2a: Dusknoir|11/210 brn","|","|-heal|p2a: Dusknoir|24/210 brn|[from] item: Leftovers","|-heal|p1a: Dusknoir|53/210 brn|[from] item: Leftovers","|-damage|p1a: Dusknoir|27/210 brn|[from] brn","|-damage|p2a: Dusknoir|0 fnt|[from] brn","|faint|p2a: Dusknoir","|","|switch|p2a: Vivillon|Vivillon, L81, M|261/261","|turn|13","|","|move|p2a: Vivillon|Bug Buzz|p1a: Dusknoir","|-resisted|p1a: Dusknoir","|-damage|p1a: Dusknoir|0 fnt","|faint|p1a: Dusknoir","|","|","|switch|p1a: Wormadam-Sandy|Wormadam-Sandy, L83, F|235/235","|turn|14","|","|move|p2a: Vivillon|Hurricane|p1a: Wormadam-Sandy","|-supereffective|p1a: Wormadam-Sandy","|-damage|p1a: Wormadam-Sandy|25/235","|move|p1a: Wormadam-Sandy|Rock Blast|p2a: Vivillon","|-supereffective|p2a: Vivillon","|-damage|p2a: Vivillon|165/261","|-crit|p2a: Vivillon","|-supereffective|p2a: Vivillon","|-damage|p2a: Vivillon|29/261","|-supereffective|p2a: Vivillon","|-damage|p2a: Vivillon|0 fnt","|-hitcount|p2a: Vivillon|3","|faint|p2a: Vivillon","|","|-heal|p1a: Wormadam-Sandy|39/235|[from] item: Leftovers","|","|switch|p2a: Claydol|Claydol, L81|230/230","|turn|15","|","|move|p2a: Claydol|Earthquake|p1a: Wormadam-Sandy","|-resisted|p1a: Wormadam-Sandy","|-damage|p1a: Wormadam-Sandy|3/235","|move|p1a: Wormadam-Sandy|Toxic|p2a: Claydol","|-status|p2a: Claydol|tox","|","|-heal|p1a: Wormadam-Sandy|17/235|[from] item: Leftovers","|-damage|p2a: Claydol|216/230 tox|[from] psn","|turn|16","|","|move|p1a: Wormadam-Sandy|Protect|p1a: Wormadam-Sandy","|-singleturn|p1a: Wormadam-Sandy|Protect","|move|p2a: Claydol|Earthquake|p1a: Wormadam-Sandy","|-activate|p1a: Wormadam-Sandy|Protect","|","|-heal|p2a: Claydol|230/230 tox|[from] item: Leftovers","|-heal|p1a: Wormadam-Sandy|31/235|[from] item: Leftovers","|-damage|p2a: Claydol|202/230 tox|[from] psn","|turn|17","|","|move|p1a: Wormadam-Sandy|Protect|p1a: Wormadam-Sandy","|-fail|p1a: Wormadam-Sandy","|move|p2a: Claydol|Earthquake|p1a: Wormadam-Sandy","|-resisted|p1a: Wormadam-Sandy","|-damage|p1a: Wormadam-Sandy|0 fnt","|faint|p1a: Wormadam-Sandy","|","|-heal|p2a: Claydol|216/230 tox|[from] item: Leftovers","|-damage|p2a: Claydol|174/230 tox|[from] psn","|","|switch|p1a: Exeggutor|Exeggutor, L81, M|287/287","|turn|18","|","|move|p2a: Claydol|Toxic|p1a: Exeggutor","|-status|p1a: Exeggutor|tox","|move|p1a: Exeggutor|Giga Drain|p2a: Claydol","|-supereffective|p2a: Claydol","|-damage|p2a: Claydol|18/230 tox","|","|-heal|p2a: Claydol|32/230 tox|[from] item: Leftovers","|-damage|p2a: Claydol|0 fnt|[from] psn","|-damage|p1a: Exeggutor|270/287 tox|[from] psn","|faint|p2a: Claydol","|","|win|UG85"],"p1rating":{"entryid":7298439,"formatid":"randombattle","userid":"ug85","username":"UG85","r":1500,"rd":130,"sigma":0,"rpr":1540.1606143388,"rprd":122.8583080769,"rpsigma":0,"rptime":1438333200,"w":1,"l":0,"t":0,"gxe":55,"acre":1044.584930701,"lacre":1044.584930701,"oldacre":1000},"p2rating":{"entryid":"7298183","serverid":"eos","formatid":"randombattle","userid":"blazinbrit","username":"Blazinbrit","w":"1","l":1,"t":"0","gxe":50,"r":"1500","rd":"130","sigma":"0","rptime":"1438333200","rpr":1500,"rprd":116.77753930647,"rpsigma":"0","acre":1022.1660277196,"lacre":1022.1660277196,"oldacre":"1040"},"endType":"normal"}