{"seed":[36867,41825,63208,4981],"turns":19,"p1":"ishdeep gamora","p2":"LTIL-codypoke","p1team":[{"name":"Pinsir","moves":["quickattack","earthquake","swordsdance","closecombat"],"ability":"Moxie","evs":{"hp":81,"atk":89,"def":85,"spa":85,"spd":85,"spe":85},"ivs":{"hp":31,"atk":31,"def":31,"spa":31,"spd":31,"spe":31},"item":"Pinsirite","level":76,"shiny":false},{"name":"Carnivine","moves":["swordsdance","substitute","powerwhip","return"],"ability":"Levitate","evs":{"hp":85,"atk":85,"def":85,"spa":85,"spd":85,"spe":85},"ivs":{"hp":31,"atk":31,"def":31,"spa":31,"spd":31,"spe":31},"item":"Leftovers","level":83,"shiny":false},{"name":"Flygon","moves":["firepunch","outrage","defog","uturn"],"ability":"Levitate","evs":{"hp":85,"atk":85,"def":85,"spa":85,"spd":85,"spe":85},"ivs":{"hp":31,"atk":31,"def":31,"spa":31,"spd":31,"spe":31},"item":"Life Orb","level":79,"shiny":false},{"name":"Palkia","moves":["dracometeor","fireblast","hydropump","dragontail"],"ability":"Pressure","evs":{"hp":85,"atk":85,"def":85,"spa":85,"spd":85,"spe":85},"ivs":{"hp":31,"atk":31,"def":31,"spa":31,"spd":31,"spe":31},"item":"Assault Vest","level":73,"shiny":false},{"name":"Mandibuzz","moves":["uturn","toxic","taunt","bravebird"],"ability":"Overcoat","evs":{"hp":81,"atk":89,"def":85,"spa":85,"spd":85,"spe":85},"ivs":{"hp":31,"atk":31,"def":31,"spa":31,"spd":31,"spe":31},"item":"Leftovers","level":77,"shiny":false},{"name":"Arbok","moves":["aquatail","gunkshot","coil","earthquake"],"ability":"Intimidate","evs":{"hp":85,"atk":85,"def":85,"spa":85,"spd":85,"spe":85},"ivs":{"hp":31,"atk":31,"def":31,"spa":31,"spd":31,"spe":31},"item":"Life Orb","level":83,"shiny":false}],"p2team":[{"name":"Zygarde","moves":["stoneedge","dragondance","extremespeed","earthquake"],"ability":"Aura Break","evs":{"hp":85,"atk":85,"def":85,"spa":85,"spd":85,"spe":85},"ivs":{"hp":31,"atk":31,"def":31,"spa":31,"spd":31,"spe":31},"item":"Leftovers","level":76,"shiny":false},{"name":"Unfezant","moves":["roost","return","hypnosis","pluck"],"ability":"Super Luck","evs":{"hp":81,"atk":89,"def":85,"spa":85,"spd":85,"spe":85},"ivs":{"hp":31,"atk":31,"def":31,"spa":31,"spd":31,"spe":31},"item":"Scope Lens","level":83,"shiny":false},{"name":"Lugia","moves":["thunderwave","substitute","aeroblast","dragontail"],"ability":"Multiscale","evs":{"hp":85,"atk":85,"def":85,"spa":85,"spd":85,"spe":85},"ivs":{"hp":31,"atk":31,"def":31,"spa":31,"spd":31,"spe":31},"item":"Leftovers","level":73,"shiny":false},{"name":"Ampharos","moves":["agility","dragonpulse","thunderbolt","focusblast"],"ability":"Static","evs":{"hp":85,"atk":85,"def":85,"spa":85,"spd":85,"spe":85},"ivs":{"hp":31,"atk":31,"def":31,"spa":31,"spd":31,"spe":31},"item":"Ampharosite","level":77,"shiny":false},{"name":"Slurpuff","moves":["surf","substitute","return","playrough"],"ability":"Unburden","evs":{"hp":85,"atk":85,"def":85,"spa":85,"spd":85,"spe":85},"ivs":{"hp":31,"atk":31,"def":31,"spa":31,"spd":31,"spe":31},"item":"Sitrus Berry","level":77,"shiny":false},{"name":"Furret","moves":["knockoff","uturn","aquatail","doubleedge"],"ability":"Frisk","evs":{"hp":85,"atk":85,"def":85,"spa":85,"spd":85,"spe":85},"ivs":{"hp":31,"atk":31,"def":31,"spa":31,"spd":31,"spe":31},"item":"Choice Scarf","level":83,"shiny":false}],"log":["|player|p1|ishdeep gamora|102","|player|p2|LTIL-codypoke|ltilcodypoke.png","|gametype|singles","|gen|6","|tier|Random Battle","|rated","|rule|Sleep Clause Mod: Limit one foe put to sleep","|rule|HP Percentage Mod: HP is shown in percentages","|","|start","|switch|p1a: Pinsir|Pinsir, L76, M|223/223","|switch|p2a: Zygarde|Zygarde, L76|289/289","|-ability|p2a: Zygarde|Aura Break","|turn|1","|","|detailschange|p1a: Pinsir|Pinsir-Mega, L76, M","|-mega|p1a: Pinsir|Pinsir|Pinsirite","|move|p2a: Zygarde|Dragon Dance|p2a: Zygarde","|-boost|p2a: Zygarde|atk|1","|-boost|p2a: Zygarde|spe|1","|move|p1a: Pinsir|Earthquake|p2a: Zygarde","|-damage|p2a: Zygarde|217/289","|","|-heal|p2a: Zygarde|235/289|[from] item: Leftovers","|turn|2","|","|move|p2a: Zygarde|Dragon Dance|p2a: Zygarde","|-boost|p2a: Zygarde|atk|1","|-boost|p2a: Zygarde|spe|1","|move|p1a: Pinsir|Close Combat|p2a: Zygarde","|-damage|p2a: Zygarde|149/289","|-unboost|p1a: Pinsir|def|1","|-unboost|p1a: Pinsir|spd|1","|","|-heal|p2a: Zygarde|167/289|[from] item: Leftovers","|turn|3","|","|move|p1a: Pinsir|Quick Attack|p2a: Zygarde","|-damage|p2a: Zygarde|115/289","|move|p2a: Zygarde|Stone Edge|p1a: Pinsir","|-supereffective|p1a: Pinsir","|-damage|p1a: Pinsir|0 fnt","|faint|p1a: Pinsir","|","|-heal|p2a: Zygarde|133/289|[from] item: Leftovers","|","|switch|p1a: Arbok|Arbok, L83, M|235/235","|-ability|p1a: Arbok|Intimidate","|-unboost|p2a: Zygarde|atk|1","|turn|4","|","|switch|p1a: Mandibuzz|Mandibuzz, L77, F|295/295","|move|p2a: Zygarde|Dragon Dance|p2a: Zygarde","|-boost|p2a: Zygarde|atk|1","|-boost|p2a: Zygarde|spe|1","|","|-heal|p2a: Zygarde|151/289|[from] item: Leftovers","|turn|5","|","|move|p2a: Zygarde|Stone Edge|p1a: Mandibuzz|[miss]","|-miss|p2a: Zygarde|p1a: Mandibuzz","|move|p1a: Mandibuzz|Brave Bird|p2a: Zygarde","|-damage|p2a: Zygarde|84/289","|-damage|p1a: Mandibuzz|273/295|[from] recoil|[of] p2a: Zygarde","|","|-heal|p2a: Zygarde|102/289|[from] item: Leftovers","|-heal|p1a: Mandibuzz|291/295|[from] item: Leftovers","|turn|6","|","|move|p2a: Zygarde|Stone Edge|p1a: Mandibuzz","|-supereffective|p1a: Mandibuzz","|-damage|p1a: Mandibuzz|45/295","|move|p1a: Mandibuzz|Toxic|p2a: Zygarde","|-status|p2a: Zygarde|tox","|","|-heal|p2a: Zygarde|120/289 tox|[from] item: Leftovers","|-heal|p1a: Mandibuzz|63/295|[from] item: Leftovers","|-damage|p2a: Zygarde|102/289 tox|[from] psn","|turn|7","|","|move|p2a: Zygarde|Extreme Speed|p1a: Mandibuzz","|-damage|p1a: Mandibuzz|0 fnt","|faint|p1a: Mandibuzz","|","|-heal|p2a: Zygarde|120/289 tox|[from] item: Leftovers","|-damage|p2a: Zygarde|84/289 tox|[from] psn","|","|switch|p1a: Arbok|Arbok, L83, M|235/235","|-ability|p1a: Arbok|Intimidate","|-unboost|p2a: Zygarde|atk|1","|turn|8","|","|move|p2a: Zygarde|Earthquake|p1a: Arbok","|-supereffective|p1a: Arbok","|-damage|p1a: Arbok|0 fnt","|faint|p1a: Arbok","|","|-heal|p2a: Zygarde|102/289 tox|[from] item: Leftovers","|-damage|p2a: Zygarde|48/289 tox|[from] psn","|","|switch|p1a: Carnivine|Carnivine, L83, M|259/259","|turn|9","|","|switch|p1a: Flygon|Flygon, L79, M|256/256","|move|p2a: Zygarde|Extreme Speed|p1a: Flygon","|-crit|p1a: Flygon","|-damage|p1a: Flygon|142/256","|","|-heal|p2a: Zygarde|66/289 tox|[from] item: Leftovers","|-damage|p2a: Zygarde|0 fnt|[from] psn","|faint|p2a: Zygarde","|","|switch|p2a: Slurpuff|Slurpuff, L77, F|253/253","|turn|10","|","|move|p1a: Flygon|U-turn|p2a: Slurpuff","|-resisted|p2a: Slurpuff","|-damage|p2a: Slurpuff|219/253","|-damage|p1a: Flygon|117/256|[from] item: Life Orb","|","|switch|p1a: Carnivine|Carnivine, L83, M|259/259","|move|p2a: Slurpuff|Surf|p1a: Carnivine","|-resisted|p1a: Carnivine","|-damage|p1a: Carnivine|232/259","|","|-heal|p1a: Carnivine|248/259|[from] item: Leftovers","|turn|11","|","|move|p2a: Slurpuff|Play Rough|p1a: Carnivine","|-damage|p1a: Carnivine|173/259","|move|p1a: Carnivine|Power Whip|p2a: Slurpuff|[miss]","|-miss|p1a: Carnivine|p2a: Slurpuff","|","|-heal|p1a: Carnivine|189/259|[from] item: Leftovers","|turn|12","|","|move|p2a: Slurpuff|Substitute|p2a: Slurpuff","|-start|p2a: Slurpuff|Substitute","|-damage|p2a: Slurpuff|156/253","|move|p1a: Carnivine|Power Whip|p2a: Slurpuff","|-end|p2a: Slurpuff|Substitute","|","|-heal|p1a: Carnivine|205/259|[from] item: Leftovers","|turn|13","|","|move|p2a: Slurpuff|Return|p1a: Carnivine","|-damage|p1a: Carnivine|143/259","|move|p1a: Carnivine|Swords Dance|p1a: Carnivine","|-boost|p1a: Carnivine|atk|2","|","|-heal|p1a: Carnivine|159/259|[from] item: Leftovers","|turn|14","|","|switch|p2a: Lugia|Lugia, L73|275/275","|move|p1a: Carnivine|Power Whip|p2a: Lugia","|-resisted|p2a: Lugia","|-damage|p2a: Lugia|220/275","|","|-heal|p2a: Lugia|237/275|[from] item: Leftovers","|-heal|p1a: Carnivine|175/259|[from] item: Leftovers","|turn|15","|","|move|p2a: Lugia|Aeroblast|p1a: Carnivine","|-supereffective|p1a: Carnivine","|-damage|p1a: Carnivine|7/259","|move|p1a: Carnivine|Return|p2a: Lugia","|-damage|p2a: Lugia|111/275","|","|-heal|p2a: Lugia|128/275|[from] item: Leftovers","|-heal|p1a: Carnivine|23/259|[from] item: Leftovers","|turn|16","|","|move|p2a: Lugia|Aeroblast|p1a: Carnivine","|-supereffective|p1a: Carnivine","|-damage|p1a: Carnivine|0 fnt","|faint|p1a: Carnivine","|","|-heal|p2a: Lugia|145/275|[from] item: Leftovers","|","|switch|p1a: Flygon|Flygon, L79, M|117/256","|turn|17","|","|move|p1a: Flygon|U-turn|p2a: Lugia","|-damage|p2a: Lugia|92/275","|-damage|p1a: Flygon|92/256|[from] item: Life Orb","|","|switch|p1a: Palkia|Palkia, L73|252/252","|-ability|p1a: Palkia|Pressure","|move|p2a: Lugia|Dragon Tail|p1a: Palkia","|-supereffective|p1a: Palkia","|-damage|p1a: Palkia|186/252","|drag|p1a: Flygon|Flygon, L79, M|92/256","|","|-heal|p2a: Lugia|109/275|[from] item: Leftovers","|turn|18","|","|move|p1a: Flygon|Fire Punch|p2a: Lugia","|-damage|p2a: Lugia|56/275","|-damage|p1a: Flygon|67/256|[from] item: Life Orb","|move|p2a: Lugia|Dragon Tail|p1a: Flygon","|-supereffective|p1a: Flygon","|-damage|p1a: Flygon|1/256","|drag|p1a: Palkia|Palkia, L73|186/252","|-ability|p1a: Palkia|Pressure","|","|-heal|p2a: Lugia|73/275|[from] item: Leftovers","|turn|19","|","|move|p2a: Lugia|Aeroblast|p1a: Palkia","|-damage|p1a: Palkia|143/252","|move|p1a: Palkia|Draco Meteor|p2a: Lugia","|-damage|p2a: Lugia|0 fnt","|-unboost|p1a: Palkia|spa|2","|faint|p2a: Lugia","|","|","|win|LTIL-codypoke"],"p1rating":{"entryid":"6599674","serverid":"eos","formatid":"randombattle","userid":"ishdeepgamora","username":"ishdeep gamora","w":"10","l":10,"t":"0","gxe":50.8,"r":"1565.215499766","rd":"80.631464957836","sigma":"0","rptime":"1438333200","rpr":1505.9129550262,"rprd":72.850915625032,"rpsigma":"0","acre":1045.5267284326,"lacre":1045.5267284326,"oldacre":"1067.8341504013"},"p2rating":{"entryid":"6843921","serverid":"eos","formatid":"randombattle","userid":"ltilcodypoke","username":"LTIL-codypoke","w":2,"l":"6","t":"0","gxe":42.1,"r":1398.9061900105,"rd":101.26417175998,"sigma":"0","rptime":1438333200,"rpr":1437.3910787705,"rprd":98.135801497889,"rpsigma":"0","acre":1070.0662678112,"lacre":1070.0662678112,"oldacre":"1030.9761943483"},"endType":"forfeit"}