{"seed":[8507,15116,48336,19270],"turns":20,"p1":"UG85","p2":"GarasuReona","p1team":[{"name":"Victini","moves":["uturn","grassknot","zenheadbutt","blueflare"],"ability":"Victory Star","evs":{"hp":85,"atk":85,"def":85,"spa":85,"spd":85,"spe":85},"ivs":{"hp":31,"atk":31,"def":31,"spa":31,"spd":31,"spe":31},"item":"Assault Vest","level":76,"shiny":false},{"name":"Granbull","moves":["thunderwave","earthquake","crunch","playrough"],"ability":"Intimidate","evs":{"hp":85,"atk":85,"def":85,"spa":85,"spd":85,"spe":85},"ivs":{"hp":31,"atk":31,"def":31,"spa":31,"spd":31,"spe":31},"item":"Life Orb","level":81,"shiny":false},{"name":"Hitmontop","moves":["suckerpunch","machpunch","toxic","closecombat"],"ability":"Technician","evs":{"hp":85,"atk":85,"def":85,"spa":85,"spd":85,"spe":85},"ivs":{"hp":31,"atk":31,"def":31,"spa":31,"spd":31,"spe":31},"item":"Life Orb","level":79,"shiny":false},{"name":"Miltank","moves":["healbell","toxic","curse","bodyslam"],"ability":"Sap Sipper","evs":{"hp":85,"atk":85,"def":85,"spa":85,"spd":85,"spe":85},"ivs":{"hp":31,"atk":31,"def":31,"spa":31,"spd":31,"spe":31},"item":"Leftovers","level":81,"shiny":false},{"name":"Terrakion","moves":["earthquake","stoneedge","stealthrock","substitute"],"ability":"Justified","evs":{"hp":85,"atk":85,"def":85,"spa":85,"spd":85,"spe":85},"ivs":{"hp":31,"atk":31,"def":31,"spa":31,"spd":31,"spe":31},"item":"Leftovers","level":76,"shiny":false},{"name":"Beartic","moves":["swordsdance","stoneedge","superpower","iciclecrash"],"ability":"Snow Cloak","evs":{"hp":85,"atk":85,"def":85,"spa":85,"spd":85,"spe":85},"ivs":{"hp":31,"atk":31,"def":31,"spa":31,"spd":31,"spe":31},"item":"Life Orb","level":83,"shiny":false}],"p2team":[{"name":"Zangoose","moves":["knockoff","quickattack","swordsdance","facade"],"ability":"Toxic Boost","evs":{"hp":85,"atk":85,"def":85,"spa":85,"spd":85,"spe":85},"ivs":{"hp":31,"atk":31,"def":31,"spa":31,"spd":31,"spe":31},"item":"Toxic Orb","level":81,"shiny":false},{"name":"Marowak","moves":["stoneedge","doubleedge","earthquake","substitute"],"ability":"Rock Head","evs":{"hp":85,"atk":85,"def":85,"spa":85,"spd":85,"spe":85},"ivs":{"hp":31,"atk":31,"def":31,"spa":31,"spd":31,"spe":31},"item":"Thick Club","level":83,"shiny":false},{"name":"Rayquaza","moves":["vcreate","dragondance","dragonclaw","dragonascent"],"ability":"Air Lock","evs":{"hp":85,"atk":85,"def":85,"spa":85,"spd":85,"spe":85},"ivs":{"hp":31,"atk":31,"def":31,"spa":31,"spd":31,"spe":31},"item":"Leftovers","level":71,"shiny":false},{"name":"Uxie","moves":["knockoff","uturn","psychic","thunderwave"],"ability":"Levitate","evs":{"hp":85,"atk":85,"def":85,"spa":85,"spd":85,"spe":85},"ivs":{"hp":31,"atk":31,"def":31,"spa":31,"spd":31,"spe":31},"item":"Leftovers","level":81,"shiny":false},{"name":"Pangoro","moves":["knockoff","icepunch","drainpunch","gunkshot"],"ability":"Mold Breaker","evs":{"hp":85,"atk":85,"def":85,"spa":85,"spd":85,"spe":85},"ivs":{"hp":31,"atk":31,"def":31,"spa":31,"spd":31,"spe":31},"item":"Choice Band","level":78,"shiny":false},{"name":"Seviper","moves":["flamethrower","darkpulse","switcheroo","sludgewave"],"ability":"Shed Skin","evs":{"hp":85,"atk":85,"def":85,"spa":85,"spd":85,"spe":85},"ivs":{"hp":31,"atk":31,"def":31,"spa":31,"spd":31,"spe":31},"item":"Choice Scarf","level":83,"shiny":false}],"log":["|player|p1|UG85|170","|player|p2|GarasuReona|179","|gametype|singles","|gen|6","|tier|Random Battle","|rated","|rule|Sleep Clause Mod: Limit one foe put to sleep","|rule|HP Percentage Mod: HP is shown in percentages","|","|start","|switch|p1a: Victini|Victini, L76|277/277","|switch|p2a: Zangoose|Zangoose, L81, M|251/251","|turn|1","|","|move|p1a: Victini|U-turn|p2a: Zangoose","|-damage|p2a: Zangoose|196/251","|","|switch|p1a: Hitmontop|Hitmontop, L79, M|209/209","|move|p2a: Zangoose|Swords Dance|p2a: Zangoose","|-boost|p2a: Zangoose|atk|2","|","|-status|p2a: Zangoose|tox|[from] item: Toxic Orb","|turn|2","|","|move|p1a: Hitmontop|Mach Punch|p2a: Zangoose","|-supereffective|p2a: Zangoose","|-damage|p2a: Zangoose|6/251 tox","|-damage|p1a: Hitmontop|189/209|[from] item: Life Orb","|move|p2a: Zangoose|Facade|p1a: Hitmontop","|-crit|p1a: Hitmontop","|-damage|p1a: Hitmontop|0 fnt","|faint|p1a: Hitmontop","|","|-damage|p2a: Zangoose|0 fnt|[from] psn","|faint|p2a: Zangoose","|","|switch|p2a: Uxie|Uxie, L81|254/254","|switch|p1a: Beartic|Beartic, L83, F|293/293","|turn|3","|","|move|p2a: Uxie|Psychic|p1a: Beartic","|-damage|p1a: Beartic|218/293","|move|p1a: Beartic|Icicle Crash|p2a: Uxie","|-damage|p2a: Uxie|153/254","|-damage|p1a: Beartic|189/293|[from] item: Life Orb","|","|-heal|p2a: Uxie|168/254|[from] item: Leftovers","|turn|4","|","|move|p2a: Uxie|U-turn|p1a: Beartic","|-damage|p1a: Beartic|148/293","|","|switch|p2a: Pangoro|Pangoro, L78, M|276/276","|-ability|p2a: Pangoro|Mold Breaker","|move|p1a: Beartic|Swords Dance|p1a: Beartic","|-boost|p1a: Beartic|atk|2","|","|turn|5","|","|move|p2a: Pangoro|Drain Punch|p1a: Beartic","|-supereffective|p1a: Beartic","|-damage|p1a: Beartic|0 fnt","|faint|p1a: Beartic","|","|","|switch|p1a: Granbull|Granbull, L81, M|278/278","|-ability|p1a: Granbull|Intimidate","|-unboost|p2a: Pangoro|atk|1","|turn|6","|","|switch|p2a: Seviper|Seviper, L83, F|257/257","|move|p1a: Granbull|Thunder Wave|p2a: Seviper","|-status|p2a: Seviper|par","|","|turn|7","|","|move|p1a: Granbull|Earthquake|p2a: Seviper","|-supereffective|p2a: Seviper","|-damage|p2a: Seviper|0 fnt","|-damage|p1a: Granbull|251/278|[from] item: Life Orb","|faint|p2a: Seviper","|","|","|switch|p2a: Rayquaza|Rayquaza, L71|267/267","|-ability|p2a: Rayquaza|Air Lock","|turn|8","|","|detailschange|p2a: Rayquaza|Rayquaza-Mega, L71","|-mega|p2a: Rayquaza|Rayquaza|","|-weather|DeltaStream","|move|p2a: Rayquaza|Dragon Ascent|p1a: Granbull","|-damage|p1a: Granbull|64/278","|-unboost|p2a: Rayquaza|def|1","|-unboost|p2a: Rayquaza|spd|1","|move|p1a: Granbull|Play Rough|p2a: Rayquaza","|-supereffective|p2a: Rayquaza","|-damage|p2a: Rayquaza|0 fnt","|-damage|p1a: Granbull|37/278|[from] item: Life Orb","|faint|p2a: Rayquaza","|-weather|none","|","|","|switch|p2a: Uxie|Uxie, L81|168/254","|turn|9","|","|move|p2a: Uxie|Psychic|p1a: Granbull","|-damage|p1a: Granbull|0 fnt","|faint|p1a: Granbull","|","|-heal|p2a: Uxie|183/254|[from] item: Leftovers","|","|switch|p1a: Miltank|Miltank, L81, F|287/287","|turn|10","|","|move|p1a: Miltank|Body Slam|p2a: Uxie","|-damage|p2a: Uxie|129/254","|-status|p2a: Uxie|par","|cant|p2a: Uxie|par","|","|-heal|p2a: Uxie|144/254 par|[from] item: Leftovers","|turn|11","|","|move|p1a: Miltank|Body Slam|p2a: Uxie","|-damage|p2a: Uxie|92/254 par","|move|p2a: Uxie|Knock Off|p1a: Miltank","|-damage|p1a: Miltank|237/287","|-enditem|p1a: Miltank|Leftovers|[from] move: Knock Off|[of] p2a: Uxie","|","|-heal|p2a: Uxie|107/254 par|[from] item: Leftovers","|turn|12","|","|move|p1a: Miltank|Body Slam|p2a: Uxie","|-damage|p2a: Uxie|55/254 par","|cant|p2a: Uxie|par","|","|-heal|p2a: Uxie|70/254 par|[from] item: Leftovers","|turn|13","|","|move|p1a: Miltank|Body Slam|p2a: Uxie","|-damage|p2a: Uxie|18/254 par","|move|p2a: Uxie|Thunder Wave|p1a: Miltank","|-status|p1a: Miltank|par","|","|-heal|p2a: Uxie|33/254 par|[from] item: Leftovers","|turn|14","|","|move|p1a: Miltank|Body Slam|p2a: Uxie","|-damage|p2a: Uxie|0 fnt","|faint|p2a: Uxie","|","|","|switch|p2a: Pangoro|Pangoro, L78, M|276/276","|-ability|p2a: Pangoro|Mold Breaker","|turn|15","|","|move|p2a: Pangoro|Drain Punch|p1a: Miltank","|-supereffective|p1a: Miltank","|-damage|p1a: Miltank|0 fnt","|faint|p1a: Miltank","|","|","|switch|p1a: Victini|Victini, L76|277/277","|turn|16","|","|move|p1a: Victini|Blue Flare|p2a: Pangoro","|-crit|p2a: Pangoro","|-damage|p2a: Pangoro|41/276","|move|p2a: Pangoro|Drain Punch|p1a: Victini","|-resisted|p1a: Victini","|-damage|p1a: Victini|209/277","|-heal|p2a: Pangoro|75/276|[from] drain|[of] p1a: Victini","|","|turn|17","|","|switch|p2a: Marowak|Marowak, L83, M|235/235","|move|p1a: Victini|Blue Flare|p2a: Marowak","|-damage|p2a: Marowak|100/235","|","|turn|18","|","|move|p1a: Victini|Grass Knot|p2a: Marowak","|-supereffective|p2a: Marowak","|-damage|p2a: Marowak|24/235","|move|p2a: Marowak|Earthquake|p1a: Victini","|-supereffective|p1a: Victini","|-damage|p1a: Victini|0 fnt","|faint|p1a: Victini","|","|","|switch|p1a: Terrakion|Terrakion, L76|263/263","|turn|19","|","|move|p1a: Terrakion|Earthquake|p2a: Marowak","|-damage|p2a: Marowak|0 fnt","|faint|p2a: Marowak","|","|","|switch|p2a: Pangoro|Pangoro, L78, M|75/276","|-ability|p2a: Pangoro|Mold Breaker","|turn|20","|","|move|p1a: Terrakion|Earthquake|p2a: Pangoro","|-damage|p2a: Pangoro|0 fnt","|faint|p2a: Pangoro","|","|win|UG85"],"p1rating":{"entryid":"7298439","serverid":"eos","formatid":"randombattle","userid":"ug85","username":"UG85","w":2,"l":"0","t":"0","gxe":59,"r":"1500","rd":"130","sigma":"0","rptime":"1438333200","rpr":1572.5671258289,"rprd":116.77753930647,"rpsigma":"0","acre":1073.6456820867,"lacre":1073.6456820867,"oldacre":"1044.584930701"},"p2rating":{"entryid":"7121780","serverid":"eos","formatid":"randombattle","userid":"garasureona","username":"GarasuReona","w":"0","l":2,"t":"0","gxe":41.1,"r":1461.8252417291,"rd":123.89031626178,"sigma":"0","rptime":1438333200,"rpr":1428.6848757018,"rprd":117.72181425114,"rpsigma":"0","acre":1000,"lacre":1000,"oldacre":"1000"},"endType":"normal"}