{"seed":[20513,51639,17838,57644],"turns":28,"p1":"Liquid Stranger","p2":"derps","p1team":[{"name":"Dustox","moves":["shadowball","quiverdance","bugbuzz","roost"],"ability":"Shield Dust","evs":{"hp":85,"atk":85,"def":85,"spa":85,"spd":85,"spe":85},"ivs":{"hp":31,"atk":31,"def":31,"spa":31,"spd":31,"spe":31},"item":"Focus Sash","level":83,"shiny":false},{"name":"Hydreigon","moves":["fireblast","flashcannon","dracometeor","superpower"],"ability":"Levitate","evs":{"hp":85,"atk":85,"def":85,"spa":85,"spd":85,"spe":85},"ivs":{"hp":31,"atk":31,"def":31,"spa":31,"spd":31,"spe":31},"item":"Expert Belt","level":77,"shiny":false},{"name":"Granbull","moves":["healbell","earthquake","crunch","playrough"],"ability":"Intimidate","evs":{"hp":85,"atk":85,"def":85,"spa":85,"spd":85,"spe":85},"ivs":{"hp":31,"atk":31,"def":31,"spa":31,"spd":31,"spe":31},"item":"Life Orb","level":81,"shiny":false},{"name":"Rotom-Wash","moves":["trick","hydropump","voltswitch","painsplit"],"ability":"Levitate","evs":{"hp":85,"atk":85,"def":85,"spa":85,"spd":85,"spe":85},"ivs":{"hp":31,"atk":31,"def":31,"spa":31,"spd":31,"spe":31},"item":"Choice Scarf","level":75,"shiny":false},{"name":"Mandibuzz","moves":["bravebird","uturn","whirlwind","toxic"],"ability":"Overcoat","evs":{"hp":81,"atk":89,"def":85,"spa":85,"spd":85,"spe":85},"ivs":{"hp":31,"atk":31,"def":31,"spa":31,"spd":31,"spe":31},"item":"Leftovers","level":77,"shiny":false},{"name":"Snorlax","moves":["crunch","earthquake","firepunch","bodyslam"],"ability":"Thick Fat","evs":{"hp":85,"atk":85,"def":85,"spa":85,"spd":85,"spe":85},"ivs":{"hp":31,"atk":31,"def":31,"spa":31,"spd":31,"spe":31},"item":"Life Orb","level":77,"shiny":false}],"p2team":[{"name":"Ninjask","moves":["batonpass","protect","swordsdance","xscissor"],"ability":"Speed Boost","evs":{"hp":85,"atk":85,"def":85,"spa":85,"spd":85,"spe":85},"ivs":{"hp":31,"atk":31,"def":31,"spa":31,"spd":31,"spe":31},"item":"Leftovers","level":83,"shiny":false},{"name":"Druddigon","moves":["stealthrock","glare","dragontail","suckerpunch"],"ability":"Mold Breaker","evs":{"hp":85,"atk":85,"def":85,"spa":85,"spd":85,"spe":85},"ivs":{"hp":31,"atk":31,"def":31,"spa":31,"spd":31,"spe":31},"item":"Leftovers","level":79,"shiny":false},{"name":"Typhlosion","moves":["extrasensory","eruption","focusblast","hiddenpowergrass"],"ability":"Flash Fire","evs":{"hp":81,"atk":85,"def":85,"spa":89,"spd":85,"spe":85},"ivs":{"hp":31,"atk":30,"def":31,"spa":30,"spd":31,"spe":31},"item":"Choice Scarf","level":80,"shiny":false},{"name":"Snorlax","moves":["whirlwind","crunch","rest","return"],"ability":"Thick Fat","evs":{"hp":85,"atk":85,"def":85,"spa":85,"spd":85,"spe":85},"ivs":{"hp":31,"atk":31,"def":31,"spa":31,"spd":31,"spe":31},"item":"Chesto Berry","level":77,"shiny":false},{"name":"Toxicroak","moves":["drainpunch","gunkshot","swordsdance","substitute"],"ability":"Dry Skin","evs":{"hp":85,"atk":85,"def":85,"spa":85,"spd":85,"spe":85},"ivs":{"hp":31,"atk":31,"def":31,"spa":31,"spd":31,"spe":31},"item":"Black Sludge","level":77,"shiny":false},{"name":"Galvantula","moves":["gigadrain","stickyweb","thunder","voltswitch"],"ability":"Compound Eyes","evs":{"hp":85,"atk":85,"def":85,"spa":85,"spd":85,"spe":85},"ivs":{"hp":31,"atk":31,"def":31,"spa":31,"spd":31,"spe":31},"item":"Life Orb","level":77,"shiny":false}],"log":["|player|p1|Liquid Stranger|92","|player|p2|derps|34","|gametype|singles","|gen|6","|tier|Random Battle","|rated","|rule|Sleep Clause Mod: Limit one foe put to sleep","|rule|HP Percentage Mod: HP is shown in percentages","|","|start","|switch|p1a: Dustox|Dustox, L83, F|235/235","|switch|p2a: Ninjask|Ninjask, L83, M|237/237","|turn|1","|","|switch|p1a: Rotom-Wash|Rotom-Wash, L75|199/199","|move|p2a: Ninjask|Protect|p2a: Ninjask","|-fail|p2a: Ninjask","|","|-boost|p2a: Ninjask|spe|1|[from] ability: Speed Boost","|turn|2","|","|move|p2a: Ninjask|Baton Pass|p2a: Ninjask","|","|switch|p2a: Galvantula|Galvantula, L77, F|234/234","|move|p1a: Rotom-Wash|Trick|p2a: Galvantula","|-activate|p1a: Rotom-Wash|move: Trick|[of] p2a: Galvantula","|-item|p2a: Galvantula|Choice Scarf|[from] move: Trick","|-item|p1a: Rotom-Wash|Life Orb|[from] move: Trick","|","|turn|3","|","|move|p2a: Galvantula|Sticky Web|p1a: Rotom-Wash","|-sidestart|p1: Liquid Stranger|move: Sticky Web","|move|p1a: Rotom-Wash|Volt Switch|p2a: Galvantula","|-resisted|p2a: Galvantula","|-damage|p2a: Galvantula|176/234","|-damage|p1a: Rotom-Wash|180/199|[from] item: Life Orb","|","|switch|p1a: Hydreigon|Hydreigon, L77, M|268/268","|","|turn|4","|","|switch|p2a: Ninjask|Ninjask, L83, M|237/237","|move|p1a: Hydreigon|Fire Blast|p2a: Ninjask","|-supereffective|p2a: Ninjask","|-damage|p2a: Ninjask|0 fnt","|faint|p2a: Ninjask","|","|","|switch|p2a: Galvantula|Galvantula, L77, F|176/234","|turn|5","|","|move|p2a: Galvantula|Volt Switch|p1a: Hydreigon","|-resisted|p1a: Hydreigon","|-damage|p1a: Hydreigon|237/268","|","|switch|p2a: Snorlax|Snorlax, L77, F|373/373","|move|p1a: Hydreigon|Fire Blast|p2a: Snorlax","|-damage|p2a: Snorlax|333/373","|","|turn|6","|","|switch|p1a: Granbull|Granbull, L81, M|278/278","|-activate|p1a: Granbull|move: Sticky Web","|-unboost|p1a: Granbull|spe|1","|-ability|p1a: Granbull|Intimidate","|-unboost|p2a: Snorlax|atk|1","|move|p2a: Snorlax|Return|p1a: Granbull","|-damage|p1a: Granbull|197/278","|","|turn|7","|","|switch|p2a: Galvantula|Galvantula, L77, F|176/234","|move|p1a: Granbull|Play Rough|p2a: Galvantula","|-damage|p2a: Galvantula|0 fnt","|-damage|p1a: Granbull|170/278|[from] item: Life Orb","|faint|p2a: Galvantula","|","|","|switch|p2a: Toxicroak|Toxicroak, L77, F|254/254","|turn|8","|","|move|p2a: Toxicroak|Substitute|p2a: Toxicroak","|-start|p2a: Toxicroak|Substitute","|-damage|p2a: Toxicroak|191/254","|move|p1a: Granbull|Earthquake|p2a: Toxicroak","|-supereffective|p2a: Toxicroak","|-end|p2a: Toxicroak|Substitute","|-damage|p1a: Granbull|143/278|[from] item: Life Orb","|","|-heal|p2a: Toxicroak|206/254|[from] item: Black Sludge","|turn|9","|","|move|p2a: Toxicroak|Gunk Shot|p1a: Granbull","|-supereffective|p1a: Granbull","|-damage|p1a: Granbull|0 fnt","|faint|p1a: Granbull","|","|-heal|p2a: Toxicroak|221/254|[from] item: Black Sludge","|","|switch|p1a: Snorlax|Snorlax, L77, F|373/373","|-activate|p1a: Snorlax|move: Sticky Web","|-unboost|p1a: Snorlax|spe|1","|turn|10","|","|move|p2a: Toxicroak|Drain Punch|p1a: Snorlax","|-supereffective|p1a: Snorlax","|-damage|p1a: Snorlax|167/373","|-heal|p2a: Toxicroak|254/254|[from] drain|[of] p1a: Snorlax","|move|p1a: Snorlax|Body Slam|p2a: Toxicroak","|-crit|p2a: Toxicroak","|-damage|p2a: Toxicroak|24/254","|-damage|p1a: Snorlax|130/373|[from] item: Life Orb","|","|-heal|p2a: Toxicroak|39/254|[from] item: Black Sludge","|turn|11","|","|switch|p1a: Dustox|Dustox, L83, F|235/235","|-activate|p1a: Dustox|move: Sticky Web","|-unboost|p1a: Dustox|spe|1","|move|p2a: Toxicroak|Drain Punch|p1a: Dustox","|-resisted|p1a: Dustox","|-damage|p1a: Dustox|213/235","|-heal|p2a: Toxicroak|50/254|[from] drain|[of] p1a: Dustox","|","|-heal|p2a: Toxicroak|65/254|[from] item: Black Sludge","|turn|12","|","|move|p2a: Toxicroak|Substitute|p2a: Toxicroak","|-start|p2a: Toxicroak|Substitute","|-damage|p2a: Toxicroak|2/254","|move|p1a: Dustox|Quiver Dance|p1a: Dustox","|-boost|p1a: Dustox|spa|1","|-boost|p1a: Dustox|spd|1","|-boost|p1a: Dustox|spe|1","|","|-heal|p2a: Toxicroak|17/254|[from] item: Black Sludge","|turn|13","|","|move|p2a: Toxicroak|Gunk Shot|p1a: Dustox","|-crit|p1a: Dustox","|-resisted|p1a: Dustox","|-damage|p1a: Dustox|108/235","|move|p1a: Dustox|Shadow Ball|p2a: Toxicroak","|-end|p2a: Toxicroak|Substitute","|","|-heal|p2a: Toxicroak|32/254|[from] item: Black Sludge","|turn|14","|","|switch|p2a: Snorlax|Snorlax, L77, F|333/373","|move|p1a: Dustox|Shadow Ball|p2a: Snorlax","|-immune|p2a: Snorlax|[msg]","|","|turn|15","|","|move|p1a: Dustox|Roost|p1a: Dustox","|-heal|p1a: Dustox|226/235","|move|p2a: Snorlax|Return|p1a: Dustox","|-damage|p1a: Dustox|105/235","|","|turn|16","|","|move|p1a: Dustox|Roost|p1a: Dustox","|-heal|p1a: Dustox|223/235","|move|p2a: Snorlax|Return|p1a: Dustox","|-damage|p1a: Dustox|97/235","|","|turn|17","|","|move|p1a: Dustox|Bug Buzz|p2a: Snorlax","|-damage|p2a: Snorlax|257/373","|move|p2a: Snorlax|Return|p1a: Dustox","|-crit|p1a: Dustox","|-damage|p1a: Dustox|0 fnt","|faint|p1a: Dustox","|","|","|switch|p1a: Hydreigon|Hydreigon, L77, M|237/268","|turn|18","|","|move|p1a: Hydreigon|Superpower|p2a: Snorlax","|-supereffective|p2a: Snorlax","|-damage|p2a: Snorlax|31/373","|-unboost|p1a: Hydreigon|atk|1","|-unboost|p1a: Hydreigon|def|1","|move|p2a: Snorlax|Rest|p2a: Snorlax","|-status|p2a: Snorlax|slp","|-heal|p2a: Snorlax|373/373 slp|[silent]","|-status|p2a: Snorlax|slp|[from] move: Rest","|-enditem|p2a: Snorlax|Chesto Berry|[eat]","|-curestatus|p2a: Snorlax|slp","|","|turn|19","|","|switch|p1a: Rotom-Wash|Rotom-Wash, L75|180/199","|move|p2a: Snorlax|Return|p1a: Rotom-Wash","|-damage|p1a: Rotom-Wash|83/199","|","|turn|20","|","|move|p1a: Rotom-Wash|Pain Split|p2a: Snorlax","|-sethp|p2a: Snorlax|228/373|p1a: Rotom-Wash|199/199|[from] move: Pain Split","|move|p2a: Snorlax|Return|p1a: Rotom-Wash","|-damage|p1a: Rotom-Wash|108/199","|","|turn|21","|","|move|p1a: Rotom-Wash|Trick|p2a: Snorlax","|-activate|p1a: Rotom-Wash|move: Trick|[of] p2a: Snorlax","|-item|p2a: Snorlax|Life Orb|[from] move: Trick","|move|p2a: Snorlax|Return|p1a: Rotom-Wash","|-damage|p1a: Rotom-Wash|0 fnt","|-damage|p2a: Snorlax|191/373|[from] item: Life Orb","|faint|p1a: Rotom-Wash","|","|","|switch|p1a: Hydreigon|Hydreigon, L77, M|237/268","|turn|22","|","|switch|p2a: Toxicroak|Toxicroak, L77, F|32/254","|move|p1a: Hydreigon|Superpower|p2a: Toxicroak","|-resisted|p2a: Toxicroak","|-damage|p2a: Toxicroak|0 fnt","|-unboost|p1a: Hydreigon|atk|1","|-unboost|p1a: Hydreigon|def|1","|faint|p2a: Toxicroak","|","|","|switch|p2a: Druddigon|Druddigon, L79, M|251/251","|-ability|p2a: Druddigon|Mold Breaker","|turn|23","|","|move|p1a: Hydreigon|Draco Meteor|p2a: Druddigon","|-crit|p2a: Druddigon","|-supereffective|p2a: Druddigon","|-damage|p2a: Druddigon|0 fnt","|-unboost|p1a: Hydreigon|spa|2","|faint|p2a: Druddigon","|","|","|switch|p2a: Typhlosion|Typhlosion, L80, F|255/255","|turn|24","|","|switch|p1a: Mandibuzz|Mandibuzz, L77, F|295/295","|move|p2a: Typhlosion|Focus Blast|p1a: Mandibuzz","|-damage|p1a: Mandibuzz|202/295","|","|-heal|p1a: Mandibuzz|220/295|[from] item: Leftovers","|turn|25","|","|switch|p2a: Snorlax|Snorlax, L77, F|191/373","|move|p1a: Mandibuzz|Brave Bird|p2a: Snorlax","|-damage|p2a: Snorlax|83/373","|-damage|p1a: Mandibuzz|184/295|[from] recoil|[of] p2a: Snorlax","|","|-heal|p1a: Mandibuzz|202/295|[from] item: Leftovers","|turn|26","|","|move|p1a: Mandibuzz|Brave Bird|p2a: Snorlax","|-damage|p2a: Snorlax|0 fnt","|-damage|p1a: Mandibuzz|175/295|[from] recoil|[of] p2a: Snorlax","|faint|p2a: Snorlax","|","|-heal|p1a: Mandibuzz|193/295|[from] item: Leftovers","|","|switch|p2a: Typhlosion|Typhlosion, L80, F|255/255","|turn|27","|","|move|p2a: Typhlosion|Eruption|p1a: Mandibuzz","|-damage|p1a: Mandibuzz|25/295","|move|p1a: Mandibuzz|Brave Bird|p2a: Typhlosion","|-damage|p2a: Typhlosion|161/255","|-damage|p1a: Mandibuzz|0 fnt|[from] recoil|[of] p2a: Typhlosion","|faint|p1a: Mandibuzz","|","|","|switch|p1a: Hydreigon|Hydreigon, L77, M|237/268","|turn|28","|","|win|Liquid Stranger"],"p1rating":{"entryid":"7128950","serverid":"eos","formatid":"randombattle","userid":"liquidstranger","username":"Liquid Stranger","w":13,"l":"11","t":"0","gxe":54.3,"r":"1493.4337071254","rd":"69.804175405667","sigma":"0","rptime":"1438333200","rpr":1532.6561316363,"rprd":66.34112619334,"rpsigma":"0","acre":1122.4449815969,"lacre":1122.4449815969,"oldacre":"1100.6135602829"},"p2rating":{"entryid":"6598981","serverid":"eos","formatid":"randombattle","userid":"derps","username":"derps","w":"3","l":4,"t":"0","gxe":47.7,"r":"1511.5847062699","rd":"105.09455208799","sigma":"0","rptime":"1438333200","rpr":1481.5762918271,"rprd":100.80155527876,"rpsigma":"0","acre":1040.2278776011,"lacre":1040.2278776011,"oldacre":"1056.3403910048"},"endType":"forfeit"}