{"seed":[4677,18457,17809,42763],"turns":24,"p1":"Liquid Stranger","p2":"Emg GL Linket","p1team":[{"name":"Thundurus-Therian","moves":["hiddenpowerice","nastyplot","focusblast","thunderbolt"],"ability":"Volt Absorb","evs":{"hp":85,"atk":85,"def":85,"spa":85,"spd":85,"spe":85},"ivs":{"hp":31,"atk":30,"def":30,"spa":31,"spd":31,"spe":31},"item":"Life Orb","level":76,"shiny":false},{"name":"Reuniclus","moves":["shadowball","calmmind","psyshock","focusblast"],"ability":"Magic Guard","evs":{"hp":85,"atk":85,"def":85,"spa":85,"spd":85,"spe":85},"ivs":{"hp":31,"atk":31,"def":31,"spa":31,"spd":31,"spe":31},"item":"Life Orb","level":77,"shiny":false},{"name":"Aurorus","moves":["earthpower","freezedry","hypervoice","stealthrock"],"ability":"Refrigerate","evs":{"hp":81,"atk":85,"def":85,"spa":89,"spd":85,"spe":85},"ivs":{"hp":31,"atk":31,"def":31,"spa":31,"spd":31,"spe":31},"item":"Leftovers","level":83,"shiny":false},{"name":"Glaceon","moves":["protect","toxic","wish","icebeam"],"ability":"Snow Cloak","evs":{"hp":81,"atk":85,"def":85,"spa":89,"spd":85,"spe":85},"ivs":{"hp":31,"atk":31,"def":31,"spa":31,"spd":31,"spe":31},"item":"Leftovers","level":83,"shiny":false},{"name":"Sigilyph","moves":["roost","psychoshift","storedpower","cosmicpower"],"ability":"Magic Guard","evs":{"hp":85,"atk":85,"def":85,"spa":85,"spd":85,"spe":85},"ivs":{"hp":31,"atk":31,"def":31,"spa":31,"spd":31,"spe":31},"item":"Flame Orb","level":79,"shiny":false},{"name":"Heliolisk","moves":["raindance","thunder","surf","hypervoice"],"ability":"Dry Skin","evs":{"hp":85,"atk":85,"def":85,"spa":85,"spd":85,"spe":85},"ivs":{"hp":31,"atk":31,"def":31,"spa":31,"spd":31,"spe":31},"item":"Damp Rock","level":77,"shiny":false}],"p2team":[{"name":"Bouffalant","moves":["swordsdance","earthquake","superpower","headcharge"],"ability":"Sap Sipper","evs":{"hp":85,"atk":85,"def":85,"spa":85,"spd":85,"spe":85},"ivs":{"hp":31,"atk":31,"def":31,"spa":31,"spd":31,"spe":31},"item":"Leftovers","level":81,"shiny":false},{"name":"Sylveon","moves":["batonpass","shadowball","hypervoice","wish"],"ability":"Pixilate","evs":{"hp":85,"atk":85,"def":85,"spa":85,"spd":85,"spe":85},"ivs":{"hp":31,"atk":31,"def":31,"spa":31,"spd":31,"spe":31},"item":"Leftovers","level":75,"shiny":false},{"name":"Gyarados","moves":["crunch","dragondance","earthquake","substitute"],"ability":"Moxie","evs":{"hp":85,"atk":85,"def":85,"spa":85,"spd":85,"spe":85},"ivs":{"hp":31,"atk":31,"def":31,"spa":31,"spd":31,"spe":31},"item":"Gyaradosite","level":75,"shiny":false},{"name":"Wormadam-Trash","moves":["gyroball","protect","toxic","stealthrock"],"ability":"Overcoat","evs":{"hp":85,"atk":170,"def":85,"spa":85,"spd":85,"spe":0},"ivs":{"hp":31,"atk":31,"def":31,"spa":31,"spd":31,"spe":0},"item":"Leftovers","level":83,"shiny":false},{"name":"Serperior","moves":["substitute","leafstorm","glare","hiddenpowerfire"],"ability":"Contrary","evs":{"hp":85,"atk":85,"def":85,"spa":85,"spd":85,"spe":85},"ivs":{"hp":31,"atk":30,"def":31,"spa":30,"spd":31,"spe":30},"item":"Leftovers","level":75,"shiny":false},{"name":"Aggron","moves":["lowkick","autotomize","headsmash","heavyslam"],"ability":"Rock Head","evs":{"hp":85,"atk":85,"def":85,"spa":85,"spd":85,"spe":85},"ivs":{"hp":31,"atk":31,"def":31,"spa":31,"spd":31,"spe":31},"item":"Air Balloon","level":79,"shiny":false}],"log":["|player|p1|Liquid Stranger|92","|player|p2|Emg GL Linket|1","|gametype|singles","|gen|6","|tier|Random Battle","|rated","|rule|Sleep Clause Mod: Limit one foe put to sleep","|rule|HP Percentage Mod: HP is shown in percentages","|","|start","|switch|p1a: Thundurus-Therian|Thundurus-Therian, L76, M|245/245","|switch|p2a: Bouffalant|Bouffalant, L81, F|287/287","|turn|1","|","|switch|p2a: Wormadam-Trash|Wormadam-Trash, L83, F|235/235","|move|p1a: Thundurus-Therian|Focus Blast|p2a: Wormadam-Trash","|-crit|p2a: Wormadam-Trash","|-damage|p2a: Wormadam-Trash|62/235","|-damage|p1a: Thundurus-Therian|221/245|[from] item: Life Orb","|","|-heal|p2a: Wormadam-Trash|76/235|[from] item: Leftovers","|turn|2","|","|move|p2a: Wormadam-Trash|Protect|p2a: Wormadam-Trash","|-singleturn|p2a: Wormadam-Trash|Protect","|move|p1a: Thundurus-Therian|Thunderbolt|p2a: Wormadam-Trash","|-activate|p2a: Wormadam-Trash|Protect","|","|-heal|p2a: Wormadam-Trash|90/235|[from] item: Leftovers","|turn|3","|","|move|p1a: Thundurus-Therian|Nasty Plot|p1a: Thundurus-Therian","|-boost|p1a: Thundurus-Therian|spa|2","|move|p2a: Wormadam-Trash|Toxic|p1a: Thundurus-Therian","|-status|p1a: Thundurus-Therian|tox","|","|-heal|p2a: Wormadam-Trash|104/235|[from] item: Leftovers","|-damage|p1a: Thundurus-Therian|206/245 tox|[from] psn","|turn|4","|","|move|p1a: Thundurus-Therian|Nasty Plot|p1a: Thundurus-Therian","|-boost|p1a: Thundurus-Therian|spa|2","|move|p2a: Wormadam-Trash|Stealth Rock|p1a: Thundurus-Therian","|-sidestart|p1: Liquid Stranger|move: Stealth Rock","|","|-heal|p2a: Wormadam-Trash|118/235|[from] item: Leftovers","|-damage|p1a: Thundurus-Therian|176/245 tox|[from] psn","|turn|5","|","|move|p2a: Wormadam-Trash|Protect|p2a: Wormadam-Trash","|-singleturn|p2a: Wormadam-Trash|Protect","|move|p1a: Thundurus-Therian|Thunderbolt|p2a: Wormadam-Trash","|-activate|p2a: Wormadam-Trash|Protect","|","|-heal|p2a: Wormadam-Trash|132/235|[from] item: Leftovers","|-damage|p1a: Thundurus-Therian|131/245 tox|[from] psn","|turn|6","|","|move|p2a: Wormadam-Trash|Protect|p2a: Wormadam-Trash","|-fail|p2a: Wormadam-Trash","|move|p1a: Thundurus-Therian|Thunderbolt|p2a: Wormadam-Trash","|-damage|p2a: Wormadam-Trash|0 fnt","|-damage|p1a: Thundurus-Therian|107/245 tox|[from] item: Life Orb","|faint|p2a: Wormadam-Trash","|","|-damage|p1a: Thundurus-Therian|47/245 tox|[from] psn","|","|switch|p2a: Serperior|Serperior, L75, M|236/236","|turn|7","|","|move|p2a: Serperior|Substitute|p2a: Serperior","|-start|p2a: Serperior|Substitute","|-damage|p2a: Serperior|177/236","|move|p1a: Thundurus-Therian|Hidden Power|p2a: Serperior","|-supereffective|p2a: Serperior","|-end|p2a: Serperior|Substitute","|-damage|p1a: Thundurus-Therian|23/245 tox|[from] item: Life Orb","|","|-heal|p2a: Serperior|191/236|[from] item: Leftovers","|-damage|p1a: Thundurus-Therian|0 fnt|[from] psn","|faint|p1a: Thundurus-Therian","|","|switch|p1a: Glaceon|Glaceon, L83, F|243/243","|-damage|p1a: Glaceon|183/243|[from] Stealth Rock","|turn|8","|","|switch|p2a: Aggron|Aggron, L79, F|240/240","|-item|p2a: Aggron|Air Balloon","|move|p1a: Glaceon|Ice Beam|p2a: Aggron","|-resisted|p2a: Aggron","|-damage|p2a: Aggron|161/240","|-enditem|p2a: Aggron|Air Balloon","|-status|p2a: Aggron|frz","|","|-heal|p1a: Glaceon|198/243|[from] item: Leftovers","|turn|9","|","|switch|p1a: Reuniclus|Reuniclus, L77, M|296/296","|-curestatus|p2a: Aggron|frz","|move|p2a: Aggron|Autotomize|p2a: Aggron","|-boost|p2a: Aggron|spe|2","|-start|p2a: Aggron|Autotomize","|","|turn|10","|","|move|p2a: Aggron|Head Smash|p1a: Reuniclus","|-damage|p1a: Reuniclus|101/296","|move|p1a: Reuniclus|Focus Blast|p2a: Aggron","|-supereffective|p2a: Aggron","|-damage|p2a: Aggron|0 fnt","|faint|p2a: Aggron","|","|","|switch|p2a: Gyarados|Gyarados, L75, M|266/266","|turn|11","|","|move|p2a: Gyarados|Crunch|p1a: Reuniclus","|-supereffective|p1a: Reuniclus","|-damage|p1a: Reuniclus|0 fnt","|faint|p1a: Reuniclus","|-boost|p2a: Gyarados|atk|1|[from] ability: Moxie","|","|","|switch|p1a: Heliolisk|Heliolisk, L77, M|222/222","|-damage|p1a: Heliolisk|195/222|[from] Stealth Rock","|turn|12","|","|detailschange|p2a: Gyarados|Gyarados-Mega, L75, M","|-mega|p2a: Gyarados|Gyarados|Gyaradosite","|-ability|p2a: Gyarados|Mold Breaker","|move|p1a: Heliolisk|Thunder|p2a: Gyarados","|-supereffective|p2a: Gyarados","|-damage|p2a: Gyarados|104/266","|-status|p2a: Gyarados|par","|move|p2a: Gyarados|Earthquake|p1a: Heliolisk","|-supereffective|p1a: Heliolisk","|-damage|p1a: Heliolisk|0 fnt","|faint|p1a: Heliolisk","|","|","|switch|p1a: Aurorus|Aurorus, L83, F|339/339","|-damage|p1a: Aurorus|255/339|[from] Stealth Rock","|turn|13","|","|move|p1a: Aurorus|Freeze-Dry|p2a: Gyarados","|-supereffective|p2a: Gyarados","|-damage|p2a: Gyarados|0 fnt","|faint|p2a: Gyarados","|","|-heal|p1a: Aurorus|276/339|[from] item: Leftovers","|","|switch|p2a: Sylveon|Sylveon, L75, M|266/266","|turn|14","|","|move|p1a: Aurorus|Hyper Voice|p2a: Sylveon","|-crit|p2a: Sylveon","|-damage|p2a: Sylveon|112/266","|move|p2a: Sylveon|Hyper Voice|p1a: Aurorus","|-damage|p1a: Aurorus|156/339","|","|-heal|p1a: Aurorus|177/339|[from] item: Leftovers","|-heal|p2a: Sylveon|128/266|[from] item: Leftovers","|turn|15","|","|move|p1a: Aurorus|Hyper Voice|p2a: Sylveon","|-damage|p2a: Sylveon|31/266","|move|p2a: Sylveon|Hyper Voice|p1a: Aurorus","|-damage|p1a: Aurorus|57/339","|","|-heal|p1a: Aurorus|78/339|[from] item: Leftovers","|-heal|p2a: Sylveon|47/266|[from] item: Leftovers","|turn|16","|","|move|p1a: Aurorus|Hyper Voice|p2a: Sylveon","|-damage|p2a: Sylveon|0 fnt","|faint|p2a: Sylveon","|","|-heal|p1a: Aurorus|99/339|[from] item: Leftovers","|","|switch|p2a: Bouffalant|Bouffalant, L81, F|287/287","|turn|17","|","|move|p1a: Aurorus|Hyper Voice|p2a: Bouffalant","|-damage|p2a: Bouffalant|155/287","|move|p2a: Bouffalant|Earthquake|p1a: Aurorus","|-supereffective|p1a: Aurorus","|-damage|p1a: Aurorus|0 fnt","|faint|p1a: Aurorus","|","|-heal|p2a: Bouffalant|172/287|[from] item: Leftovers","|","|switch|p1a: Sigilyph|Sigilyph, L79, F|243/243","|turn|18","|","|move|p1a: Sigilyph|Psycho Shift|p2a: Bouffalant","|-fail|p2a: Bouffalant","|move|p2a: Bouffalant|Head Charge|p1a: Sigilyph","|-damage|p1a: Sigilyph|98/243","|-damage|p2a: Bouffalant|136/287|[from] recoil|[of] p1a: Sigilyph","|","|-heal|p2a: Bouffalant|153/287|[from] item: Leftovers","|-status|p1a: Sigilyph|brn|[from] item: Flame Orb","|turn|19","|","|move|p1a: Sigilyph|Roost|p1a: Sigilyph","|-heal|p1a: Sigilyph|220/243 brn","|move|p2a: Bouffalant|Head Charge|p1a: Sigilyph","|-damage|p1a: Sigilyph|61/243 brn","|-damage|p2a: Bouffalant|113/287|[from] recoil|[of] p1a: Sigilyph","|","|-heal|p2a: Bouffalant|130/287|[from] item: Leftovers","|turn|20","|","|move|p1a: Sigilyph|Roost|p1a: Sigilyph","|-heal|p1a: Sigilyph|183/243 brn","|move|p2a: Bouffalant|Head Charge|p1a: Sigilyph","|-damage|p1a: Sigilyph|21/243 brn","|-damage|p2a: Bouffalant|89/287|[from] recoil|[of] p1a: Sigilyph","|","|-heal|p2a: Bouffalant|106/287|[from] item: Leftovers","|turn|21","|","|move|p1a: Sigilyph|Roost|p1a: Sigilyph","|-heal|p1a: Sigilyph|143/243 brn","|move|p2a: Bouffalant|Head Charge|p1a: Sigilyph","|-damage|p1a: Sigilyph|0 fnt","|-damage|p2a: Bouffalant|70/287|[from] recoil|[of] p1a: Sigilyph","|faint|p1a: Sigilyph","|","|-heal|p2a: Bouffalant|87/287|[from] item: Leftovers","|","|switch|p1a: Glaceon|Glaceon, L83, F|198/243","|-damage|p1a: Glaceon|138/243|[from] Stealth Rock","|turn|22","|","|move|p1a: Glaceon|Protect|p1a: Glaceon","|-singleturn|p1a: Glaceon|Protect","|move|p2a: Bouffalant|Superpower|p1a: Glaceon","|-activate|p1a: Glaceon|Protect","|","|-heal|p1a: Glaceon|153/243|[from] item: Leftovers","|-heal|p2a: Bouffalant|104/287|[from] item: Leftovers","|turn|23","|","|move|p1a: Glaceon|Ice Beam|p2a: Bouffalant","|-damage|p2a: Bouffalant|0 fnt","|faint|p2a: Bouffalant","|","|-heal|p1a: Glaceon|168/243|[from] item: Leftovers","|","|switch|p2a: Serperior|Serperior, L75, M|191/236","|turn|24","|","|move|p2a: Serperior|Glare|p1a: Glaceon","|-status|p1a: Glaceon|par","|move|p1a: Glaceon|Ice Beam|p2a: Serperior","|-supereffective|p2a: Serperior","|-damage|p2a: Serperior|0 fnt","|faint|p2a: Serperior","|","|win|Liquid Stranger"],"p1rating":{"entryid":"7128950","serverid":"eos","formatid":"randombattle","userid":"liquidstranger","username":"Liquid Stranger","w":15,"l":"11","t":"0","gxe":56.6,"r":"1493.4337071254","rd":"69.804175405667","sigma":"0","rptime":"1438333200","rpr":1550.9050679362,"rprd":64.367381048339,"rpsigma":"0","acre":1159.1837932539,"lacre":1159.1837932539,"oldacre":"1138.9818718382"},"p2rating":{"entryid":"7099396","serverid":"eos","formatid":"randombattle","userid":"emggllinket","username":"Emg GL Linket","w":"2","l":4,"t":"0","gxe":43.6,"r":"1431.8490292454","rd":"117.8348725571","sigma":"0","rptime":"1438333200","rpr":1449.807565319,"rprd":99.316322025105,"rpsigma":"0","acre":1054.7206529344,"lacre":1054.7206529344,"oldacre":"1071.463638335"},"endType":"normal"}