{"seed":[3958,44444,4203,5619],"turns":25,"p1":"luisdaniel225555","p2":"tozase-4","p1team":[{"name":"Phione","moves":["raindance","rest","scald","uturn"],"ability":"Hydration","evs":{"hp":85,"atk":85,"def":85,"spa":85,"spd":85,"spe":85},"ivs":{"hp":31,"atk":31,"def":31,"spa":31,"spd":31,"spe":31},"item":"Damp Rock","level":83,"shiny":false},{"name":"Heatmor","moves":["knockoff","gigadrain","focusblast","fireblast"],"ability":"Flash Fire","evs":{"hp":85,"atk":85,"def":85,"spa":85,"spd":85,"spe":85},"ivs":{"hp":31,"atk":31,"def":31,"spa":31,"spd":31,"spe":31},"item":"Expert Belt","level":83,"shiny":false},{"name":"Scizor","moves":["bulletpunch","swordsdance","superpower","bugbite"],"ability":"Technician","evs":{"hp":85,"atk":85,"def":85,"spa":85,"spd":85,"spe":85},"ivs":{"hp":31,"atk":31,"def":31,"spa":31,"spd":31,"spe":31},"item":"Scizorite","level":75,"shiny":false},{"name":"Sandslash","moves":["knockoff","rapidspin","earthquake","toxic"],"ability":"Sand Rush","evs":{"hp":85,"atk":85,"def":85,"spa":85,"spd":85,"spe":85},"ivs":{"hp":31,"atk":31,"def":31,"spa":31,"spd":31,"spe":31},"item":"Life Orb","level":81,"shiny":false},{"name":"Ludicolo","moves":["icebeam","focusblast","scald","gigadrain"],"ability":"Rain Dish","evs":{"hp":85,"atk":85,"def":85,"spa":85,"spd":85,"spe":85},"ivs":{"hp":31,"atk":31,"def":31,"spa":31,"spd":31,"spe":31},"item":"Choice Specs","level":81,"shiny":false},{"name":"Carbink","moves":["moonblast","lightscreen","explosion","reflect"],"ability":"Sturdy","evs":{"hp":85,"atk":85,"def":85,"spa":85,"spd":85,"spe":85},"ivs":{"hp":31,"atk":31,"def":31,"spa":31,"spd":31,"spe":31},"item":"Light Clay","level":83,"shiny":false}],"p2team":[{"name":"Ariados","moves":["poisonjab","toxicspikes","suckerpunch","megahorn"],"ability":"Insomnia","evs":{"hp":81,"atk":89,"def":85,"spa":85,"spd":85,"spe":85},"ivs":{"hp":31,"atk":31,"def":31,"spa":31,"spd":31,"spe":31},"item":"Life Orb","level":83,"shiny":false},{"name":"Throh","moves":["stormthrow","knockoff","bulkup","icepunch"],"ability":"Guts","evs":{"hp":85,"atk":85,"def":85,"spa":85,"spd":85,"spe":85},"ivs":{"hp":31,"atk":31,"def":31,"spa":31,"spd":31,"spe":31},"item":"Toxic Orb","level":82,"shiny":false},{"name":"Luvdisc","moves":["icebeam","toxic","scald","protect"],"ability":"Hydration","evs":{"hp":85,"atk":85,"def":85,"spa":85,"spd":85,"spe":85},"ivs":{"hp":31,"atk":31,"def":31,"spa":31,"spd":31,"spe":31},"item":"Leftovers","level":83,"shiny":false},{"name":"Yanmega","moves":["uturn","protect","gigadrain","ancientpower"],"ability":"Speed Boost","evs":{"hp":81,"atk":85,"def":85,"spa":89,"spd":85,"spe":85},"ivs":{"hp":31,"atk":31,"def":31,"spa":31,"spd":31,"spe":31},"item":"Life Orb","level":78,"shiny":false},{"name":"Skarmory","moves":["stealthrock","whirlwind","bravebird","roost"],"ability":"Sturdy","evs":{"hp":85,"atk":85,"def":85,"spa":85,"spd":85,"spe":85},"ivs":{"hp":31,"atk":31,"def":31,"spa":31,"spd":31,"spe":31},"item":"Leftovers","level":75,"shiny":false},{"name":"Druddigon","moves":["earthquake","dragontail","firepunch","outrage"],"ability":"Sheer Force","evs":{"hp":85,"atk":85,"def":85,"spa":85,"spd":85,"spe":85},"ivs":{"hp":31,"atk":31,"def":31,"spa":31,"spd":31,"spe":31},"item":"Life Orb","level":79,"shiny":false}],"log":["|player|p1|luisdaniel225555|170","|player|p2|tozase-4|70","|gametype|singles","|gen|6","|tier|Random Battle","|rated","|rule|Sleep Clause Mod: Limit one foe put to sleep","|rule|HP Percentage Mod: HP is shown in percentages","|","|start","|switch|p1a: Phione|Phione, L83|268/268","|switch|p2a: Ariados|Ariados, L83, M|251/251","|turn|1","|","|move|p1a: Phione|Rain Dance|p1a: Phione","|-weather|RainDance","|move|p2a: Ariados|Toxic Spikes|p1a: Phione","|-sidestart|p1: luisdaniel225555|move: Toxic Spikes","|","|-weather|RainDance|[upkeep]","|turn|2","|","|move|p1a: Phione|Scald|p2a: Ariados","|-damage|p2a: Ariados|115/251","|-status|p2a: Ariados|brn","|move|p2a: Ariados|Poison Jab|p1a: Phione","|-damage|p1a: Phione|215/268","|-status|p1a: Phione|psn","|-damage|p2a: Ariados|90/251 brn|[from] item: Life Orb","|","|-weather|RainDance|[upkeep]","|-curestatus|p1a: Phione|psn","|-damage|p2a: Ariados|59/251 brn|[from] brn","|turn|3","|","|switch|p2a: Druddigon|Druddigon, L79, M|251/251","|move|p1a: Phione|Scald|p2a: Druddigon","|-resisted|p2a: Druddigon","|-damage|p2a: Druddigon|194/251","|","|-weather|RainDance|[upkeep]","|turn|4","|","|move|p1a: Phione|Scald|p2a: Druddigon","|-resisted|p2a: Druddigon","|-damage|p2a: Druddigon|140/251","|-status|p2a: Druddigon|brn","|move|p2a: Druddigon|Earthquake|p1a: Phione","|-damage|p1a: Phione|160/268","|-damage|p2a: Druddigon|115/251 brn|[from] item: Life Orb","|","|-weather|RainDance|[upkeep]","|-damage|p2a: Druddigon|84/251 brn|[from] brn","|turn|5","|","|move|p1a: Phione|Scald|p2a: Druddigon","|-resisted|p2a: Druddigon","|-damage|p2a: Druddigon|30/251 brn","|move|p2a: Druddigon|Outrage|p1a: Phione","|-crit|p1a: Phione","|-damage|p1a: Phione|16/268","|-damage|p2a: Druddigon|5/251 brn|[from] item: Life Orb","|","|-weather|RainDance|[upkeep]","|-damage|p2a: Druddigon|0 fnt|[from] brn","|faint|p2a: Druddigon","|","|switch|p2a: Luvdisc|Luvdisc, L83, F|207/207","|turn|6","|","|switch|p1a: Ludicolo|Ludicolo, L81, F|262/262","|-status|p1a: Ludicolo|psn","|move|p2a: Luvdisc|Scald|p1a: Ludicolo","|-resisted|p1a: Ludicolo","|-damage|p1a: Ludicolo|248/262 psn","|","|-weather|RainDance|[upkeep]","|-heal|p1a: Ludicolo|262/262 psn|[from] ability: Rain Dish","|-damage|p1a: Ludicolo|230/262 psn|[from] psn","|turn|7","|","|move|p2a: Luvdisc|Ice Beam|p1a: Ludicolo","|-damage|p1a: Ludicolo|198/262 psn","|move|p1a: Ludicolo|Giga Drain|p2a: Luvdisc","|-supereffective|p2a: Luvdisc","|-damage|p2a: Luvdisc|0 fnt","|-heal|p1a: Ludicolo|262/262 psn|[from] drain|[of] p2a: Luvdisc","|faint|p2a: Luvdisc","|","|-weather|RainDance|[upkeep]","|-damage|p1a: Ludicolo|230/262 psn|[from] psn","|","|switch|p2a: Yanmega|Yanmega, L78, F|261/261","|turn|8","|","|switch|p1a: Sandslash|Sandslash, L81, M|254/254","|-status|p1a: Sandslash|psn","|move|p2a: Yanmega|Protect|p2a: Yanmega","|-fail|p2a: Yanmega","|","|-weather|none","|-damage|p1a: Sandslash|223/254 psn|[from] psn","|-boost|p2a: Yanmega|spe|1|[from] ability: Speed Boost","|turn|9","|","|move|p2a: Yanmega|Giga Drain|p1a: Sandslash","|-supereffective|p1a: Sandslash","|-damage|p1a: Sandslash|15/254 psn","|-damage|p2a: Yanmega|235/261|[from] item: Life Orb","|move|p1a: Sandslash|Toxic|p2a: Yanmega","|-status|p2a: Yanmega|tox","|","|-damage|p2a: Yanmega|219/261 tox|[from] psn","|-damage|p1a: Sandslash|0 fnt|[from] psn","|-boost|p2a: Yanmega|spe|1|[from] ability: Speed Boost","|faint|p1a: Sandslash","|","|switch|p1a: Heatmor|Heatmor, L83, F|277/277","|-status|p1a: Heatmor|psn","|turn|10","|","|move|p2a: Yanmega|Protect|p2a: Yanmega","|-singleturn|p2a: Yanmega|Protect","|move|p1a: Heatmor|Fire Blast|p2a: Yanmega","|-activate|p2a: Yanmega|Protect","|","|-damage|p2a: Yanmega|187/261 tox|[from] psn","|-damage|p1a: Heatmor|243/277 psn|[from] psn","|-boost|p2a: Yanmega|spe|1|[from] ability: Speed Boost","|turn|11","|","|move|p2a: Yanmega|Ancient Power|p1a: Heatmor","|-supereffective|p1a: Heatmor","|-damage|p1a: Heatmor|110/277 psn","|-damage|p2a: Yanmega|161/261 tox|[from] item: Life Orb","|move|p1a: Heatmor|Focus Blast|p2a: Yanmega","|-resisted|p2a: Yanmega","|-damage|p2a: Yanmega|131/261 tox","|","|-damage|p2a: Yanmega|83/261 tox|[from] psn","|-damage|p1a: Heatmor|76/277 psn|[from] psn","|-boost|p2a: Yanmega|spe|1|[from] ability: Speed Boost","|turn|12","|","|move|p2a: Yanmega|Ancient Power|p1a: Heatmor","|-supereffective|p1a: Heatmor","|-damage|p1a: Heatmor|0 fnt","|-damage|p2a: Yanmega|57/261 tox|[from] item: Life Orb","|faint|p1a: Heatmor","|","|-damage|p2a: Yanmega|0 fnt|[from] psn","|faint|p2a: Yanmega","|","|switch|p1a: Carbink|Carbink, L83|219/219","|switch|p2a: Throh|Throh, L82, M|331/331","|-status|p1a: Carbink|psn","|turn|13","|","|move|p1a: Carbink|Light Screen|p1a: Carbink","|-sidestart|p1: luisdaniel225555|move: Light Screen","|move|p2a: Throh|Bulk Up|p2a: Throh","|-boost|p2a: Throh|atk|1","|-boost|p2a: Throh|def|1","|","|-damage|p1a: Carbink|192/219 psn|[from] psn","|-status|p2a: Throh|tox|[from] item: Toxic Orb","|turn|14","|","|move|p1a: Carbink|Moonblast|p2a: Throh","|-supereffective|p2a: Throh","|-damage|p2a: Throh|203/331 tox","|move|p2a: Throh|Storm Throw|p1a: Carbink","|-crit|p1a: Carbink","|-damage|p1a: Carbink|44/219 psn","|","|-damage|p1a: Carbink|17/219 psn|[from] psn","|-damage|p2a: Throh|183/331 tox|[from] psn","|turn|15","|","|switch|p2a: Skarmory|Skarmory, L75, F|221/221","|move|p1a: Carbink|Reflect|p1a: Carbink","|-sidestart|p1: luisdaniel225555|Reflect","|","|-damage|p1a: Carbink|0 fnt|[from] psn","|faint|p1a: Carbink","|","|switch|p1a: Scizor|Scizor, L75, M|229/229","|turn|16","|","|move|p1a: Scizor|Swords Dance|p1a: Scizor","|-boost|p1a: Scizor|atk|2","|move|p2a: Skarmory|Whirlwind|p1a: Scizor","|drag|p1a: Phione|Phione, L83|16/268","|-status|p1a: Phione|psn","|","|-damage|p1a: Phione|0 fnt|[from] psn","|faint|p1a: Phione","|","|switch|p1a: Scizor|Scizor, L75, M|229/229","|turn|17","|","|move|p1a: Scizor|Swords Dance|p1a: Scizor","|-boost|p1a: Scizor|atk|2","|move|p2a: Skarmory|Whirlwind|p1a: Scizor","|drag|p1a: Ludicolo|Ludicolo, L81, F|230/262 psn","|","|-damage|p1a: Ludicolo|198/262 psn|[from] psn","|turn|18","|","|move|p1a: Ludicolo|Giga Drain|p2a: Skarmory","|-resisted|p2a: Skarmory","|-damage|p2a: Skarmory|188/221","|-heal|p1a: Ludicolo|215/262 psn|[from] drain|[of] p2a: Skarmory","|move|p2a: Skarmory|Stealth Rock|p1a: Ludicolo","|-sidestart|p1: luisdaniel225555|move: Stealth Rock","|","|-heal|p2a: Skarmory|201/221|[from] item: Leftovers","|-damage|p1a: Ludicolo|183/262 psn|[from] psn","|turn|19","|","|move|p1a: Ludicolo|Giga Drain|p2a: Skarmory","|-resisted|p2a: Skarmory","|-damage|p2a: Skarmory|167/221","|-heal|p1a: Ludicolo|200/262 psn|[from] drain|[of] p2a: Skarmory","|move|p2a: Skarmory|Brave Bird|p1a: Ludicolo","|-supereffective|p1a: Ludicolo","|-damage|p1a: Ludicolo|98/262 psn","|-damage|p2a: Skarmory|133/221|[from] recoil|[of] p1a: Ludicolo","|","|-heal|p2a: Skarmory|146/221|[from] item: Leftovers","|-damage|p1a: Ludicolo|66/262 psn|[from] psn","|turn|20","|","|switch|p1a: Scizor|Scizor, L75, M|229/229","|-damage|p1a: Scizor|201/229|[from] Stealth Rock","|move|p2a: Skarmory|Roost|p2a: Skarmory","|-heal|p2a: Skarmory|221/221","|","|-sideend|p1: luisdaniel225555|move: Light Screen","|turn|21","|","|move|p2a: Skarmory|Brave Bird|p1a: Scizor","|-damage|p1a: Scizor|153/229","|-damage|p2a: Skarmory|205/221|[from] recoil|[of] p1a: Scizor","|move|p1a: Scizor|Superpower|p2a: Skarmory","|-damage|p2a: Skarmory|132/221","|-unboost|p1a: Scizor|atk|1","|-unboost|p1a: Scizor|def|1","|","|-heal|p2a: Skarmory|145/221|[from] item: Leftovers","|turn|22","|","|move|p2a: Skarmory|Brave Bird|p1a: Scizor","|-damage|p1a: Scizor|87/229","|-damage|p2a: Skarmory|123/221|[from] recoil|[of] p1a: Scizor","|move|p1a: Scizor|Swords Dance|p1a: Scizor","|-boost|p1a: Scizor|atk|2","|","|-heal|p2a: Skarmory|136/221|[from] item: Leftovers","|-sideend|p1: luisdaniel225555|Reflect","|turn|23","|","|move|p2a: Skarmory|Brave Bird|p1a: Scizor","|-damage|p1a: Scizor|0 fnt","|-damage|p2a: Skarmory|107/221|[from] recoil|[of] p1a: Scizor","|faint|p1a: Scizor","|","|-heal|p2a: Skarmory|120/221|[from] item: Leftovers","|","|switch|p1a: Ludicolo|Ludicolo, L81, F|66/262 psn","|-damage|p1a: Ludicolo|34/262 psn|[from] Stealth Rock","|turn|24","|","|move|p1a: Ludicolo|Scald|p2a: Skarmory","|-damage|p2a: Skarmory|0 fnt","|faint|p2a: Skarmory","|","|-damage|p1a: Ludicolo|2/262 psn|[from] psn","|","|switch|p2a: Ariados|Ariados, L83, M|59/251 brn","|turn|25","|","|move|p2a: Ariados|Sucker Punch|p1a: Ludicolo","|-damage|p1a: Ludicolo|0 fnt","|-damage|p2a: Ariados|34/251 brn|[from] item: Life Orb","|faint|p1a: Ludicolo","|","|win|tozase-4"],"p1rating":{"entryid":7305858,"formatid":"randombattle","userid":"luisdaniel225555","username":"luisdaniel225555","r":1500,"rd":130,"sigma":0,"rpr":1459.8393856612,"rprd":122.8583080769,"rpsigma":0,"rptime":1438333200,"w":0,"l":1,"t":0,"gxe":45,"acre":1000,"lacre":1000,"oldacre":1000},"p2rating":{"entryid":7305859,"formatid":"randombattle","userid":"tozase4","username":"tozase-4","r":1500,"rd":130,"sigma":0,"rpr":1540.1606143388,"rprd":122.8583080769,"rpsigma":0,"rptime":1438333200,"w":1,"l":0,"t":0,"gxe":55,"acre":1040,"lacre":1040,"oldacre":1000},"endType":"normal"}