{"seed":[4848,61022,26853,33851],"turns":18,"p1":"Rain ⚜ Aurem","p2":"Jets-Kanade","p1team":[{"name":"Shaymin","moves":["rest","airslash","substitute","seedflare"],"ability":"Natural Cure","evs":{"hp":85,"atk":85,"def":85,"spa":85,"spd":85,"spe":85},"ivs":{"hp":31,"atk":31,"def":31,"spa":31,"spd":31,"spe":31},"item":"Leftovers","level":77,"shiny":false},{"name":"Magmortar","moves":["focusblast","substitute","thunderbolt","fireblast"],"ability":"Flame Body","evs":{"hp":85,"atk":85,"def":85,"spa":85,"spd":85,"spe":85},"ivs":{"hp":31,"atk":31,"def":31,"spa":31,"spd":31,"spe":31},"item":"Leftovers","level":81,"shiny":false},{"name":"Bastiodon","moves":["roar","stealthrock","toxic","rockblast"],"ability":"Sturdy","evs":{"hp":85,"atk":85,"def":85,"spa":85,"spd":85,"spe":85},"ivs":{"hp":31,"atk":31,"def":31,"spa":31,"spd":31,"spe":31},"item":"Air Balloon","level":83,"shiny":false},{"name":"Emboar","moves":["grassknot","fireblast","stoneedge","superpower"],"ability":"Blaze","evs":{"hp":85,"atk":85,"def":85,"spa":85,"spd":85,"spe":85},"ivs":{"hp":31,"atk":31,"def":31,"spa":31,"spd":31,"spe":31},"item":"Expert Belt","level":79,"shiny":false},{"name":"Dustox","moves":["shadowball","quiverdance","bugbuzz","sludgebomb"],"ability":"Shield Dust","evs":{"hp":85,"atk":85,"def":85,"spa":85,"spd":85,"spe":85},"ivs":{"hp":31,"atk":31,"def":31,"spa":31,"spd":31,"spe":31},"item":"Life Orb","level":83,"shiny":false},{"name":"Braviary","moves":["substitute","bulkup","bravebird","return"],"ability":"Defiant","evs":{"hp":81,"atk":89,"def":85,"spa":85,"spd":85,"spe":85},"ivs":{"hp":31,"atk":31,"def":31,"spa":31,"spd":31,"spe":31},"item":"Leftovers","level":79,"shiny":false}],"p2team":[{"name":"Whimsicott","moves":["tailwind","toxic","taunt","moonblast"],"ability":"Prankster","evs":{"hp":85,"atk":85,"def":85,"spa":85,"spd":85,"spe":85},"ivs":{"hp":31,"atk":31,"def":31,"spa":31,"spd":31,"spe":31},"item":"Focus Sash","level":77,"shiny":false},{"name":"Sunflora","moves":["earthpower","gigadrain","sunnyday","hiddenpowerfire"],"ability":"Chlorophyll","evs":{"hp":85,"atk":85,"def":85,"spa":85,"spd":85,"spe":85},"ivs":{"hp":31,"atk":30,"def":31,"spa":30,"spd":31,"spe":30},"item":"Heat Rock","level":83,"shiny":false},{"name":"Avalugg","moves":["roar","rapidspin","recover","avalanche"],"ability":"Sturdy","evs":{"hp":85,"atk":85,"def":85,"spa":85,"spd":85,"spe":85},"ivs":{"hp":31,"atk":31,"def":31,"spa":31,"spd":31,"spe":31},"item":"Leftovers","level":83,"shiny":false},{"name":"Gligar","moves":["earthquake","stealthrock","toxic","knockoff"],"ability":"Immunity","evs":{"hp":85,"atk":85,"def":85,"spa":85,"spd":85,"spe":85},"ivs":{"hp":31,"atk":31,"def":31,"spa":31,"spd":31,"spe":31},"item":"Eviolite","level":77,"shiny":false},{"name":"Gallade","moves":["knockoff","substitute","closecombat","swordsdance"],"ability":"Justified","evs":{"hp":85,"atk":85,"def":85,"spa":85,"spd":85,"spe":85},"ivs":{"hp":31,"atk":31,"def":31,"spa":31,"spd":31,"spe":31},"item":"Galladite","level":76,"shiny":false},{"name":"Scolipede","moves":["toxicspikes","substitute","batonpass","poisonjab"],"ability":"Speed Boost","evs":{"hp":81,"atk":89,"def":85,"spa":85,"spd":85,"spe":85},"ivs":{"hp":31,"atk":31,"def":31,"spa":31,"spd":31,"spe":31},"item":"Black Sludge","level":76,"shiny":false}],"log":["|player|p1|Rain ⚜ Aurem|rainaurem.png","|player|p2|Jets-Kanade|199","|gametype|singles","|gen|6","|tier|Random Battle","|rated","|rule|Sleep Clause Mod: Limit one foe put to sleep","|rule|HP Percentage Mod: HP is shown in percentages","|","|start","|switch|p1a: Shaymin|Shaymin, L77|281/281","|switch|p2a: Whimsicott|Whimsicott, L77, M|219/219","|turn|1","|","|move|p2a: Whimsicott|Toxic|p1a: Shaymin|[miss]","|-miss|p2a: Whimsicott|p1a: Shaymin","|move|p1a: Shaymin|Air Slash|p2a: Whimsicott","|-supereffective|p2a: Whimsicott","|-damage|p2a: Whimsicott|105/219","|","|turn|2","|","|move|p2a: Whimsicott|Tailwind|p2a: Whimsicott","|-sidestart|p2: Jets-Kanade|move: Tailwind","|move|p1a: Shaymin|Air Slash|p2a: Whimsicott","|-supereffective|p2a: Whimsicott","|-damage|p2a: Whimsicott|0 fnt","|faint|p2a: Whimsicott","|","|","|switch|p2a: Avalugg|Avalugg, L83, F|293/293","|turn|3","|","|move|p1a: Shaymin|Seed Flare|p2a: Avalugg","|-damage|p2a: Avalugg|121/293","|move|p2a: Avalugg|Avalanche|p1a: Shaymin","|-supereffective|p1a: Shaymin","|-damage|p1a: Shaymin|0 fnt","|faint|p1a: Shaymin","|","|-heal|p2a: Avalugg|139/293|[from] item: Leftovers","|","|switch|p1a: Magmortar|Magmortar, L81, F|254/254","|turn|4","|","|move|p1a: Magmortar|Fire Blast|p2a: Avalugg","|-supereffective|p2a: Avalugg","|-damage|p2a: Avalugg|0 fnt","|faint|p2a: Avalugg","|","|","|switch|p2a: Gallade|Gallade, L76, M|228/228","|turn|5","|","|detailschange|p2a: Gallade|Gallade-Mega, L76, M","|-mega|p2a: Gallade|Gallade|Galladite","|move|p2a: Gallade|Swords Dance|p2a: Gallade","|-boost|p2a: Gallade|atk|2","|move|p1a: Magmortar|Fire Blast|p2a: Gallade","|-damage|p2a: Gallade|119/228","|","|-sideend|p2: Jets-Kanade|move: Tailwind","|turn|6","|","|move|p2a: Gallade|Close Combat|p1a: Magmortar","|-damage|p1a: Magmortar|0 fnt","|-unboost|p2a: Gallade|def|1","|-unboost|p2a: Gallade|spd|1","|faint|p1a: Magmortar","|","|","|switch|p1a: Dustox|Dustox, L83, F|235/235","|turn|7","|","|move|p2a: Gallade|Knock Off|p1a: Dustox","|-damage|p1a: Dustox|35/235","|-enditem|p1a: Dustox|Life Orb|[from] move: Knock Off|[of] p2a: Gallade","|move|p1a: Dustox|Shadow Ball|p2a: Gallade","|-supereffective|p2a: Gallade","|-damage|p2a: Gallade|27/228","|","|turn|8","|","|move|p2a: Gallade|Knock Off|p1a: Dustox","|-damage|p1a: Dustox|0 fnt","|faint|p1a: Dustox","|","|","|switch|p1a: Bastiodon|Bastiodon, L83, M|235/235","|-item|p1a: Bastiodon|Air Balloon","|turn|9","|","|move|p2a: Gallade|Close Combat|p1a: Bastiodon","|-supereffective|p1a: Bastiodon","|-activate|p1a: Bastiodon|Sturdy","|-damage|p1a: Bastiodon|1/235","|-enditem|p1a: Bastiodon|Air Balloon","|-unboost|p2a: Gallade|def|1","|-unboost|p2a: Gallade|spd|1","|move|p1a: Bastiodon|Roar|p2a: Gallade","|drag|p2a: Sunflora|Sunflora, L83, M|260/260","|","|turn|10","|","|move|p2a: Sunflora|Sunny Day|p2a: Sunflora","|-weather|SunnyDay","|move|p1a: Bastiodon|Stealth Rock|p2a: Sunflora","|-sidestart|p2: Jets-Kanade|move: Stealth Rock","|","|-weather|SunnyDay|[upkeep]","|turn|11","|","|move|p2a: Sunflora|Giga Drain|p1a: Bastiodon","|-damage|p1a: Bastiodon|0 fnt","|faint|p1a: Bastiodon","|","|-weather|SunnyDay|[upkeep]","|","|switch|p1a: Emboar|Emboar, L79, M|303/303","|turn|12","|","|move|p2a: Sunflora|Earth Power|p1a: Emboar","|-supereffective|p1a: Emboar","|-damage|p1a: Emboar|133/303","|move|p1a: Emboar|Fire Blast|p2a: Sunflora","|-supereffective|p2a: Sunflora","|-damage|p2a: Sunflora|0 fnt","|faint|p2a: Sunflora","|","|-weather|SunnyDay|[upkeep]","|","|switch|p2a: Gallade|Gallade-Mega, L76, M|27/228","|-damage|p2a: Gallade|13/228|[from] Stealth Rock","|turn|13","|","|move|p2a: Gallade|Close Combat|p1a: Emboar","|-damage|p1a: Emboar|0 fnt","|-unboost|p2a: Gallade|def|1","|-unboost|p2a: Gallade|spd|1","|faint|p1a: Emboar","|","|-weather|SunnyDay|[upkeep]","|","|switch|p1a: Braviary|Braviary, L79, M|287/287","|turn|14","|","|move|p2a: Gallade|Knock Off|p1a: Braviary","|-damage|p1a: Braviary|189/287","|-enditem|p1a: Braviary|Leftovers|[from] move: Knock Off|[of] p2a: Gallade","|move|p1a: Braviary|Return|p2a: Gallade","|-crit|p2a: Gallade","|-damage|p2a: Gallade|0 fnt","|faint|p2a: Gallade","|","|-weather|SunnyDay|[upkeep]","|","|switch|p2a: Gligar|Gligar, L77, F|227/227","|-damage|p2a: Gligar|199/227|[from] Stealth Rock","|turn|15","|","|move|p2a: Gligar|Toxic|p1a: Braviary","|-status|p1a: Braviary|tox","|move|p1a: Braviary|Substitute|p1a: Braviary","|-start|p1a: Braviary|Substitute","|-damage|p1a: Braviary|118/287 tox","|","|-weather|SunnyDay|[upkeep]","|-damage|p1a: Braviary|101/287 tox|[from] psn","|turn|16","|","|move|p2a: Gligar|Stealth Rock|p1a: Braviary","|-sidestart|p1: Rain ⚜ Aurem|move: Stealth Rock","|move|p1a: Braviary|Bulk Up|p1a: Braviary","|-boost|p1a: Braviary|atk|1","|-boost|p1a: Braviary|def|1","|","|-weather|SunnyDay|[upkeep]","|-damage|p1a: Braviary|67/287 tox|[from] psn","|turn|17","|","|move|p2a: Gligar|Earthquake|p1a: Braviary","|-immune|p1a: Braviary|[msg]","|move|p1a: Braviary|Return|p2a: Gligar","|-damage|p2a: Gligar|97/227","|","|-weather|none","|-damage|p1a: Braviary|16/287 tox|[from] psn","|turn|18","|","|move|p2a: Gligar|Earthquake|p1a: Braviary","|-immune|p1a: Braviary|[msg]","|move|p1a: Braviary|Brave Bird|p2a: Gligar","|-damage|p2a: Gligar|0 fnt","|-damage|p1a: Braviary|0 fnt|[from] recoil|[of] p2a: Gligar","|faint|p2a: Gligar","|faint|p1a: Braviary","|","|win|Jets-Kanade"],"p1rating":{"entryid":"6444477","serverid":"eos","formatid":"randombattle","userid":"rainaurem","username":"Rain ☆ Aurem","w":"37","l":14,"t":"0","gxe":68.9,"r":"1668.374707074","rd":"55.6473779482","sigma":"0","rptime":"1438333200","rpr":1650.8703250072,"rprd":52.771170441961,"rpsigma":"0","acre":1161.3174947367,"lacre":1161.3174947367,"oldacre":"1199.2662499064"},"p2rating":{"entryid":7306565,"formatid":"randombattle","userid":"jetskanade","username":"Jets-Kanade","r":1500,"rd":130,"sigma":0,"rpr":1562.3715625351,"rprd":123.44613567443,"rpsigma":0,"rptime":1438333200,"w":1,"l":0,"t":0,"gxe":57.7,"acre":1060.7180082715,"lacre":1060.7180082715,"oldacre":1000},"endType":"normal"}