{"seed":[52461,40657,23892,54556],"turns":17,"p1":"GTX♅ kingofdoom","p2":"Seven Swell","p1team":[{"name":"Hoopa","moves":["nastyplot","shadowball","psyshock","focusblast"],"ability":"Magician","evs":{"hp":85,"atk":85,"def":85,"spa":85,"spd":85,"spe":85},"ivs":{"hp":31,"atk":31,"def":31,"spa":31,"spd":31,"spe":31},"item":"Life Orb","level":75,"shiny":false},{"name":"Machamp","moves":["icepunch","dynamicpunch","knockoff","bulletpunch"],"ability":"No Guard","evs":{"hp":85,"atk":85,"def":85,"spa":85,"spd":85,"spe":85},"ivs":{"hp":31,"atk":31,"def":31,"spa":31,"spd":31,"spe":31},"item":"Choice Band","level":77,"shiny":false},{"name":"Rotom-Wash","moves":["thunderbolt","willowisp","hiddenpowerice","trick"],"ability":"Levitate","evs":{"hp":85,"atk":85,"def":85,"spa":85,"spd":85,"spe":85},"ivs":{"hp":31,"atk":30,"def":30,"spa":31,"spd":31,"spe":31},"item":"Choice Scarf","level":75,"shiny":false},{"name":"Beautifly","moves":["gigadrain","aircutter","hiddenpowerrock","bugbuzz"],"ability":"Swarm","evs":{"hp":85,"atk":85,"def":85,"spa":85,"spd":85,"spe":85},"ivs":{"hp":31,"atk":31,"def":30,"spa":31,"spd":30,"spe":30},"item":"Choice Specs","level":83,"shiny":false},{"name":"Sableye","moves":["willowisp","calmmind","shadowball","darkpulse"],"ability":"Prankster","evs":{"hp":85,"atk":85,"def":85,"spa":85,"spd":85,"spe":85},"ivs":{"hp":31,"atk":31,"def":31,"spa":31,"spd":31,"spe":31},"item":"Sablenite","level":75,"shiny":false},{"name":"Reuniclus","moves":["psyshock","calmmind","recover","shadowball"],"ability":"Regenerator","evs":{"hp":85,"atk":85,"def":85,"spa":85,"spd":85,"spe":85},"ivs":{"hp":31,"atk":31,"def":31,"spa":31,"spd":31,"spe":31},"item":"Leftovers","level":77,"shiny":false}],"p2team":[{"name":"Relicanth","moves":["toxic","doubleedge","headsmash","waterfall"],"ability":"Rock Head","evs":{"hp":85,"atk":85,"def":85,"spa":85,"spd":85,"spe":85},"ivs":{"hp":31,"atk":31,"def":31,"spa":31,"spd":31,"spe":31},"item":"Leftovers","level":83,"shiny":false},{"name":"Masquerain","moves":["hydropump","airslash","stickyweb","quiverdance"],"ability":"Intimidate","evs":{"hp":81,"atk":85,"def":85,"spa":89,"spd":85,"spe":85},"ivs":{"hp":31,"atk":31,"def":31,"spa":31,"spd":31,"spe":31},"item":"Leftovers","level":83,"shiny":false},{"name":"Klefki","moves":["reflect","toxic","magnetrise","playrough"],"ability":"Prankster","evs":{"hp":85,"atk":85,"def":85,"spa":85,"spd":85,"spe":85},"ivs":{"hp":31,"atk":31,"def":31,"spa":31,"spd":31,"spe":31},"item":"Light Clay","level":76,"shiny":false},{"name":"Honchkrow","moves":["substitute","superpower","bravebird","suckerpunch"],"ability":"Moxie","evs":{"hp":85,"atk":85,"def":85,"spa":85,"spd":85,"spe":85},"ivs":{"hp":31,"atk":31,"def":31,"spa":31,"spd":31,"spe":31},"item":"Leftovers","level":77,"shiny":false},{"name":"Abomasnow","moves":["iceshard","gigadrain","blizzard","hiddenpowerfire"],"ability":"Snow Warning","evs":{"hp":85,"atk":85,"def":85,"spa":85,"spd":85,"spe":85},"ivs":{"hp":31,"atk":30,"def":31,"spa":30,"spd":31,"spe":30},"item":"Abomasite","level":77,"shiny":false},{"name":"Feraligatr","moves":["icepunch","dragondance","earthquake","aquajet"],"ability":"Sheer Force","evs":{"hp":85,"atk":85,"def":85,"spa":85,"spd":85,"spe":85},"ivs":{"hp":31,"atk":31,"def":31,"spa":31,"spd":31,"spe":31},"item":"Life Orb","level":77,"shiny":false}],"log":["|player|p1|GTX♅ kingofdoom|238","|player|p2|Seven Swell|sevenswell.png","|gametype|singles","|gen|6","|tier|Random Battle","|rated","|rule|Sleep Clause Mod: Limit one foe put to sleep","|rule|HP Percentage Mod: HP is shown in percentages","|","|start","|switch|p1a: Hoopa|Hoopa, L75|244/244","|switch|p2a: Relicanth|Relicanth, L83, M|302/302","|turn|1","|","|move|p1a: Hoopa|Psyshock|p2a: Relicanth","|-damage|p2a: Relicanth|212/302","|-damage|p1a: Hoopa|220/244|[from] item: Life Orb","|move|p2a: Relicanth|Head Smash|p1a: Hoopa","|-damage|p1a: Hoopa|1/244","|","|-heal|p2a: Relicanth|230/302|[from] item: Leftovers","|turn|2","|","|switch|p2a: Honchkrow|Honchkrow, L77, F|281/281","|move|p1a: Hoopa|Focus Blast|p2a: Honchkrow|[miss]","|-miss|p1a: Hoopa|p2a: Honchkrow","|","|turn|3","|","|move|p2a: Honchkrow|Substitute|p2a: Honchkrow","|-start|p2a: Honchkrow|Substitute","|-damage|p2a: Honchkrow|211/281","|move|p1a: Hoopa|Focus Blast|p2a: Honchkrow|[miss]","|-miss|p1a: Hoopa|p2a: Honchkrow","|","|-heal|p2a: Honchkrow|228/281|[from] item: Leftovers","|turn|4","|","|move|p2a: Honchkrow|Brave Bird|p1a: Hoopa","|-crit|p1a: Hoopa","|-damage|p1a: Hoopa|0 fnt","|-damage|p2a: Honchkrow|227/281|[from] recoil|[of] p1a: Hoopa","|faint|p1a: Hoopa","|-boost|p2a: Honchkrow|atk|1|[from] ability: Moxie","|","|-heal|p2a: Honchkrow|244/281|[from] item: Leftovers","|","|switch|p1a: Machamp|Machamp, L77, F|265/265","|turn|5","|","|move|p1a: Machamp|Bullet Punch|p2a: Honchkrow","|-end|p2a: Honchkrow|Substitute","|move|p2a: Honchkrow|Brave Bird|p1a: Machamp","|-supereffective|p1a: Machamp","|-damage|p1a: Machamp|0 fnt","|-damage|p2a: Honchkrow|157/281|[from] recoil|[of] p1a: Machamp","|faint|p1a: Machamp","|-boost|p2a: Honchkrow|atk|1|[from] ability: Moxie","|","|-heal|p2a: Honchkrow|174/281|[from] item: Leftovers","|","|switch|p1a: Rotom-Wash|Rotom-Wash, L75|199/199","|turn|6","|","|move|p2a: Honchkrow|Sucker Punch|p1a: Rotom-Wash","|-damage|p1a: Rotom-Wash|43/199","|move|p1a: Rotom-Wash|Thunderbolt|p2a: Honchkrow","|-supereffective|p2a: Honchkrow","|-damage|p2a: Honchkrow|0 fnt","|faint|p2a: Honchkrow","|","|","|switch|p2a: Abomasnow|Abomasnow, L77, F|265/265","|-weather|Hail","|turn|7","|","|detailschange|p2a: Abomasnow|Abomasnow-Mega, L77, F","|-mega|p2a: Abomasnow|Abomasnow|Abomasite","|move|p1a: Rotom-Wash|Thunderbolt|p2a: Abomasnow","|-resisted|p2a: Abomasnow","|-damage|p2a: Abomasnow|228/265","|move|p2a: Abomasnow|Giga Drain|p1a: Rotom-Wash","|-supereffective|p1a: Rotom-Wash","|-damage|p1a: Rotom-Wash|0 fnt","|-heal|p2a: Abomasnow|250/265|[from] drain|[of] p1a: Rotom-Wash","|faint|p1a: Rotom-Wash","|","|-weather|Hail|[upkeep]","|","|switch|p1a: Sableye|Sableye, L75, M|199/199","|turn|8","|","|detailschange|p1a: Sableye|Sableye-Mega, L75, M","|-mega|p1a: Sableye|Sableye|Sablenite","|move|p1a: Sableye|Shadow Ball|p2a: Abomasnow","|-damage|p2a: Abomasnow|190/265","|move|p2a: Abomasnow|Blizzard|p1a: Sableye","|-damage|p1a: Sableye|78/199","|","|-weather|Hail|[upkeep]","|-damage|p1a: Sableye|66/199|[from] hail","|turn|9","|","|move|p2a: Abomasnow|Blizzard|p1a: Sableye","|-damage|p1a: Sableye|0 fnt","|faint|p1a: Sableye","|","|-weather|Hail|[upkeep]","|","|switch|p1a: Beautifly|Beautifly, L83, F|235/235","|turn|10","|","|move|p2a: Abomasnow|Ice Shard|p1a: Beautifly","|-supereffective|p1a: Beautifly","|-damage|p1a: Beautifly|89/235","|move|p1a: Beautifly|Bug Buzz|p2a: Abomasnow","|-supereffective|p2a: Abomasnow","|-damage|p2a: Abomasnow|0 fnt","|faint|p2a: Abomasnow","|","|-weather|Hail|[upkeep]","|-damage|p1a: Beautifly|75/235|[from] hail","|","|switch|p2a: Masquerain|Masquerain, L83, M|251/251","|-ability|p2a: Masquerain|Intimidate","|-unboost|p1a: Beautifly|atk|1","|turn|11","|","|move|p1a: Beautifly|Bug Buzz|p2a: Masquerain","|-resisted|p2a: Masquerain","|-damage|p2a: Masquerain|131/251","|move|p2a: Masquerain|Quiver Dance|p2a: Masquerain","|-boost|p2a: Masquerain|spa|1","|-boost|p2a: Masquerain|spd|1","|-boost|p2a: Masquerain|spe|1","|","|-weather|none","|-heal|p2a: Masquerain|146/251|[from] item: Leftovers","|turn|12","|","|move|p2a: Masquerain|Air Slash|p1a: Beautifly","|-supereffective|p1a: Beautifly","|-damage|p1a: Beautifly|0 fnt","|faint|p1a: Beautifly","|","|-heal|p2a: Masquerain|161/251|[from] item: Leftovers","|","|switch|p1a: Reuniclus|Reuniclus, L77, M|296/296","|turn|13","|","|move|p2a: Masquerain|Air Slash|p1a: Reuniclus","|-damage|p1a: Reuniclus|181/296","|move|p1a: Reuniclus|Shadow Ball|p2a: Masquerain","|-damage|p2a: Masquerain|121/251","|","|-heal|p2a: Masquerain|136/251|[from] item: Leftovers","|-heal|p1a: Reuniclus|199/296|[from] item: Leftovers","|turn|14","|","|move|p2a: Masquerain|Air Slash|p1a: Reuniclus|[miss]","|-miss|p2a: Masquerain|p1a: Reuniclus","|move|p1a: Reuniclus|Psyshock|p2a: Masquerain","|-damage|p2a: Masquerain|19/251","|","|-heal|p2a: Masquerain|34/251|[from] item: Leftovers","|-heal|p1a: Reuniclus|217/296|[from] item: Leftovers","|turn|15","|","|move|p2a: Masquerain|Air Slash|p1a: Reuniclus","|-damage|p1a: Reuniclus|102/296","|cant|p1a: Reuniclus|flinch","|","|-heal|p2a: Masquerain|49/251|[from] item: Leftovers","|-heal|p1a: Reuniclus|120/296|[from] item: Leftovers","|turn|16","|","|move|p2a: Masquerain|Air Slash|p1a: Reuniclus","|-damage|p1a: Reuniclus|9/296","|move|p1a: Reuniclus|Psyshock|p2a: Masquerain","|-damage|p2a: Masquerain|0 fnt","|faint|p2a: Masquerain","|","|-heal|p1a: Reuniclus|27/296|[from] item: Leftovers","|","|switch|p2a: Feraligatr|Feraligatr, L77, F|257/257","|turn|17","|","|move|p2a: Feraligatr|Ice Punch|p1a: Reuniclus","|-damage|p1a: Reuniclus|0 fnt","|faint|p1a: Reuniclus","|","|win|Seven Swell"],"p1rating":{"entryid":7294950,"formatid":"randombattle","userid":"gtxkingofdoom","username":"GTX♅ kingofdoom","r":1500,"rd":130,"sigma":0,"rpr":1463.2507669117,"rprd":122.80674616617,"rpsigma":0,"rptime":1438333200,"w":0,"l":1,"t":0,"gxe":45.4,"acre":1000,"lacre":1000,"oldacre":1000},"p2rating":{"entryid":"7278334","serverid":"eos","formatid":"randombattle","userid":"sevenswell","username":"Seven Swell","w":3,"l":"0","t":"0","gxe":61.7,"r":"1534.2399517444","rd":"122.5844822404","sigma":"0","rptime":"1438333200","rpr":1594.2720258531,"rprd":111.3943795704,"rpsigma":"0","acre":1097.242678149,"lacre":1097.242678149,"oldacre":"1074.506917976"},"endType":"normal"}