{"seed":[32493,3318,18074,31223],"turns":25,"p1":"Liquid Stranger","p2":"Sovereign Pud","p1team":[{"name":"Drifblim","moves":["willowisp","substitute","acrobatics","shadowball"],"ability":"Unburden","evs":{"hp":85,"atk":85,"def":85,"spa":85,"spd":85,"spe":85},"ivs":{"hp":31,"atk":31,"def":31,"spa":31,"spd":31,"spe":31},"item":"Flying Gem","level":83,"shiny":false},{"name":"Carracosta","moves":["aquajet","shellsmash","stoneedge","earthquake"],"ability":"Solid Rock","evs":{"hp":85,"atk":85,"def":85,"spa":85,"spd":85,"spe":85},"ivs":{"hp":31,"atk":31,"def":31,"spa":31,"spd":31,"spe":31},"item":"Weakness Policy","level":83,"shiny":false},{"name":"Blastoise","moves":["dragontail","scald","toxic","darkpulse"],"ability":"Torrent","evs":{"hp":85,"atk":85,"def":85,"spa":85,"spd":85,"spe":85},"ivs":{"hp":31,"atk":31,"def":31,"spa":31,"spd":31,"spe":31},"item":"Blastoisinite","level":77,"shiny":false},{"name":"Bastiodon","moves":["roar","protect","stealthrock","rockblast"],"ability":"Sturdy","evs":{"hp":85,"atk":85,"def":85,"spa":85,"spd":85,"spe":85},"ivs":{"hp":31,"atk":31,"def":31,"spa":31,"spd":31,"spe":31},"item":"Air Balloon","level":83,"shiny":false},{"name":"Accelgor","moves":["encore","spikes","yawn","bugbuzz"],"ability":"Hydration","evs":{"hp":81,"atk":85,"def":85,"spa":89,"spd":85,"spe":85},"ivs":{"hp":31,"atk":31,"def":31,"spa":31,"spd":31,"spe":31},"item":"Leftovers","level":79,"shiny":false},{"name":"Noctowl","moves":["defog","roost","airslash","whirlwind"],"ability":"Tinted Lens","evs":{"hp":85,"atk":85,"def":85,"spa":85,"spd":85,"spe":85},"ivs":{"hp":31,"atk":31,"def":31,"spa":31,"spd":31,"spe":31},"item":"Leftovers","level":83,"shiny":false}],"p2team":[{"name":"Breloom","moves":["swordsdance","machpunch","rocktomb","bulletseed"],"ability":"Technician","evs":{"hp":85,"atk":85,"def":85,"spa":85,"spd":85,"spe":85},"ivs":{"hp":31,"atk":31,"def":31,"spa":31,"spd":31,"spe":31},"item":"Life Orb","level":75,"shiny":false},{"name":"Magcargo","moves":["lavaplume","earthpower","hiddenpowergrass","ancientpower"],"ability":"Flame Body","evs":{"hp":85,"atk":85,"def":85,"spa":85,"spd":85,"spe":85},"ivs":{"hp":31,"atk":30,"def":31,"spa":30,"spd":31,"spe":31},"item":"Choice Specs","level":83,"shiny":false},{"name":"Girafarig","moves":["nastyplot","thunderbolt","batonpass","psyshock"],"ability":"Sap Sipper","evs":{"hp":85,"atk":85,"def":85,"spa":85,"spd":85,"spe":85},"ivs":{"hp":31,"atk":31,"def":31,"spa":31,"spd":31,"spe":31},"item":"Leftovers","level":83,"shiny":false},{"name":"Whimsicott","moves":["encore","tailwind","moonblast","substitute"],"ability":"Prankster","evs":{"hp":85,"atk":85,"def":85,"spa":85,"spd":85,"spe":85},"ivs":{"hp":31,"atk":31,"def":31,"spa":31,"spd":31,"spe":31},"item":"Leftovers","level":77,"shiny":false},{"name":"Camerupt","moves":["willowisp","earthpower","stealthrock","fireblast"],"ability":"Solid Rock","evs":{"hp":85,"atk":85,"def":85,"spa":85,"spd":85,"spe":85},"ivs":{"hp":31,"atk":31,"def":31,"spa":31,"spd":31,"spe":31},"item":"Cameruptite","level":79,"shiny":false},{"name":"Deoxys-Speed","moves":["psychoboost","taunt","stealthrock","spikes"],"ability":"Pressure","evs":{"hp":85,"atk":85,"def":85,"spa":85,"spd":85,"spe":85},"ivs":{"hp":31,"atk":31,"def":31,"spa":31,"spd":31,"spe":31},"item":"Leftovers","level":73,"shiny":false}],"log":["|player|p1|Liquid Stranger|92","|player|p2|Sovereign Pud|10","|gametype|singles","|gen|6","|tier|Random Battle","|rated","|rule|Sleep Clause Mod: Limit one foe put to sleep","|rule|HP Percentage Mod: HP is shown in percentages","|","|start","|switch|p1a: Drifblim|Drifblim, L83, F|385/385","|switch|p2a: Breloom|Breloom, L75, F|214/214","|turn|1","|","|switch|p2a: Magcargo|Magcargo, L83, M|219/219","|move|p1a: Drifblim|Substitute|p1a: Drifblim","|-start|p1a: Drifblim|Substitute","|-damage|p1a: Drifblim|289/385","|","|turn|2","|","|move|p1a: Drifblim|Shadow Ball|p2a: Magcargo","|-damage|p2a: Magcargo|126/219","|-unboost|p2a: Magcargo|spd|1","|move|p2a: Magcargo|Ancient Power|p1a: Drifblim","|-supereffective|p1a: Drifblim","|-end|p1a: Drifblim|Substitute","|","|turn|3","|","|move|p1a: Drifblim|Shadow Ball|p2a: Magcargo","|-damage|p2a: Magcargo|0 fnt","|faint|p2a: Magcargo","|","|","|switch|p2a: Girafarig|Girafarig, L83, F|252/252","|turn|4","|","|switch|p1a: Accelgor|Accelgor, L79, F|255/255","|move|p2a: Girafarig|Thunderbolt|p1a: Accelgor","|-damage|p1a: Accelgor|175/255","|","|-heal|p1a: Accelgor|190/255|[from] item: Leftovers","|turn|5","|","|switch|p2a: Camerupt|Camerupt, L79, M|240/240","|move|p1a: Accelgor|Spikes|p2a: Camerupt","|-sidestart|p2: Sovereign Pud|Spikes","|","|-heal|p1a: Accelgor|205/255|[from] item: Leftovers","|turn|6","|","|detailschange|p2a: Camerupt|Camerupt-Mega, L79, M","|-mega|p2a: Camerupt|Camerupt|Cameruptite","|move|p1a: Accelgor|Spikes|p2a: Camerupt","|-sidestart|p2: Sovereign Pud|Spikes","|move|p2a: Camerupt|Stealth Rock|p1a: Accelgor","|-sidestart|p1: Liquid Stranger|move: Stealth Rock","|","|-heal|p1a: Accelgor|220/255|[from] item: Leftovers","|turn|7","|","|move|p1a: Accelgor|Encore|p2a: Camerupt","|-start|p2a: Camerupt|Encore","|move|p2a: Camerupt|Stealth Rock|p1a: Accelgor","|-fail|p1a: Accelgor","|","|-heal|p1a: Accelgor|235/255|[from] item: Leftovers","|turn|8","|","|switch|p2a: Whimsicott|Whimsicott, L77, F|219/219","|-damage|p2a: Whimsicott|183/219|[from] Spikes","|move|p1a: Accelgor|Yawn|p2a: Whimsicott","|-start|p2a: Whimsicott|move: Yawn|[of] p1a: Accelgor","|","|-heal|p1a: Accelgor|250/255|[from] item: Leftovers","|-heal|p2a: Whimsicott|196/219|[from] item: Leftovers","|turn|9","|","|move|p2a: Whimsicott|Tailwind|p2a: Whimsicott","|-sidestart|p2: Sovereign Pud|move: Tailwind","|move|p1a: Accelgor|Spikes|p2a: Whimsicott","|-sidestart|p2: Sovereign Pud|Spikes","|","|-end|p2a: Whimsicott|move: Yawn|[silent]","|-status|p2a: Whimsicott|slp","|-heal|p2a: Whimsicott|209/219 slp|[from] item: Leftovers","|-heal|p1a: Accelgor|255/255|[from] item: Leftovers","|turn|10","|","|switch|p2a: Camerupt|Camerupt-Mega, L79, M|240/240","|-damage|p2a: Camerupt|180/240|[from] Spikes","|move|p1a: Accelgor|Encore|p2a: Camerupt","|-fail|p2a: Camerupt","|","|turn|11","|","|switch|p1a: Blastoise|Blastoise, L77, F|248/248","|-damage|p1a: Blastoise|217/248|[from] Stealth Rock","|move|p2a: Camerupt|Fire Blast|p1a: Blastoise","|-resisted|p1a: Blastoise","|-damage|p1a: Blastoise|137/248","|","|turn|12","|","|detailschange|p1a: Blastoise|Blastoise-Mega, L77, F","|-mega|p1a: Blastoise|Blastoise|Blastoisinite","|move|p2a: Camerupt|Earth Power|p1a: Blastoise","|-damage|p1a: Blastoise|0 fnt","|faint|p1a: Blastoise","|","|-sideend|p2: Sovereign Pud|move: Tailwind","|","|switch|p1a: Bastiodon|Bastiodon, L83, F|235/235","|-damage|p1a: Bastiodon|221/235|[from] Stealth Rock","|-item|p1a: Bastiodon|Air Balloon","|turn|13","|","|move|p1a: Bastiodon|Stealth Rock|p2a: Camerupt","|-sidestart|p2: Sovereign Pud|move: Stealth Rock","|move|p2a: Camerupt|Will-O-Wisp|p1a: Bastiodon","|-status|p1a: Bastiodon|brn","|","|-damage|p1a: Bastiodon|192/235 brn|[from] brn","|turn|14","|","|move|p2a: Camerupt|Fire Blast|p1a: Bastiodon","|-damage|p1a: Bastiodon|68/235 brn","|-enditem|p1a: Bastiodon|Air Balloon","|move|p1a: Bastiodon|Roar|p2a: Camerupt","|drag|p2a: Whimsicott|Whimsicott, L77, F|209/219 slp","|-damage|p2a: Whimsicott|182/219 slp|[from] Stealth Rock","|-damage|p2a: Whimsicott|128/219 slp|[from] Spikes","|","|-heal|p2a: Whimsicott|141/219 slp|[from] item: Leftovers","|-damage|p1a: Bastiodon|39/235 brn|[from] brn","|turn|15","|","|cant|p2a: Whimsicott|slp","|move|p1a: Bastiodon|Roar|p2a: Whimsicott","|drag|p2a: Breloom|Breloom, L75, F|214/214","|-damage|p2a: Breloom|201/214|[from] Stealth Rock","|-damage|p2a: Breloom|148/214|[from] Spikes","|","|-damage|p1a: Bastiodon|10/235 brn|[from] brn","|turn|16","|","|move|p2a: Breloom|Mach Punch|p1a: Bastiodon","|-crit|p1a: Bastiodon","|-supereffective|p1a: Bastiodon","|-damage|p1a: Bastiodon|0 fnt","|-damage|p2a: Breloom|127/214|[from] item: Life Orb","|faint|p1a: Bastiodon","|","|","|switch|p1a: Noctowl|Noctowl, L83, M|302/302","|-damage|p1a: Noctowl|227/302|[from] Stealth Rock","|turn|17","|","|move|p1a: Noctowl|Air Slash|p2a: Breloom","|-crit|p2a: Breloom","|-supereffective|p2a: Breloom","|-damage|p2a: Breloom|0 fnt","|faint|p2a: Breloom","|","|-heal|p1a: Noctowl|245/302|[from] item: Leftovers","|","|switch|p2a: Girafarig|Girafarig, L83, F|252/252","|-damage|p2a: Girafarig|189/252|[from] Spikes","|-damage|p2a: Girafarig|158/252|[from] Stealth Rock","|turn|18","|","|move|p2a: Girafarig|Nasty Plot|p2a: Girafarig","|-boost|p2a: Girafarig|spa|2","|move|p1a: Noctowl|Roost|p1a: Noctowl","|-heal|p1a: Noctowl|302/302","|","|-heal|p2a: Girafarig|173/252|[from] item: Leftovers","|turn|19","|","|move|p2a: Girafarig|Thunderbolt|p1a: Noctowl","|-supereffective|p1a: Noctowl","|-damage|p1a: Noctowl|60/302","|move|p1a: Noctowl|Air Slash|p2a: Girafarig","|-damage|p2a: Girafarig|86/252","|","|-heal|p2a: Girafarig|101/252|[from] item: Leftovers","|-heal|p1a: Noctowl|78/302|[from] item: Leftovers","|turn|20","|","|move|p2a: Girafarig|Psyshock|p1a: Noctowl","|-damage|p1a: Noctowl|0 fnt","|faint|p1a: Noctowl","|","|-heal|p2a: Girafarig|116/252|[from] item: Leftovers","|","|switch|p1a: Accelgor|Accelgor, L79, F|255/255","|-damage|p1a: Accelgor|192/255|[from] Stealth Rock","|turn|21","|","|move|p1a: Accelgor|Bug Buzz|p2a: Girafarig","|-crit|p2a: Girafarig","|-supereffective|p2a: Girafarig","|-damage|p2a: Girafarig|0 fnt","|faint|p2a: Girafarig","|","|-heal|p1a: Accelgor|207/255|[from] item: Leftovers","|","|switch|p2a: Camerupt|Camerupt-Mega, L79, M|180/240","|-damage|p2a: Camerupt|150/240|[from] Stealth Rock","|-damage|p2a: Camerupt|90/240|[from] Spikes","|turn|22","|","|move|p1a: Accelgor|Bug Buzz|p2a: Camerupt","|-resisted|p2a: Camerupt","|-damage|p2a: Camerupt|52/240","|move|p2a: Camerupt|Fire Blast|p1a: Accelgor","|-supereffective|p1a: Accelgor","|-damage|p1a: Accelgor|0 fnt","|faint|p1a: Accelgor","|","|","|switch|p1a: Drifblim|Drifblim, L83, F|289/385","|-damage|p1a: Drifblim|193/385|[from] Stealth Rock","|turn|23","|","|move|p1a: Drifblim|Shadow Ball|p2a: Camerupt","|-damage|p2a: Camerupt|0 fnt","|faint|p2a: Camerupt","|","|","|switch|p2a: Deoxys-Speed|Deoxys-Speed, L73|193/193","|-damage|p2a: Deoxys-Speed|145/193|[from] Spikes","|-damage|p2a: Deoxys-Speed|121/193|[from] Stealth Rock","|-ability|p2a: Deoxys-Speed|Pressure","|turn|24","|","|move|p2a: Deoxys-Speed|Psycho Boost|p1a: Drifblim","|-damage|p1a: Drifblim|19/385","|-unboost|p2a: Deoxys-Speed|spa|2","|move|p1a: Drifblim|Acrobatics|p2a: Deoxys-Speed","|-enditem|p1a: Drifblim|Flying Gem|[from] gem|[move] Acrobatics","|-damage|p2a: Deoxys-Speed|0 fnt","|faint|p2a: Deoxys-Speed","|","|","|switch|p2a: Whimsicott|Whimsicott, L77, F|141/219 slp","|-damage|p2a: Whimsicott|114/219 slp|[from] Stealth Rock","|-damage|p2a: Whimsicott|60/219 slp|[from] Spikes","|turn|25","|","|move|p1a: Drifblim|Acrobatics|p2a: Whimsicott","|-supereffective|p2a: Whimsicott","|-damage|p2a: Whimsicott|0 fnt","|faint|p2a: Whimsicott","|","|win|Liquid Stranger"],"p1rating":{"entryid":"7128950","serverid":"eos","formatid":"randombattle","userid":"liquidstranger","username":"Liquid Stranger","w":14,"l":"11","t":"0","gxe":55.6,"r":"1493.4337071254","rd":"69.804175405667","sigma":"0","rptime":"1438333200","rpr":1543.0260445824,"rprd":65.331488970486,"rpsigma":"0","acre":1138.9818718382,"lacre":1138.9818718382,"oldacre":"1122.4449815969"},"p2rating":{"entryid":7301844,"formatid":"randombattle","userid":"sovereignpud","username":"Sovereign Pud","r":1500,"rd":130,"sigma":0,"rpr":1457.3261665682,"rprd":122.10971136097,"rpsigma":0,"rptime":1438333200,"w":0,"l":1,"t":0,"gxe":44.7,"acre":1000,"lacre":1000,"oldacre":1000},"endType":"normal"}