{"seed":[16313,29859,30855,15532],"turns":26,"p1":"ishdeep gamora","p2":"vitolix","p1team":[{"name":"Thundurus","moves":["nastyplot","thunderbolt","focusblast","hiddenpowerflying"],"ability":"Prankster","evs":{"hp":85,"atk":85,"def":85,"spa":85,"spd":85,"spe":85},"ivs":{"hp":30,"atk":30,"def":30,"spa":30,"spd":30,"spe":31},"item":"Life Orb","level":75,"shiny":false},{"name":"Bastiodon","moves":["roar","rockblast","metalburst","stealthrock"],"ability":"Sturdy","evs":{"hp":85,"atk":85,"def":85,"spa":85,"spd":85,"spe":85},"ivs":{"hp":31,"atk":31,"def":31,"spa":31,"spd":31,"spe":31},"item":"Air Balloon","level":83,"shiny":false},{"name":"Throh","moves":["stormthrow","knockoff","bulkup","icepunch"],"ability":"Guts","evs":{"hp":85,"atk":85,"def":85,"spa":85,"spd":85,"spe":85},"ivs":{"hp":31,"atk":31,"def":31,"spa":31,"spd":31,"spe":31},"item":"Toxic Orb","level":82,"shiny":false},{"name":"Exploud","moves":["fireblast","focusblast","boomburst","surf"],"ability":"Scrappy","evs":{"hp":85,"atk":85,"def":85,"spa":85,"spd":85,"spe":85},"ivs":{"hp":31,"atk":31,"def":31,"spa":31,"spd":31,"spe":31},"item":"Choice Specs","level":79,"shiny":false},{"name":"Wigglytuff","moves":["stealthrock","protect","wish","dazzlinggleam"],"ability":"Competitive","evs":{"hp":85,"atk":85,"def":85,"spa":85,"spd":85,"spe":85},"ivs":{"hp":31,"atk":31,"def":31,"spa":31,"spd":31,"spe":31},"item":"Leftovers","level":83,"shiny":false},{"name":"Tornadus-Therian","moves":["uturn","heatwave","taunt","hurricane"],"ability":"Regenerator","evs":{"hp":85,"atk":85,"def":85,"spa":85,"spd":85,"spe":85},"ivs":{"hp":31,"atk":31,"def":31,"spa":31,"spd":31,"spe":31},"item":"Life Orb","level":75,"shiny":false}],"p2team":[{"name":"Medicham","moves":["highjumpkick","icepunch","fakeout","zenheadbutt"],"ability":"Pure Power","evs":{"hp":85,"atk":85,"def":85,"spa":85,"spd":85,"spe":85},"ivs":{"hp":31,"atk":31,"def":31,"spa":31,"spd":31,"spe":31},"item":"Medichamite","level":76,"shiny":false},{"name":"Zoroark","moves":["darkpulse","uturn","trick","knockoff"],"ability":"Illusion","evs":{"hp":85,"atk":85,"def":85,"spa":85,"spd":85,"spe":85},"ivs":{"hp":31,"atk":31,"def":31,"spa":31,"spd":31,"spe":31},"item":"Choice Scarf","level":78,"shiny":false},{"name":"Rapidash","moves":["flareblitz","wildcharge","willowisp","morningsun"],"ability":"Flash Fire","evs":{"hp":81,"atk":89,"def":85,"spa":85,"spd":85,"spe":85},"ivs":{"hp":31,"atk":31,"def":31,"spa":31,"spd":31,"spe":31},"item":"Leftovers","level":83,"shiny":false},{"name":"Landorus-Therian","moves":["stoneedge","swordsdance","superpower","earthquake"],"ability":"Intimidate","evs":{"hp":85,"atk":85,"def":85,"spa":85,"spd":85,"spe":85},"ivs":{"hp":31,"atk":31,"def":31,"spa":31,"spd":31,"spe":31},"item":"Life Orb","level":75,"shiny":false},{"name":"Seviper","moves":["suckerpunch","coil","earthquake","poisonjab"],"ability":"Shed Skin","evs":{"hp":85,"atk":85,"def":85,"spa":85,"spd":85,"spe":85},"ivs":{"hp":31,"atk":31,"def":31,"spa":31,"spd":31,"spe":31},"item":"Life Orb","level":83,"shiny":false},{"name":"Haxorus","moves":["outrage","poisonjab","substitute","earthquake"],"ability":"Mold Breaker","evs":{"hp":85,"atk":85,"def":85,"spa":85,"spd":85,"spe":85},"ivs":{"hp":31,"atk":31,"def":31,"spa":31,"spd":31,"spe":31},"item":"Leftovers","level":77,"shiny":false}],"log":["|player|p1|ishdeep gamora|102","|player|p2|vitolix|101","|gametype|singles","|gen|6","|tier|Random Battle","|rated","|rule|Sleep Clause Mod: Limit one foe put to sleep","|rule|HP Percentage Mod: HP is shown in percentages","|","|start","|switch|p1a: Thundurus|Thundurus, L75, M|241/241","|switch|p2a: Medicham|Medicham, L76, M|216/216","|turn|1","|","|detailschange|p2a: Medicham|Medicham-Mega, L76, M","|-mega|p2a: Medicham|Medicham|Medichamite","|move|p2a: Medicham|Fake Out|p1a: Thundurus","|-damage|p1a: Thundurus|175/241","|cant|p1a: Thundurus|flinch","|","|turn|2","|","|move|p1a: Thundurus|Hidden Power|p2a: Medicham","|-supereffective|p2a: Medicham","|-damage|p2a: Medicham|42/216","|-damage|p1a: Thundurus|151/241|[from] item: Life Orb","|move|p2a: Medicham|Ice Punch|p1a: Thundurus","|-supereffective|p1a: Thundurus","|-damage|p1a: Thundurus|0 fnt","|faint|p1a: Thundurus","|","|","|switch|p1a: Tornadus-Therian|Tornadus-Therian, L75, M|242/242","|turn|3","|","|move|p1a: Tornadus-Therian|Heat Wave|p2a: Medicham","|-damage|p2a: Medicham|0 fnt","|-damage|p1a: Tornadus-Therian|218/242|[from] item: Life Orb","|faint|p2a: Medicham","|","|","|switch|p2a: Haxorus|Haxorus, L77, M|244/244","|-ability|p2a: Haxorus|Mold Breaker","|turn|4","|","|move|p1a: Tornadus-Therian|Taunt|p2a: Haxorus","|-start|p2a: Haxorus|move: Taunt","|cant|p2a: Haxorus|move: Taunt|Substitute","|","|turn|5","|","|move|p1a: Tornadus-Therian|U-turn|p2a: Haxorus","|-damage|p2a: Haxorus|183/244","|-damage|p1a: Tornadus-Therian|194/242|[from] item: Life Orb","|","|switch|p1a: Wigglytuff|Wigglytuff, L83, F|368/368","|move|p2a: Haxorus|Poison Jab|p1a: Wigglytuff","|-supereffective|p1a: Wigglytuff","|-damage|p1a: Wigglytuff|162/368","|","|-heal|p2a: Haxorus|198/244|[from] item: Leftovers","|-heal|p1a: Wigglytuff|185/368|[from] item: Leftovers","|turn|6","|","|switch|p1a: Bastiodon|Bastiodon, L83, F|235/235","|-item|p1a: Bastiodon|Air Balloon","|move|p2a: Haxorus|Poison Jab|p1a: Bastiodon","|-immune|p1a: Bastiodon|[msg]","|","|-heal|p2a: Haxorus|213/244|[from] item: Leftovers","|-end|p2a: Haxorus|move: Taunt","|turn|7","|","|move|p2a: Haxorus|Outrage|p1a: Bastiodon","|-resisted|p1a: Bastiodon","|-damage|p1a: Bastiodon|187/235","|-enditem|p1a: Bastiodon|Air Balloon","|move|p1a: Bastiodon|Stealth Rock|p2a: Haxorus","|-sidestart|p2: vitolix|move: Stealth Rock","|","|-heal|p2a: Haxorus|228/244|[from] item: Leftovers","|turn|8","|","|move|p2a: Haxorus|Outrage|p1a: Bastiodon","|-resisted|p1a: Bastiodon","|-damage|p1a: Bastiodon|146/235","|move|p1a: Bastiodon|Metal Burst|p2a: Haxorus","|-damage|p2a: Haxorus|167/244","|","|-heal|p2a: Haxorus|182/244|[from] item: Leftovers","|turn|9","|","|move|p2a: Haxorus|Outrage|p1a: Bastiodon","|-resisted|p1a: Bastiodon","|-damage|p1a: Bastiodon|104/235","|-start|p2a: Haxorus|confusion|[fatigue]","|move|p1a: Bastiodon|Rock Blast|p2a: Haxorus","|-damage|p2a: Haxorus|163/244","|-damage|p2a: Haxorus|145/244","|-hitcount|p2a: Haxorus|2","|","|-heal|p2a: Haxorus|160/244|[from] item: Leftovers","|turn|10","|","|-activate|p2a: Haxorus|confusion","|-damage|p2a: Haxorus|125/244|[from] confusion","|move|p1a: Bastiodon|Metal Burst|p2a: Haxorus","|-fail|p2a: Haxorus","|","|-heal|p2a: Haxorus|140/244|[from] item: Leftovers","|turn|11","|","|-activate|p2a: Haxorus|confusion","|-damage|p2a: Haxorus|107/244|[from] confusion","|move|p1a: Bastiodon|Roar|p2a: Haxorus","|drag|p2a: Seviper|Seviper, L83, M|257/257","|-damage|p2a: Seviper|225/257|[from] Stealth Rock","|","|turn|12","|","|move|p2a: Seviper|Earthquake|p1a: Bastiodon","|-supereffective|p1a: Bastiodon","|-damage|p1a: Bastiodon|0 fnt","|-damage|p2a: Seviper|200/257|[from] item: Life Orb","|faint|p1a: Bastiodon","|","|","|switch|p1a: Exploud|Exploud, L79, M|294/294","|turn|13","|","|move|p2a: Seviper|Coil|p2a: Seviper","|-boost|p2a: Seviper|atk|1","|-boost|p2a: Seviper|def|1","|-boost|p2a: Seviper|accuracy|1","|move|p1a: Exploud|Boomburst|p2a: Seviper","|-damage|p2a: Seviper|0 fnt","|faint|p2a: Seviper","|","|","|switch|p2a: Haxorus|Haxorus, L77, M|222/222","|-damage|p2a: Haxorus|195/222|[from] Stealth Rock","|turn|14","|","|switch|p1a: Tornadus-Therian|Tornadus-Therian, L75, M|242/242","|move|p2a: Haxorus|Trick|p1a: Tornadus-Therian","|-activate|p2a: Haxorus|move: Trick|[of] p1a: Tornadus-Therian","|-item|p1a: Tornadus-Therian|Choice Scarf|[from] move: Trick","|-item|p2a: Haxorus|Life Orb|[from] move: Trick","|","|turn|15","|","|move|p1a: Tornadus-Therian|Hurricane|p2a: Haxorus|[miss]","|-miss|p1a: Tornadus-Therian|p2a: Haxorus","|move|p2a: Haxorus|Knock Off|p1a: Tornadus-Therian","|-damage|p1a: Tornadus-Therian|94/242","|-enditem|p1a: Tornadus-Therian|Choice Scarf|[from] move: Knock Off|[of] p2a: Haxorus","|-damage|p2a: Haxorus|173/222|[from] item: Life Orb","|","|turn|16","|","|move|p1a: Tornadus-Therian|Hurricane|p2a: Haxorus","|-crit|p2a: Haxorus","|replace|p2a: Zoroark|Zoroark, L78, M|173/222","|-damage|p2a: Zoroark|0 fnt","|faint|p2a: Zoroark","|","|","|switch|p2a: Rapidash|Rapidash, L83, F|243/243","|-damage|p2a: Rapidash|183/243|[from] Stealth Rock","|turn|17","|","|move|p1a: Tornadus-Therian|Hurricane|p2a: Rapidash","|-damage|p2a: Rapidash|66/243","|move|p2a: Rapidash|Wild Charge|p1a: Tornadus-Therian","|-supereffective|p1a: Tornadus-Therian","|-damage|p1a: Tornadus-Therian|0 fnt","|-damage|p2a: Rapidash|42/243|[from] recoil|[of] p1a: Tornadus-Therian","|faint|p1a: Tornadus-Therian","|","|-heal|p2a: Rapidash|57/243|[from] item: Leftovers","|","|switch|p1a: Wigglytuff|Wigglytuff, L83, F|185/368","|turn|18","|","|move|p2a: Rapidash|Morning Sun|p2a: Rapidash","|-heal|p2a: Rapidash|178/243","|move|p1a: Wigglytuff|Dazzling Gleam|p2a: Rapidash","|-resisted|p2a: Rapidash","|-damage|p2a: Rapidash|135/243","|","|-heal|p2a: Rapidash|150/243|[from] item: Leftovers","|-heal|p1a: Wigglytuff|208/368|[from] item: Leftovers","|turn|19","|","|move|p2a: Rapidash|Will-O-Wisp|p1a: Wigglytuff|[miss]","|-miss|p2a: Rapidash|p1a: Wigglytuff","|move|p1a: Wigglytuff|Wish|p1a: Wigglytuff","|","|-heal|p2a: Rapidash|165/243|[from] item: Leftovers","|-heal|p1a: Wigglytuff|231/368|[from] item: Leftovers","|turn|20","|","|switch|p1a: Throh|Throh, L82, M|331/331","|move|p2a: Rapidash|Will-O-Wisp|p1a: Throh","|-status|p1a: Throh|brn","|","|-heal|p2a: Rapidash|180/243|[from] item: Leftovers","|-damage|p1a: Throh|290/331 brn|[from] brn","|turn|21","|","|move|p2a: Rapidash|Flare Blitz|p1a: Throh","|-damage|p1a: Throh|143/331 brn","|-damage|p2a: Rapidash|131/243|[from] recoil|[of] p1a: Throh","|move|p1a: Throh|Storm Throw|p2a: Rapidash","|-crit|p2a: Rapidash","|-damage|p2a: Rapidash|0 fnt","|faint|p2a: Rapidash","|","|-damage|p1a: Throh|102/331 brn|[from] brn","|","|switch|p2a: Landorus-Therian|Landorus-Therian, L75, M|257/257","|-damage|p2a: Landorus-Therian|225/257|[from] Stealth Rock","|-ability|p2a: Landorus-Therian|Intimidate","|-unboost|p1a: Throh|atk|1","|turn|22","|","|move|p2a: Landorus-Therian|Earthquake|p1a: Throh","|-damage|p1a: Throh|0 fnt","|-damage|p2a: Landorus-Therian|200/257|[from] item: Life Orb","|faint|p1a: Throh","|","|","|switch|p1a: Exploud|Exploud, L79, M|294/294","|turn|23","|","|move|p2a: Landorus-Therian|Superpower|p1a: Exploud","|-supereffective|p1a: Exploud","|-damage|p1a: Exploud|0 fnt","|-unboost|p2a: Landorus-Therian|atk|1","|-unboost|p2a: Landorus-Therian|def|1","|-damage|p2a: Landorus-Therian|175/257|[from] item: Life Orb","|faint|p1a: Exploud","|","|","|switch|p1a: Wigglytuff|Wigglytuff, L83, F|231/368","|turn|24","|","|move|p2a: Landorus-Therian|Swords Dance|p2a: Landorus-Therian","|-boost|p2a: Landorus-Therian|atk|2","|move|p1a: Wigglytuff|Wish|p1a: Wigglytuff","|","|-heal|p1a: Wigglytuff|254/368|[from] item: Leftovers","|turn|25","|","|move|p2a: Landorus-Therian|Swords Dance|p2a: Landorus-Therian","|-boost|p2a: Landorus-Therian|atk|2","|move|p1a: Wigglytuff|Dazzling Gleam|p2a: Landorus-Therian","|-damage|p2a: Landorus-Therian|85/257","|","|-heal|p1a: Wigglytuff|368/368|[from] move: Wish|[wisher] Wigglytuff","|turn|26","|","|move|p2a: Landorus-Therian|Earthquake|p1a: Wigglytuff","|-damage|p1a: Wigglytuff|0 fnt","|-damage|p2a: Landorus-Therian|60/257|[from] item: Life Orb","|faint|p1a: Wigglytuff","|","|win|vitolix"],"p1rating":{"entryid":"6599674","serverid":"eos","formatid":"randombattle","userid":"ishdeepgamora","username":"ishdeep gamora","w":"9","l":7,"t":"0","gxe":55.9,"r":"1565.215499766","rd":"80.631464957836","sigma":"0","rptime":"1438333200","rpr":1545.8122312653,"rprd":78.888870293846,"rpsigma":"0","acre":1082.1997420474,"lacre":1082.1997420474,"oldacre":"1115.1979284511"},"p2rating":{"entryid":"7300195","serverid":"eos","formatid":"randombattle","userid":"vitolix","username":"vitolix","w":1,"l":"1","t":"0","gxe":50.4,"r":"1500","rd":"130","sigma":"0","rptime":"1438333200","rpr":1502.8152327043,"rprd":115.88152102842,"rpsigma":"0","acre":1052.7970982459,"lacre":1052.7970982459,"oldacre":"1000"},"endType":"normal"}