{"seed":[14396,4434,24000,51860],"turns":20,"p1":"Ynfynyt Scroll","p2":"Berinh Zhou","p1team":[{"name":"Mesprit","moves":["uturn","psychic","energyball","hiddenpowerfire"],"ability":"Levitate","evs":{"hp":85,"atk":85,"def":85,"spa":85,"spd":85,"spe":85},"ivs":{"hp":31,"atk":30,"def":31,"spa":30,"spd":31,"spe":30},"item":"Assault Vest","level":81,"shiny":false},{"name":"Rotom-Frost","moves":["voltswitch","trick","thunderbolt","willowisp"],"ability":"Levitate","evs":{"hp":85,"atk":85,"def":85,"spa":85,"spd":85,"spe":85},"ivs":{"hp":31,"atk":31,"def":31,"spa":31,"spd":31,"spe":31},"item":"Choice Scarf","level":83,"shiny":false},{"name":"Beedrill","moves":["xscissor","swordsdance","drillrun","knockoff"],"ability":"Swarm","evs":{"hp":85,"atk":85,"def":85,"spa":85,"spd":85,"spe":85},"ivs":{"hp":31,"atk":31,"def":31,"spa":31,"spd":31,"spe":31},"item":"Beedrillite","level":77,"shiny":false},{"name":"Snorlax","moves":["bodyslam","curse","crunch","whirlwind"],"ability":"Thick Fat","evs":{"hp":85,"atk":85,"def":85,"spa":85,"spd":85,"spe":85},"ivs":{"hp":31,"atk":31,"def":31,"spa":31,"spd":31,"spe":31},"item":"Leftovers","level":77,"shiny":false},{"name":"Reshiram","moves":["stoneedge","toxic","dracometeor","blueflare"],"ability":"Turboblaze","evs":{"hp":85,"atk":85,"def":85,"spa":85,"spd":85,"spe":85},"ivs":{"hp":31,"atk":31,"def":31,"spa":31,"spd":31,"spe":31},"item":"Leftovers","level":73,"shiny":false},{"name":"Meganium","moves":["toxic","aromatherapy","synthesis","gigadrain"],"ability":"Overgrow","evs":{"hp":85,"atk":85,"def":85,"spa":85,"spd":85,"spe":85},"ivs":{"hp":31,"atk":31,"def":31,"spa":31,"spd":31,"spe":31},"item":"Leftovers","level":83,"shiny":false}],"p2team":[{"name":"Gliscor","moves":["protect","taunt","toxic","earthquake"],"ability":"Poison Heal","evs":{"hp":85,"atk":85,"def":85,"spa":85,"spd":85,"spe":85},"ivs":{"hp":31,"atk":31,"def":31,"spa":31,"spd":31,"spe":31},"item":"Toxic Orb","level":75,"shiny":false},{"name":"Liepard","moves":["encore","copycat","substitute","knockoff"],"ability":"Prankster","evs":{"hp":85,"atk":85,"def":85,"spa":85,"spd":85,"spe":85},"ivs":{"hp":31,"atk":31,"def":31,"spa":31,"spd":31,"spe":31},"item":"Leftovers","level":81,"shiny":false},{"name":"Moltres","moves":["substitute","willowisp","roost","fireblast"],"ability":"Pressure","evs":{"hp":81,"atk":85,"def":85,"spa":89,"spd":85,"spe":85},"ivs":{"hp":31,"atk":31,"def":31,"spa":31,"spd":31,"spe":31},"item":"Leftovers","level":78,"shiny":false},{"name":"Swanna","moves":["hurricane","defog","raindance","surf"],"ability":"Hydration","evs":{"hp":81,"atk":85,"def":85,"spa":89,"spd":85,"spe":85},"ivs":{"hp":31,"atk":31,"def":31,"spa":31,"spd":31,"spe":31},"item":"Damp Rock","level":83,"shiny":false},{"name":"Genesect-Douse","moves":["ironhead","shiftgear","extremespeed","technoblast"],"ability":"Download","evs":{"hp":85,"atk":85,"def":85,"spa":85,"spd":85,"spe":85},"ivs":{"hp":31,"atk":31,"def":31,"spa":31,"spd":31,"spe":31},"item":"Douse Drive","level":74,"shiny":false},{"name":"Rhyperior","moves":["earthquake","rockpolish","rockblast","megahorn"],"ability":"Solid Rock","evs":{"hp":85,"atk":85,"def":85,"spa":85,"spd":85,"spe":85},"ivs":{"hp":31,"atk":31,"def":31,"spa":31,"spd":31,"spe":31},"item":"Weakness Policy","level":79,"shiny":false}],"log":["|player|p1|Ynfynyt Scroll|265","|player|p2|Berinh Zhou|249","|gametype|singles","|gen|6","|tier|Random Battle","|rated","|rule|Sleep Clause Mod: Limit one foe put to sleep","|rule|HP Percentage Mod: HP is shown in percentages","|","|start","|switch|p1a: Mesprit|Mesprit, L81|262/262","|switch|p2a: Gliscor|Gliscor, L75, M|236/236","|turn|1","|","|move|p2a: Gliscor|Protect|p2a: Gliscor","|-singleturn|p2a: Gliscor|Protect","|move|p1a: Mesprit|Psychic|p2a: Gliscor","|-activate|p2a: Gliscor|Protect","|","|-status|p2a: Gliscor|tox|[from] item: Toxic Orb","|turn|2","|","|move|p2a: Gliscor|Earthquake|p1a: Mesprit","|-immune|p1a: Mesprit|[msg]","|move|p1a: Mesprit|Psychic|p2a: Gliscor","|-damage|p2a: Gliscor|107/236 tox","|","|-heal|p2a: Gliscor|136/236 tox|[from] ability: Poison Heal","|turn|3","|","|move|p2a: Gliscor|Earthquake|p1a: Mesprit","|-immune|p1a: Mesprit|[msg]","|move|p1a: Mesprit|Psychic|p2a: Gliscor","|-damage|p2a: Gliscor|16/236 tox","|","|-heal|p2a: Gliscor|45/236 tox|[from] ability: Poison Heal","|turn|4","|","|switch|p2a: Moltres|Moltres, L78|268/268","|-ability|p2a: Moltres|Pressure","|move|p1a: Mesprit|Psychic|p2a: Moltres","|-damage|p2a: Moltres|154/268","|","|-heal|p2a: Moltres|170/268|[from] item: Leftovers","|turn|5","|","|move|p2a: Moltres|Fire Blast|p1a: Mesprit","|-damage|p1a: Mesprit|190/262","|move|p1a: Mesprit|Psychic|p2a: Moltres","|-damage|p2a: Moltres|71/268","|","|-heal|p2a: Moltres|87/268|[from] item: Leftovers","|turn|6","|","|move|p2a: Moltres|Will-O-Wisp|p1a: Mesprit","|-status|p1a: Mesprit|brn","|move|p1a: Mesprit|Psychic|p2a: Moltres","|-damage|p2a: Moltres|0 fnt","|faint|p2a: Moltres","|","|-damage|p1a: Mesprit|158/262 brn|[from] brn","|","|switch|p2a: Liepard|Liepard, L81, M|236/236","|turn|7","|","|move|p2a: Liepard|Copycat|p2a: Liepard","|move|p2a: Liepard|Psychic|p1a: Mesprit|[from]Copycat","|-resisted|p1a: Mesprit","|-damage|p1a: Mesprit|141/262 brn","|move|p1a: Mesprit|U-turn|p2a: Liepard","|-supereffective|p2a: Liepard","|-damage|p2a: Liepard|164/236","|","|switch|p1a: Meganium|Meganium, L83, F|268/268","|","|-heal|p2a: Liepard|178/236|[from] item: Leftovers","|turn|8","|","|move|p2a: Liepard|Knock Off|p1a: Meganium","|-damage|p1a: Meganium|181/268","|-enditem|p1a: Meganium|Leftovers|[from] move: Knock Off|[of] p2a: Liepard","|move|p1a: Meganium|Giga Drain|p2a: Liepard","|-damage|p2a: Liepard|69/236","|-heal|p1a: Meganium|236/268|[from] drain|[of] p2a: Liepard","|","|-heal|p2a: Liepard|83/236|[from] item: Leftovers","|turn|9","|","|switch|p2a: Genesect-Douse|Genesect-Douse, L74|227/227","|-boost|p2a: Genesect-Douse|spa|1|[from] ability: Download","|move|p1a: Meganium|Giga Drain|p2a: Genesect-Douse","|-resisted|p2a: Genesect-Douse","|-damage|p2a: Genesect-Douse|210/227","|-heal|p1a: Meganium|245/268|[from] drain|[of] p2a: Genesect-Douse","|","|turn|10","|","|switch|p1a: Reshiram|Reshiram, L73|266/266","|-ability|p1a: Reshiram|Turboblaze","|move|p2a: Genesect-Douse|Iron Head|p1a: Reshiram","|-resisted|p1a: Reshiram","|-damage|p1a: Reshiram|227/266","|","|-heal|p1a: Reshiram|243/266|[from] item: Leftovers","|turn|11","|","|move|p2a: Genesect-Douse|Techno Blast|p1a: Reshiram","|-damage|p1a: Reshiram|143/266","|move|p1a: Reshiram|Blue Flare|p2a: Genesect-Douse","|-supereffective|p2a: Genesect-Douse","|-damage|p2a: Genesect-Douse|0 fnt","|faint|p2a: Genesect-Douse","|","|-heal|p1a: Reshiram|159/266|[from] item: Leftovers","|","|switch|p2a: Rhyperior|Rhyperior, L79, F|311/311","|turn|12","|","|switch|p1a: Mesprit|Mesprit, L81|141/262 brn","|move|p2a: Rhyperior|Megahorn|p1a: Mesprit","|-supereffective|p1a: Mesprit","|-damage|p1a: Mesprit|0 fnt","|faint|p1a: Mesprit","|","|","|switch|p1a: Meganium|Meganium, L83, F|245/268","|turn|13","|","|move|p1a: Meganium|Giga Drain|p2a: Rhyperior","|-supereffective|p2a: Rhyperior","|-damage|p2a: Rhyperior|0 fnt","|-heal|p1a: Meganium|268/268|[from] drain|[of] p2a: Rhyperior","|faint|p2a: Rhyperior","|","|","|switch|p2a: Gliscor|Gliscor, L75, M|45/236 tox","|turn|14","|","|move|p2a: Gliscor|Taunt|p1a: Meganium","|-start|p1a: Meganium|move: Taunt","|move|p1a: Meganium|Giga Drain|p2a: Gliscor","|-damage|p2a: Gliscor|0 fnt","|faint|p2a: Gliscor","|","|","|switch|p2a: Liepard|Liepard, L81, M|83/236","|turn|15","|","|move|p2a: Liepard|Substitute|p2a: Liepard","|-start|p2a: Liepard|Substitute","|-damage|p2a: Liepard|24/236","|move|p1a: Meganium|Giga Drain|p2a: Liepard","|-end|p2a: Liepard|Substitute","|","|-heal|p2a: Liepard|38/236|[from] item: Leftovers","|turn|16","|","|move|p2a: Liepard|Substitute|p2a: Liepard","|-fail|p2a: Liepard|move: Substitute|[weak]","|move|p1a: Meganium|Giga Drain|p2a: Liepard","|-crit|p2a: Liepard","|-damage|p2a: Liepard|0 fnt","|faint|p2a: Liepard","|","|-end|p1a: Meganium|move: Taunt","|","|switch|p2a: Swanna|Swanna, L83, M|259/259","|turn|17","|","|move|p2a: Swanna|Hurricane|p1a: Meganium","|-supereffective|p1a: Meganium","|-damage|p1a: Meganium|70/268","|move|p1a: Meganium|Giga Drain|p2a: Swanna","|-damage|p2a: Swanna|114/259","|-heal|p1a: Meganium|143/268|[from] drain|[of] p2a: Swanna","|","|turn|18","|","|move|p2a: Swanna|Hurricane|p1a: Meganium|[miss]","|-miss|p2a: Swanna|p1a: Meganium","|move|p1a: Meganium|Giga Drain|p2a: Swanna","|-damage|p2a: Swanna|18/259","|-heal|p1a: Meganium|191/268|[from] drain|[of] p2a: Swanna","|","|turn|19","|","|move|p2a: Swanna|Hurricane|p1a: Meganium","|-supereffective|p1a: Meganium","|-damage|p1a: Meganium|0 fnt","|faint|p1a: Meganium","|","|","|switch|p1a: Rotom-Frost|Rotom-Frost, L83|219/219","|turn|20","|","|move|p1a: Rotom-Frost|Thunderbolt|p2a: Swanna","|-supereffective|p2a: Swanna","|-damage|p2a: Swanna|0 fnt","|faint|p2a: Swanna","|","|win|Ynfynyt Scroll"],"p1rating":{"entryid":"7631274","serverid":"eos","formatid":"randombattle","userid":"ynfynytscroll","username":"Ynfynyt Scroll","w":20,"l":"4","t":"0","gxe":72.3,"r":"1658.1809828013","rd":"79.294490585238","sigma":"0","rptime":"1439629200","rpr":1683.9099115098,"rprd":67.093460940212,"rpsigma":"0","acre":1271.6396924621,"lacre":1271.6396924621,"oldacre":"1262.6051718721"},"p2rating":{"entryid":7664167,"formatid":"randombattle","userid":"berinhzhou","username":"Berinh Zhou","r":1500,"rd":130,"sigma":0,"rpr":1475.1127425976,"rprd":123.44617232662,"rpsigma":0,"rptime":1439629200,"w":0,"l":1,"t":0,"gxe":46.9,"acre":1000,"lacre":1000,"oldacre":1000},"endType":"normal"}