{"seed":[7118,59979,39723,63902],"turns":25,"p1":"Ynfynyt Scroll","p2":"Knight♕Zygarde","p1team":[{"name":"Magcargo","moves":["toxic","stealthrock","ancientpower","fireblast"],"ability":"Flame Body","evs":{"hp":85,"atk":85,"def":85,"spa":85,"spd":85,"spe":85},"ivs":{"hp":31,"atk":31,"def":31,"spa":31,"spd":31,"spe":31},"item":"Air Balloon","level":83,"shiny":false},{"name":"Klefki","moves":["reflect","magnetrise","spikes","playrough"],"ability":"Prankster","evs":{"hp":85,"atk":85,"def":85,"spa":85,"spd":85,"spe":85},"ivs":{"hp":31,"atk":31,"def":31,"spa":31,"spd":31,"spe":31},"item":"Light Clay","level":75,"shiny":false},{"name":"Luvdisc","moves":["toxic","scald","sweetkiss","icebeam"],"ability":"Hydration","evs":{"hp":85,"atk":85,"def":85,"spa":85,"spd":85,"spe":85},"ivs":{"hp":31,"atk":31,"def":31,"spa":31,"spd":31,"spe":31},"item":"Leftovers","level":83,"shiny":false},{"name":"Altaria","moves":["healbell","dracometeor","roost","hypervoice"],"ability":"Natural Cure","evs":{"hp":85,"atk":85,"def":85,"spa":85,"spd":85,"spe":85},"ivs":{"hp":31,"atk":31,"def":31,"spa":31,"spd":31,"spe":31},"item":"Altarianite","level":75,"shiny":false},{"name":"Goodra","moves":["fireblast","dracometeor","sludgebomb","dragontail"],"ability":"Sap Sipper","evs":{"hp":85,"atk":85,"def":85,"spa":85,"spd":85,"spe":85},"ivs":{"hp":31,"atk":31,"def":31,"spa":31,"spd":31,"spe":31},"item":"Assault Vest","level":77,"shiny":false},{"name":"Stoutland","moves":["wildcharge","return","icefang","crunch"],"ability":"Intimidate","evs":{"hp":85,"atk":85,"def":85,"spa":85,"spd":85,"spe":85},"ivs":{"hp":31,"atk":31,"def":31,"spa":31,"spd":31,"spe":31},"item":"Choice Band","level":83,"shiny":false}],"p2team":[{"name":"Hariyama","moves":["closecombat","knockoff","bulletpunch","stoneedge"],"ability":"Thick Fat","evs":{"hp":85,"atk":85,"def":85,"spa":85,"spd":85,"spe":85},"ivs":{"hp":31,"atk":31,"def":31,"spa":31,"spd":31,"spe":31},"item":"Choice Band","level":81,"shiny":false},{"name":"Latios","moves":["roost","psyshock","defog","hiddenpowerfire"],"ability":"Levitate","evs":{"hp":85,"atk":85,"def":85,"spa":85,"spd":85,"spe":85},"ivs":{"hp":31,"atk":30,"def":31,"spa":30,"spd":31,"spe":30},"item":"Latiosite","level":75,"shiny":false},{"name":"Huntail","moves":["batonpass","icebeam","shellsmash","waterfall"],"ability":"Water Veil","evs":{"hp":85,"atk":85,"def":85,"spa":85,"spd":85,"spe":85},"ivs":{"hp":31,"atk":31,"def":31,"spa":31,"spd":31,"spe":31},"item":"White Herb","level":83,"shiny":false},{"name":"Glaceon","moves":["wish","toxic","healbell","icebeam"],"ability":"Ice Body","evs":{"hp":81,"atk":85,"def":85,"spa":89,"spd":85,"spe":85},"ivs":{"hp":31,"atk":31,"def":31,"spa":31,"spd":31,"spe":31},"item":"Leftovers","level":83,"shiny":false},{"name":"Lugia","moves":["aeroblast","whirlwind","thunderwave","roost"],"ability":"Multiscale","evs":{"hp":85,"atk":85,"def":85,"spa":85,"spd":85,"spe":85},"ivs":{"hp":31,"atk":31,"def":31,"spa":31,"spd":31,"spe":31},"item":"Leftovers","level":73,"shiny":false},{"name":"Sawsbuck","moves":["hornleech","jumpkick","return","swordsdance"],"ability":"Sap Sipper","evs":{"hp":85,"atk":85,"def":85,"spa":85,"spd":85,"spe":85},"ivs":{"hp":31,"atk":31,"def":31,"spa":31,"spd":31,"spe":31},"item":"Life Orb","level":83,"shiny":false}],"log":["|player|p1|Ynfynyt Scroll|265","|player|p2|Knight♕Zygarde|knightzygarde.png","|gametype|singles","|gen|6","|tier|Random Battle","|rated","|rule|Sleep Clause Mod: Limit one foe put to sleep","|rule|HP Percentage Mod: HP is shown in percentages","|","|start","|switch|p1a: Magcargo|Magcargo, L83, F|219/219","|switch|p2a: Hariyama|Hariyama, L81, M|366/366","|-item|p1a: Magcargo|Air Balloon","|turn|1","|","|switch|p1a: Altaria|Altaria, L75, M|236/236","|move|p2a: Hariyama|Close Combat|p1a: Altaria","|-resisted|p1a: Altaria","|-damage|p1a: Altaria|119/236","|-unboost|p2a: Hariyama|def|1","|-unboost|p2a: Hariyama|spd|1","|","|turn|2","|","|switch|p2a: Glaceon|Glaceon, L83, M|243/243","|detailschange|p1a: Altaria|Altaria-Mega, L75, M","|-mega|p1a: Altaria|Altaria|Altarianite","|move|p1a: Altaria|Hyper Voice|p2a: Glaceon","|-damage|p2a: Glaceon|128/243","|","|-heal|p2a: Glaceon|143/243|[from] item: Leftovers","|turn|3","|","|switch|p1a: Magcargo|Magcargo, L83, F|219/219","|-item|p1a: Magcargo|Air Balloon","|move|p2a: Glaceon|Ice Beam|p1a: Magcargo","|-resisted|p1a: Magcargo","|-damage|p1a: Magcargo|158/219","|-enditem|p1a: Magcargo|Air Balloon","|","|-heal|p2a: Glaceon|158/243|[from] item: Leftovers","|turn|4","|","|switch|p2a: Huntail|Huntail, L83, M|227/227","|move|p1a: Magcargo|Fire Blast|p2a: Huntail","|-resisted|p2a: Huntail","|-damage|p2a: Huntail|171/227","|","|turn|5","|","|move|p2a: Huntail|Shell Smash|p2a: Huntail","|-unboost|p2a: Huntail|def|1","|-unboost|p2a: Huntail|spd|1","|-boost|p2a: Huntail|atk|2","|-boost|p2a: Huntail|spa|2","|-boost|p2a: Huntail|spe|2","|-enditem|p2a: Huntail|White Herb","|-restoreboost|p2a: Huntail|[silent]","|move|p1a: Magcargo|Stealth Rock|p2a: Huntail","|-sidestart|p2: Knight♕Zygarde|move: Stealth Rock","|","|turn|6","|","|move|p2a: Huntail|Ice Beam|p1a: Magcargo","|-resisted|p1a: Magcargo","|-damage|p1a: Magcargo|94/219","|move|p1a: Magcargo|Ancient Power|p2a: Huntail","|-damage|p2a: Huntail|113/227","|","|turn|7","|","|move|p2a: Huntail|Waterfall|p1a: Magcargo","|-supereffective|p1a: Magcargo","|-damage|p1a: Magcargo|0 fnt","|faint|p1a: Magcargo","|","|","|switch|p1a: Klefki|Klefki, L75, F|209/209","|turn|8","|","|move|p1a: Klefki|Reflect|p1a: Klefki","|-sidestart|p1: Ynfynyt Scroll|Reflect","|move|p2a: Huntail|Waterfall|p1a: Klefki","|-damage|p1a: Klefki|119/209","|","|turn|9","|","|move|p2a: Huntail|Shell Smash|p2a: Huntail","|-unboost|p2a: Huntail|def|1","|-unboost|p2a: Huntail|spd|1","|-boost|p2a: Huntail|atk|2","|-boost|p2a: Huntail|spa|2","|-boost|p2a: Huntail|spe|2","|move|p1a: Klefki|Play Rough|p2a: Huntail","|-damage|p2a: Huntail|28/227","|","|turn|10","|","|move|p2a: Huntail|Waterfall|p1a: Klefki","|-damage|p1a: Klefki|0 fnt","|faint|p1a: Klefki","|","|","|switch|p1a: Stoutland|Stoutland, L83, F|277/277","|-ability|p1a: Stoutland|Intimidate","|-unboost|p2a: Huntail|atk|1","|turn|11","|","|move|p2a: Huntail|Ice Beam|p1a: Stoutland","|-damage|p1a: Stoutland|82/277","|move|p1a: Stoutland|Return|p2a: Huntail","|-damage|p2a: Huntail|0 fnt","|faint|p2a: Huntail","|","|","|switch|p2a: Hariyama|Hariyama, L81, M|366/366","|-damage|p2a: Hariyama|344/366|[from] Stealth Rock","|turn|12","|","|move|p2a: Hariyama|Bullet Punch|p1a: Stoutland","|-damage|p1a: Stoutland|59/277","|move|p1a: Stoutland|Return|p2a: Hariyama","|-damage|p2a: Hariyama|115/366","|","|turn|13","|","|switch|p2a: Latios|Latios, L75, M|244/244","|-damage|p2a: Latios|214/244|[from] Stealth Rock","|move|p1a: Stoutland|Return|p2a: Latios","|-damage|p2a: Latios|0 fnt","|faint|p2a: Latios","|","|","|switch|p2a: Sawsbuck|Sawsbuck, L83, F|268/268","|-damage|p2a: Sawsbuck|235/268|[from] Stealth Rock","|turn|14","|","|move|p2a: Sawsbuck|Horn Leech|p1a: Stoutland","|-damage|p1a: Stoutland|6/277","|-heal|p2a: Sawsbuck|262/268|[from] drain|[of] p1a: Stoutland","|-damage|p2a: Sawsbuck|236/268|[from] item: Life Orb","|move|p1a: Stoutland|Return|p2a: Sawsbuck","|-damage|p2a: Sawsbuck|23/268","|","|turn|15","|","|move|p2a: Sawsbuck|Jump Kick|p1a: Stoutland","|-supereffective|p1a: Stoutland","|-damage|p1a: Stoutland|0 fnt","|-damage|p2a: Sawsbuck|0 fnt|[from] item: Life Orb","|faint|p1a: Stoutland","|faint|p2a: Sawsbuck","|","|-sideend|p1: Ynfynyt Scroll|Reflect","|","|switch|p1a: Luvdisc|Luvdisc, L83, M|207/207","|switch|p2a: Glaceon|Glaceon, L83, M|158/243","|-damage|p2a: Glaceon|98/243|[from] Stealth Rock","|turn|16","|","|move|p1a: Luvdisc|Scald|p2a: Glaceon","|-damage|p2a: Glaceon|55/243","|move|p2a: Glaceon|Toxic|p1a: Luvdisc|[miss]","|-miss|p2a: Glaceon|p1a: Luvdisc","|","|-heal|p2a: Glaceon|70/243|[from] item: Leftovers","|turn|17","|","|move|p1a: Luvdisc|Scald|p2a: Glaceon","|-damage|p2a: Glaceon|28/243","|move|p2a: Glaceon|Wish|p2a: Glaceon","|","|-heal|p2a: Glaceon|43/243|[from] item: Leftovers","|turn|18","|","|move|p1a: Luvdisc|Scald|p2a: Glaceon","|-damage|p2a: Glaceon|0 fnt","|faint|p2a: Glaceon","|","|","|switch|p2a: Hariyama|Hariyama, L81, M|115/366","|-damage|p2a: Hariyama|93/366|[from] Stealth Rock","|turn|19","|","|move|p1a: Luvdisc|Scald|p2a: Hariyama","|-damage|p2a: Hariyama|35/366","|move|p2a: Hariyama|Close Combat|p1a: Luvdisc","|-damage|p1a: Luvdisc|0 fnt","|-unboost|p2a: Hariyama|def|1","|-unboost|p2a: Hariyama|spd|1","|faint|p1a: Luvdisc","|","|","|switch|p1a: Altaria|Altaria-Mega, L75, M|119/236","|turn|20","|","|move|p1a: Altaria|Hyper Voice|p2a: Hariyama","|-crit|p2a: Hariyama","|-supereffective|p2a: Hariyama","|-damage|p2a: Hariyama|0 fnt","|faint|p2a: Hariyama","|","|","|switch|p2a: Lugia|Lugia, L73|275/275","|-damage|p2a: Lugia|207/275|[from] Stealth Rock","|turn|21","|","|move|p2a: Lugia|Roost|p2a: Lugia","|-heal|p2a: Lugia|275/275","|move|p1a: Altaria|Roost|p1a: Altaria","|-heal|p1a: Altaria|236/236","|","|turn|22","|","|switch|p1a: Goodra|Goodra, L77, F|265/265","|move|p2a: Lugia|Thunder Wave|p1a: Goodra","|-status|p1a: Goodra|par","|","|turn|23","|","|move|p2a: Lugia|Aeroblast|p1a: Goodra","|-damage|p1a: Goodra|225/265 par","|move|p1a: Goodra|Sludge Bomb|p2a: Lugia","|-damage|p2a: Lugia|254/275","|","|-heal|p2a: Lugia|271/275|[from] item: Leftovers","|turn|24","|","|move|p2a: Lugia|Aeroblast|p1a: Goodra","|-crit|p1a: Goodra","|-damage|p1a: Goodra|168/265 par","|move|p1a: Goodra|Sludge Bomb|p2a: Lugia","|-damage|p2a: Lugia|224/275","|","|-heal|p2a: Lugia|241/275|[from] item: Leftovers","|turn|25","|","|win|Ynfynyt Scroll"],"p1rating":{"entryid":"7631274","serverid":"eos","formatid":"randombattle","userid":"ynfynytscroll","username":"Ynfynyt Scroll","w":18,"l":"4","t":"0","gxe":70.7,"r":"1658.1809828013","rd":"79.294490585238","sigma":"0","rptime":"1439629200","rpr":1668.6779236186,"rprd":69.165044811722,"rpsigma":"0","acre":1235.2235465804,"lacre":1235.2235465804,"oldacre":"1223.4686096025"},"p2rating":{"entryid":"7437740","serverid":"eos","formatid":"randombattle","userid":"knightzygarde","username":"Knight♕Zygarde","w":"1","l":3,"t":"0","gxe":45.4,"r":1481.9124269386,"rd":113.26947530487,"sigma":"0","rptime":1439629200,"rpr":1463.8541907398,"rprd":109.03452877178,"rpsigma":"0","acre":1012.517931845,"lacre":1012.517931845,"oldacre":"1018.5265792663"},"endType":"forfeit"}