{"seed":[29942,44338,40590,42520],"turns":27,"p1":"Mr Game & Wåtch","p2":"mazzza","p1team":[{"name":"Arcanine","moves":["willowisp","morningsun","wildcharge","flareblitz"],"ability":"Intimidate","evs":{"hp":85,"atk":85,"def":85,"spa":85,"spd":85,"spe":85},"ivs":{"hp":31,"atk":31,"def":31,"spa":31,"spd":31,"spe":31},"item":"Leftovers","level":77,"shiny":false},{"name":"Dragonite","moves":["earthquake","dragondance","roost","outrage"],"ability":"Multiscale","evs":{"hp":81,"atk":89,"def":85,"spa":85,"spd":85,"spe":85},"ivs":{"hp":31,"atk":31,"def":31,"spa":31,"spd":31,"spe":31},"item":"Lum Berry","level":75,"shiny":false},{"name":"Lunatone","moves":["psychic","ancientpower","toxic","earthpower"],"ability":"Levitate","evs":{"hp":85,"atk":85,"def":85,"spa":85,"spd":85,"spe":85},"ivs":{"hp":31,"atk":31,"def":31,"spa":31,"spd":31,"spe":31},"item":"Life Orb","level":83,"shiny":false},{"name":"Victreebel","moves":["suckerpunch","sleeppowder","sludgebomb","knockoff"],"ability":"Chlorophyll","evs":{"hp":85,"atk":85,"def":85,"spa":85,"spd":85,"spe":85},"ivs":{"hp":31,"atk":31,"def":31,"spa":31,"spd":31,"spe":31},"item":"Life Orb","level":82,"shiny":false},{"name":"Slurpuff","moves":["calmmind","surf","drainingkiss","flamethrower"],"ability":"Unburden","evs":{"hp":85,"atk":85,"def":85,"spa":85,"spd":85,"spe":85},"ivs":{"hp":31,"atk":31,"def":31,"spa":31,"spd":31,"spe":31},"item":"Sitrus Berry","level":77,"shiny":false},{"name":"Druddigon","moves":["glare","dragonclaw","stealthrock","earthquake"],"ability":"Mold Breaker","evs":{"hp":85,"atk":85,"def":85,"spa":85,"spd":85,"spe":85},"ivs":{"hp":31,"atk":31,"def":31,"spa":31,"spd":31,"spe":31},"item":"Leftovers","level":79,"shiny":false}],"p2team":[{"name":"Drapion","moves":["whirlwind","earthquake","taunt","poisonjab"],"ability":"Sniper","evs":{"hp":85,"atk":85,"def":85,"spa":85,"spd":85,"spe":85},"ivs":{"hp":31,"atk":31,"def":31,"spa":31,"spd":31,"spe":31},"item":"Focus Sash","level":79,"shiny":false},{"name":"Pachirisu","moves":["toxic","superfang","nuzzle","thunderbolt"],"ability":"Volt Absorb","evs":{"hp":85,"atk":85,"def":85,"spa":85,"spd":85,"spe":85},"ivs":{"hp":31,"atk":31,"def":31,"spa":31,"spd":31,"spe":31},"item":"Air Balloon","level":83,"shiny":false},{"name":"Darmanitan","moves":["rockslide","superpower","flareblitz","uturn"],"ability":"Sheer Force","evs":{"hp":81,"atk":89,"def":85,"spa":85,"spd":85,"spe":85},"ivs":{"hp":31,"atk":31,"def":31,"spa":31,"spd":31,"spe":31},"item":"Life Orb","level":77,"shiny":false},{"name":"Carnivine","moves":["powerwhip","sleeppowder","swordsdance","return"],"ability":"Levitate","evs":{"hp":85,"atk":85,"def":85,"spa":85,"spd":85,"spe":85},"ivs":{"hp":31,"atk":31,"def":31,"spa":31,"spd":31,"spe":31},"item":"Leftovers","level":83,"shiny":false},{"name":"Crobat","moves":["bravebird","uturn","superfang","roost"],"ability":"Infiltrator","evs":{"hp":85,"atk":85,"def":85,"spa":85,"spd":85,"spe":85},"ivs":{"hp":31,"atk":31,"def":31,"spa":31,"spd":31,"spe":31},"item":"Black Sludge","level":77,"shiny":false},{"name":"Leavanny","moves":["knockoff","stickyweb","leafblade","swordsdance"],"ability":"Overcoat","evs":{"hp":81,"atk":89,"def":85,"spa":85,"spd":85,"spe":85},"ivs":{"hp":31,"atk":31,"def":31,"spa":31,"spd":31,"spe":31},"item":"Leftovers","level":83,"shiny":false}],"log":["|player|p1|Mr Game & Wåtch|mrgamewtch.gif","|player|p2|mazzza|170","|gametype|singles","|gen|6","|tier|Random Battle","|rated","|rule|Sleep Clause Mod: Limit one foe put to sleep","|rule|HP Percentage Mod: HP is shown in percentages","|","|start","|switch|p1a: Arcanine|Arcanine, L77, F|265/265","|switch|p2a: Drapion|Drapion, L79, M|240/240","|-ability|p1a: Arcanine|Intimidate","|-unboost|p2a: Drapion|atk|1","|turn|1","|","|switch|p2a: Darmanitan|Darmanitan, L77, M|287/287","|move|p1a: Arcanine|Will-O-Wisp|p2a: Darmanitan","|-immune|p2a: Darmanitan|[msg]","|","|turn|2","|","|switch|p1a: Lunatone|Lunatone, L83|252/252","|move|p2a: Darmanitan|U-turn|p1a: Lunatone","|-supereffective|p1a: Lunatone","|-damage|p1a: Lunatone|73/252","|-damage|p2a: Darmanitan|259/287|[from] item: Life Orb","|","|switch|p2a: Leavanny|Leavanny, L83, M|259/259","|","|turn|3","|","|move|p2a: Leavanny|Sticky Web|p1a: Lunatone","|-sidestart|p1: Mr Game & Wåtch|move: Sticky Web","|move|p1a: Lunatone|Ancient Power|p2a: Leavanny","|-supereffective|p2a: Leavanny","|-damage|p2a: Leavanny|95/259","|-damage|p1a: Lunatone|48/252|[from] item: Life Orb","|","|-heal|p2a: Leavanny|111/259|[from] item: Leftovers","|turn|4","|","|move|p2a: Leavanny|Knock Off|p1a: Lunatone","|-supereffective|p1a: Lunatone","|-damage|p1a: Lunatone|0 fnt","|-enditem|p1a: Lunatone|Life Orb|[from] move: Knock Off|[of] p2a: Leavanny","|faint|p1a: Lunatone","|","|-heal|p2a: Leavanny|127/259|[from] item: Leftovers","|","|switch|p1a: Dragonite|Dragonite, L75, F|259/259","|turn|5","|","|move|p2a: Leavanny|Knock Off|p1a: Dragonite","|-damage|p1a: Dragonite|225/259","|-enditem|p1a: Dragonite|Lum Berry|[from] move: Knock Off|[of] p2a: Leavanny","|move|p1a: Dragonite|Dragon Dance|p1a: Dragonite","|-boost|p1a: Dragonite|atk|1","|-boost|p1a: Dragonite|spe|1","|","|-heal|p2a: Leavanny|143/259|[from] item: Leftovers","|turn|6","|","|switch|p2a: Drapion|Drapion, L79, M|240/240","|move|p1a: Dragonite|Dragon Dance|p1a: Dragonite","|-boost|p1a: Dragonite|atk|1","|-boost|p1a: Dragonite|spe|1","|","|turn|7","|","|move|p1a: Dragonite|Earthquake|p2a: Drapion","|-supereffective|p2a: Drapion","|-enditem|p2a: Drapion|Focus Sash","|-damage|p2a: Drapion|1/240","|move|p2a: Drapion|Whirlwind|p1a: Dragonite","|drag|p1a: Arcanine|Arcanine, L77, F|265/265","|-activate|p1a: Arcanine|move: Sticky Web","|-unboost|p1a: Arcanine|spe|1","|-ability|p1a: Arcanine|Intimidate","|-unboost|p2a: Drapion|atk|1","|","|turn|8","|","|move|p2a: Drapion|Earthquake|p1a: Arcanine","|-supereffective|p1a: Arcanine","|-damage|p1a: Arcanine|167/265","|move|p1a: Arcanine|Flare Blitz|p2a: Drapion","|-damage|p2a: Drapion|0 fnt","|-damage|p1a: Arcanine|166/265|[from] recoil|[of] p2a: Drapion","|faint|p2a: Drapion","|","|-heal|p1a: Arcanine|182/265|[from] item: Leftovers","|","|switch|p2a: Darmanitan|Darmanitan, L77, M|259/287","|turn|9","|","|move|p2a: Darmanitan|Rock Slide|p1a: Arcanine","|-crit|p1a: Arcanine","|-supereffective|p1a: Arcanine","|-damage|p1a: Arcanine|0 fnt","|faint|p1a: Arcanine","|","|","|switch|p1a: Slurpuff|Slurpuff, L77, F|253/253","|-activate|p1a: Slurpuff|move: Sticky Web","|-unboost|p1a: Slurpuff|spe|1","|turn|10","|","|move|p2a: Darmanitan|U-turn|p1a: Slurpuff","|-resisted|p1a: Slurpuff","|-damage|p1a: Slurpuff|211/253","|-damage|p2a: Darmanitan|231/287|[from] item: Life Orb","|","|switch|p2a: Leavanny|Leavanny, L83, M|143/259","|move|p1a: Slurpuff|Calm Mind|p1a: Slurpuff","|-boost|p1a: Slurpuff|spa|1","|-boost|p1a: Slurpuff|spd|1","|","|-heal|p2a: Leavanny|159/259|[from] item: Leftovers","|turn|11","|","|move|p2a: Leavanny|Swords Dance|p2a: Leavanny","|-boost|p2a: Leavanny|atk|2","|move|p1a: Slurpuff|Flamethrower|p2a: Leavanny","|-supereffective|p2a: Leavanny","|-damage|p2a: Leavanny|0 fnt","|faint|p2a: Leavanny","|","|","|switch|p2a: Crobat|Crobat, L77, F|257/257","|turn|12","|","|move|p2a: Crobat|Super Fang|p1a: Slurpuff","|-damage|p1a: Slurpuff|106/253","|-enditem|p1a: Slurpuff|Sitrus Berry|[eat]","|-heal|p1a: Slurpuff|169/253|[from] item: Sitrus Berry","|move|p1a: Slurpuff|Calm Mind|p1a: Slurpuff","|-boost|p1a: Slurpuff|spa|1","|-boost|p1a: Slurpuff|spd|1","|","|turn|13","|","|move|p2a: Crobat|Super Fang|p1a: Slurpuff","|-damage|p1a: Slurpuff|85/253","|move|p1a: Slurpuff|Flamethrower|p2a: Crobat","|-damage|p2a: Crobat|135/257","|","|-heal|p2a: Crobat|151/257|[from] item: Black Sludge","|turn|14","|","|move|p2a: Crobat|Brave Bird|p1a: Slurpuff","|-damage|p1a: Slurpuff|0 fnt","|-damage|p2a: Crobat|123/257|[from] recoil|[of] p1a: Slurpuff","|faint|p1a: Slurpuff","|","|-heal|p2a: Crobat|139/257|[from] item: Black Sludge","|","|switch|p1a: Druddigon|Druddigon, L79, F|251/251","|-activate|p1a: Druddigon|move: Sticky Web","|-unboost|p1a: Druddigon|spe|1","|-ability|p1a: Druddigon|Mold Breaker","|turn|15","|","|move|p2a: Crobat|Super Fang|p1a: Druddigon","|-damage|p1a: Druddigon|126/251","|move|p1a: Druddigon|Glare|p2a: Crobat","|-status|p2a: Crobat|par","|","|-heal|p1a: Druddigon|141/251|[from] item: Leftovers","|-heal|p2a: Crobat|155/257 par|[from] item: Black Sludge","|turn|16","|","|move|p1a: Druddigon|Stealth Rock|p2a: Crobat","|-sidestart|p2: mazzza|move: Stealth Rock","|cant|p2a: Crobat|par","|","|-heal|p1a: Druddigon|156/251|[from] item: Leftovers","|-heal|p2a: Crobat|171/257 par|[from] item: Black Sludge","|turn|17","|","|move|p1a: Druddigon|Dragon Claw|p2a: Crobat","|-damage|p2a: Crobat|71/257 par","|move|p2a: Crobat|Brave Bird|p1a: Druddigon","|-damage|p1a: Druddigon|54/251","|-damage|p2a: Crobat|37/257 par|[from] recoil|[of] p1a: Druddigon","|","|-heal|p1a: Druddigon|69/251|[from] item: Leftovers","|-heal|p2a: Crobat|53/257 par|[from] item: Black Sludge","|turn|18","|","|move|p1a: Druddigon|Dragon Claw|p2a: Crobat","|-damage|p2a: Crobat|0 fnt","|faint|p2a: Crobat","|","|-heal|p1a: Druddigon|84/251|[from] item: Leftovers","|","|switch|p2a: Carnivine|Carnivine, L83, F|259/259","|-damage|p2a: Carnivine|227/259|[from] Stealth Rock","|turn|19","|","|move|p2a: Carnivine|Sleep Powder|p1a: Druddigon","|-status|p1a: Druddigon|slp","|cant|p1a: Druddigon|slp","|","|-heal|p2a: Carnivine|243/259|[from] item: Leftovers","|-heal|p1a: Druddigon|99/251 slp|[from] item: Leftovers","|turn|20","|","|move|p2a: Carnivine|Swords Dance|p2a: Carnivine","|-boost|p2a: Carnivine|atk|2","|cant|p1a: Druddigon|slp","|","|-heal|p2a: Carnivine|259/259|[from] item: Leftovers","|-heal|p1a: Druddigon|114/251 slp|[from] item: Leftovers","|turn|21","|","|move|p2a: Carnivine|Return|p1a: Druddigon","|-damage|p1a: Druddigon|0 fnt","|faint|p1a: Druddigon","|","|","|switch|p1a: Dragonite|Dragonite, L75, F|225/259","|turn|22","|","|move|p1a: Dragonite|Dragon Dance|p1a: Dragonite","|-boost|p1a: Dragonite|atk|1","|-boost|p1a: Dragonite|spe|1","|move|p2a: Carnivine|Sleep Powder|p1a: Dragonite","|-status|p1a: Dragonite|slp","|","|turn|23","|","|cant|p1a: Dragonite|slp","|move|p2a: Carnivine|Return|p1a: Dragonite","|-damage|p1a: Dragonite|79/259 slp","|","|turn|24","|","|cant|p1a: Dragonite|slp","|move|p2a: Carnivine|Return|p1a: Dragonite","|-damage|p1a: Dragonite|0 fnt","|faint|p1a: Dragonite","|","|","|switch|p1a: Victreebel|Victreebel, L82, F|265/265","|-activate|p1a: Victreebel|move: Sticky Web","|-unboost|p1a: Victreebel|spe|1","|turn|25","|","|move|p2a: Carnivine|Return|p1a: Victreebel","|-damage|p1a: Victreebel|83/265","|move|p1a: Victreebel|Sludge Bomb|p2a: Carnivine","|-supereffective|p2a: Carnivine","|-damage|p2a: Carnivine|0 fnt","|-damage|p1a: Victreebel|57/265|[from] item: Life Orb","|faint|p2a: Carnivine","|","|","|switch|p2a: Darmanitan|Darmanitan, L77, M|231/287","|-damage|p2a: Darmanitan|160/287|[from] Stealth Rock","|turn|26","|","|move|p1a: Victreebel|Sucker Punch|p2a: Darmanitan","|-crit|p2a: Darmanitan","|-damage|p2a: Darmanitan|0 fnt","|-damage|p1a: Victreebel|31/265|[from] item: Life Orb","|faint|p2a: Darmanitan","|","|","|switch|p2a: Pachirisu|Pachirisu, L83, M|235/235","|-damage|p2a: Pachirisu|206/235|[from] Stealth Rock","|-item|p2a: Pachirisu|Air Balloon","|turn|27","|","|move|p2a: Pachirisu|Thunderbolt|p1a: Victreebel","|-resisted|p1a: Victreebel","|-damage|p1a: Victreebel|0 fnt","|faint|p1a: Victreebel","|","|win|mazzza"],"p1rating":{"entryid":"7171621","serverid":"eos","formatid":"randombattle","userid":"mrgamewtch","username":"Mr Game & Wâtch","w":"2","l":1,"t":"0","gxe":55.8,"r":"1589.6254963762","rd":"120.98769790317","sigma":"0","rptime":"1439715600","rpr":1545.8508750284,"rprd":115.4649462238,"rpsigma":"0","acre":1061.7924915606,"lacre":1061.7924915606,"oldacre":"1086.6206853328"},"p2rating":{"entryid":"7679477","serverid":"eos","formatid":"randombattle","userid":"mazzza","username":"mazzza","w":3,"l":"1","t":"0","gxe":57,"r":"1500","rd":"130","sigma":"0","rptime":"1439715600","rpr":1555.7408060104,"rprd":106.98537667105,"rpsigma":"0","acre":1092.4957918349,"lacre":1092.4957918349,"oldacre":"1058.8325770865"},"endType":"normal"}