{"seed":[12950,54592,39770,3727],"turns":16,"p1":"SL Pastor Jeff","p2":"Outcast Brett","p1team":[{"name":"Diggersby","moves":["wildcharge","swordsdance","earthquake","agility"],"ability":"Huge Power","evs":{"hp":85,"atk":85,"def":85,"spa":85,"spd":85,"spe":85},"ivs":{"hp":31,"atk":31,"def":31,"spa":31,"spd":31,"spe":31},"item":"Leftovers","level":76,"shiny":false},{"name":"Thundurus-Therian","moves":["thunderbolt","hiddenpowerflying","nastyplot","focusblast"],"ability":"Volt Absorb","evs":{"hp":81,"atk":85,"def":85,"spa":89,"spd":85,"spe":85},"ivs":{"hp":30,"atk":30,"def":30,"spa":30,"spd":30,"spe":31},"item":"Life Orb","level":76,"shiny":false},{"name":"Seaking","moves":["megahorn","waterfall","knockoff","drillrun"],"ability":"Lightning Rod","evs":{"hp":85,"atk":85,"def":85,"spa":85,"spd":85,"spe":85},"ivs":{"hp":31,"atk":31,"def":31,"spa":31,"spd":31,"spe":31},"item":"Choice Band","level":83,"shiny":false},{"name":"Sudowoodo","moves":["stoneedge","earthquake","woodhammer","stealthrock"],"ability":"Rock Head","evs":{"hp":85,"atk":85,"def":85,"spa":85,"spd":85,"spe":85},"ivs":{"hp":31,"atk":31,"def":31,"spa":31,"spd":31,"spe":31},"item":"Life Orb","level":83,"shiny":false},{"name":"Empoleon","moves":["icebeam","roar","scald","flashcannon"],"ability":"Torrent","evs":{"hp":85,"atk":85,"def":85,"spa":85,"spd":85,"spe":85},"ivs":{"hp":31,"atk":31,"def":31,"spa":31,"spd":31,"spe":31},"item":"Life Orb","level":77,"shiny":false},{"name":"Exeggutor","moves":["psychic","sleeppowder","hiddenpowerfire","gigadrain"],"ability":"Harvest","evs":{"hp":85,"atk":85,"def":85,"spa":85,"spd":85,"spe":85},"ivs":{"hp":31,"atk":30,"def":31,"spa":30,"spd":31,"spe":30},"item":"Sitrus Berry","level":81,"shiny":false}],"p2team":[{"name":"Swellow","moves":["uturn","quickattack","endeavor","facade"],"ability":"Guts","evs":{"hp":85,"atk":85,"def":85,"spa":85,"spd":85,"spe":85},"ivs":{"hp":31,"atk":31,"def":31,"spa":31,"spd":31,"spe":31},"item":"Toxic Orb","level":81,"shiny":false},{"name":"Dialga","moves":["toxic","flashcannon","fireblast","dracometeor"],"ability":"Pressure","evs":{"hp":85,"atk":85,"def":85,"spa":85,"spd":85,"spe":85},"ivs":{"hp":31,"atk":31,"def":31,"spa":31,"spd":31,"spe":31},"item":"Leftovers","level":73,"shiny":false},{"name":"Lunatone","moves":["psychic","toxic","icebeam","rockpolish"],"ability":"Levitate","evs":{"hp":85,"atk":85,"def":85,"spa":85,"spd":85,"spe":85},"ivs":{"hp":31,"atk":31,"def":31,"spa":31,"spd":31,"spe":31},"item":"Leftovers","level":83,"shiny":false},{"name":"Throh","moves":["knockoff","icepunch","bulkup","stormthrow"],"ability":"Mold Breaker","evs":{"hp":85,"atk":85,"def":85,"spa":85,"spd":85,"spe":85},"ivs":{"hp":31,"atk":31,"def":31,"spa":31,"spd":31,"spe":31},"item":"Leftovers","level":82,"shiny":false},{"name":"Stantler","moves":["earthquake","suckerpunch","doubleedge","megahorn"],"ability":"Intimidate","evs":{"hp":85,"atk":85,"def":85,"spa":85,"spd":85,"spe":85},"ivs":{"hp":31,"atk":31,"def":31,"spa":31,"spd":31,"spe":31},"item":"Life Orb","level":83,"shiny":false},{"name":"Crawdaunt","moves":["swordsdance","crabhammer","superpower","knockoff"],"ability":"Adaptability","evs":{"hp":85,"atk":85,"def":85,"spa":85,"spd":85,"spe":85},"ivs":{"hp":31,"atk":31,"def":31,"spa":31,"spd":31,"spe":31},"item":"Life Orb","level":76,"shiny":false}],"log":["|player|p1|SL Pastor Jeff|165","|player|p2|Outcast Brett|262","|gametype|singles","|gen|6","|tier|Random Battle","|rated","|rule|Sleep Clause Mod: Limit one foe put to sleep","|rule|HP Percentage Mod: HP is shown in percentages","|","|start","|switch|p1a: Diggersby|Diggersby, L76, M|254/254","|switch|p2a: Swellow|Swellow, L81, F|230/230","|turn|1","|","|switch|p2a: Throh|Throh, L82, M|331/331","|-ability|p2a: Throh|Mold Breaker","|move|p1a: Diggersby|Wild Charge|p2a: Throh","|-damage|p2a: Throh|258/331","|-damage|p1a: Diggersby|236/254|[from] recoil|[of] p2a: Throh","|","|-heal|p1a: Diggersby|251/254|[from] item: Leftovers","|-heal|p2a: Throh|278/331|[from] item: Leftovers","|turn|2","|","|move|p1a: Diggersby|Earthquake|p2a: Throh","|-damage|p2a: Throh|145/331","|move|p2a: Throh|Bulk Up|p2a: Throh","|-boost|p2a: Throh|atk|1","|-boost|p2a: Throh|def|1","|","|-heal|p1a: Diggersby|254/254|[from] item: Leftovers","|-heal|p2a: Throh|165/331|[from] item: Leftovers","|turn|3","|","|move|p1a: Diggersby|Swords Dance|p1a: Diggersby","|-boost|p1a: Diggersby|atk|2","|move|p2a: Throh|Storm Throw|p1a: Diggersby","|-crit|p1a: Diggersby","|-supereffective|p1a: Diggersby","|-damage|p1a: Diggersby|0 fnt","|faint|p1a: Diggersby","|","|-heal|p2a: Throh|185/331|[from] item: Leftovers","|","|switch|p1a: Thundurus-Therian|Thundurus-Therian, L76, M|244/244","|turn|4","|","|move|p1a: Thundurus-Therian|Hidden Power|p2a: Throh","|-supereffective|p2a: Throh","|-damage|p2a: Throh|0 fnt","|-damage|p1a: Thundurus-Therian|220/244|[from] item: Life Orb","|faint|p2a: Throh","|","|","|switch|p2a: Lunatone|Lunatone, L83|252/252","|turn|5","|","|move|p1a: Thundurus-Therian|Thunderbolt|p2a: Lunatone","|-damage|p2a: Lunatone|108/252","|-damage|p1a: Thundurus-Therian|196/244|[from] item: Life Orb","|move|p2a: Lunatone|Rock Polish|p2a: Lunatone","|-boost|p2a: Lunatone|spe|2","|","|-heal|p2a: Lunatone|123/252|[from] item: Leftovers","|turn|6","|","|move|p2a: Lunatone|Ice Beam|p1a: Thundurus-Therian","|-supereffective|p1a: Thundurus-Therian","|-damage|p1a: Thundurus-Therian|50/244","|move|p1a: Thundurus-Therian|Thunderbolt|p2a: Lunatone","|-damage|p2a: Lunatone|0 fnt","|-damage|p1a: Thundurus-Therian|26/244|[from] item: Life Orb","|faint|p2a: Lunatone","|","|","|switch|p2a: Swellow|Swellow, L81, F|230/230","|turn|7","|","|move|p2a: Swellow|Quick Attack|p1a: Thundurus-Therian","|-damage|p1a: Thundurus-Therian|0 fnt","|faint|p1a: Thundurus-Therian","|","|-status|p2a: Swellow|tox|[from] item: Toxic Orb","|","|switch|p1a: Empoleon|Empoleon, L77, F|256/256","|turn|8","|","|move|p2a: Swellow|Facade|p1a: Empoleon","|-resisted|p1a: Empoleon","|-damage|p1a: Empoleon|162/256","|move|p1a: Empoleon|Ice Beam|p2a: Swellow","|-supereffective|p2a: Swellow","|-damage|p2a: Swellow|6/230 tox","|-damage|p1a: Empoleon|137/256|[from] item: Life Orb","|","|-damage|p2a: Swellow|0 fnt|[from] psn","|faint|p2a: Swellow","|","|switch|p2a: Stantler|Stantler, L83, F|257/257","|-ability|p2a: Stantler|Intimidate","|-unboost|p1a: Empoleon|atk|1","|turn|9","|","|move|p2a: Stantler|Earthquake|p1a: Empoleon","|-supereffective|p1a: Empoleon","|-damage|p1a: Empoleon|0 fnt","|-damage|p2a: Stantler|232/257|[from] item: Life Orb","|faint|p1a: Empoleon","|","|","|switch|p1a: Sudowoodo|Sudowoodo, L83, F|252/252","|turn|10","|","|switch|p2a: Crawdaunt|Crawdaunt, L76, M|221/221","|move|p1a: Sudowoodo|Wood Hammer|p2a: Crawdaunt","|-supereffective|p2a: Crawdaunt","|-damage|p2a: Crawdaunt|0 fnt","|-damage|p1a: Sudowoodo|227/252|[from] item: Life Orb","|faint|p2a: Crawdaunt","|","|","|switch|p2a: Dialga|Dialga, L73|266/266","|-ability|p2a: Dialga|Pressure","|turn|11","|","|move|p2a: Dialga|Flash Cannon|p1a: Sudowoodo","|-supereffective|p1a: Sudowoodo","|-damage|p1a: Sudowoodo|9/252","|move|p1a: Sudowoodo|Wood Hammer|p2a: Dialga","|-crit|p2a: Dialga","|-resisted|p2a: Dialga","|-damage|p2a: Dialga|228/266","|-damage|p1a: Sudowoodo|0 fnt|[from] item: Life Orb","|faint|p1a: Sudowoodo","|","|-heal|p2a: Dialga|244/266|[from] item: Leftovers","|","|switch|p1a: Exeggutor|Exeggutor, L81, M|287/287","|turn|12","|","|move|p2a: Dialga|Fire Blast|p1a: Exeggutor","|-supereffective|p1a: Exeggutor","|-damage|p1a: Exeggutor|85/287","|-enditem|p1a: Exeggutor|Sitrus Berry|[eat]","|-heal|p1a: Exeggutor|156/287|[from] item: Sitrus Berry","|move|p1a: Exeggutor|Sleep Powder|p2a: Dialga|[miss]","|-miss|p1a: Exeggutor|p2a: Dialga","|","|-heal|p2a: Dialga|260/266|[from] item: Leftovers","|turn|13","|","|move|p2a: Dialga|Fire Blast|p1a: Exeggutor","|-crit|p1a: Exeggutor","|-supereffective|p1a: Exeggutor","|-damage|p1a: Exeggutor|0 fnt","|faint|p1a: Exeggutor","|","|-heal|p2a: Dialga|266/266|[from] item: Leftovers","|","|switch|p1a: Seaking|Seaking, L83, M|268/268","|turn|14","|","|move|p2a: Dialga|Toxic|p1a: Seaking","|-status|p1a: Seaking|tox","|move|p1a: Seaking|Knock Off|p2a: Dialga","|-damage|p2a: Dialga|184/266","|-enditem|p2a: Dialga|Leftovers|[from] move: Knock Off|[of] p1a: Seaking","|","|-damage|p1a: Seaking|252/268 tox|[from] psn","|turn|15","|","|move|p2a: Dialga|Draco Meteor|p1a: Seaking","|-damage|p1a: Seaking|84/268 tox","|-unboost|p2a: Dialga|spa|2","|move|p1a: Seaking|Knock Off|p2a: Dialga","|-damage|p2a: Dialga|127/266","|","|-damage|p1a: Seaking|52/268 tox|[from] psn","|turn|16","|","|move|p2a: Dialga|Draco Meteor|p1a: Seaking","|-damage|p1a: Seaking|0 fnt","|-unboost|p2a: Dialga|spa|2","|faint|p1a: Seaking","|","|win|Outcast Brett"],"p1rating":{"entryid":"7682851","serverid":"eos","formatid":"randombattle","userid":"slpastorjeff","username":"SL Pastor Jeff","w":"1","l":1,"t":"0","gxe":50.1,"r":"1500","rd":"130","sigma":"0","rptime":"1439715600","rpr":1500.787294384,"rprd":116.46965559644,"rpsigma":"0","acre":1026.7061254406,"lacre":1026.7061254406,"oldacre":"1040"},"p2rating":{"entryid":"7649549","serverid":"eos","formatid":"randombattle","userid":"outcastbrett","username":"Outcast Brett","w":4,"l":"2","t":"0","gxe":55.4,"r":"1517.8179020535","rd":"102.95056845254","sigma":"0","rptime":"1439715600","rpr":1542.8109467468,"rprd":99.300695829944,"rpsigma":"0","acre":1120.1877252767,"lacre":1120.1877252767,"oldacre":"1099.3329063461"},"endType":"normal"}