{"seed":[14875,44241,33380,21523],"turns":24,"p1":"A Fine Kitty","p2":"Schuabinha01","p1team":[{"name":"Floatzel","moves":["bulkup","icepunch","aquajet","batonpass"],"ability":"Water Veil","evs":{"hp":85,"atk":85,"def":85,"spa":85,"spd":85,"spe":85},"ivs":{"hp":31,"atk":31,"def":31,"spa":31,"spd":31,"spe":31},"item":"Focus Sash","level":83,"shiny":false},{"name":"Palkia","moves":["thunderwave","dragontail","fireblast","spacialrend"],"ability":"Pressure","evs":{"hp":85,"atk":85,"def":85,"spa":85,"spd":85,"spe":85},"ivs":{"hp":31,"atk":31,"def":31,"spa":31,"spd":31,"spe":31},"item":"Leftovers","level":73,"shiny":false},{"name":"Emboar","moves":["superpower","wildcharge","flareblitz","grassknot"],"ability":"Reckless","evs":{"hp":85,"atk":85,"def":85,"spa":85,"spd":85,"spe":85},"ivs":{"hp":31,"atk":31,"def":31,"spa":31,"spd":31,"spe":31},"item":"Expert Belt","level":79,"shiny":false},{"name":"Mightyena","moves":["playrough","firefang","crunch","suckerpunch"],"ability":"Intimidate","evs":{"hp":85,"atk":85,"def":85,"spa":85,"spd":85,"spe":85},"ivs":{"hp":31,"atk":31,"def":31,"spa":31,"spd":31,"spe":31},"item":"Expert Belt","level":83,"shiny":false},{"name":"Lugia","moves":["aeroblast","thunderwave","roost","substitute"],"ability":"Multiscale","evs":{"hp":85,"atk":85,"def":85,"spa":85,"spd":85,"spe":85},"ivs":{"hp":31,"atk":31,"def":31,"spa":31,"spd":31,"spe":31},"item":"Leftovers","level":73,"shiny":false},{"name":"Primeape","moves":["closecombat","encore","icepunch","gunkshot"],"ability":"Defiant","evs":{"hp":85,"atk":85,"def":85,"spa":85,"spd":85,"spe":85},"ivs":{"hp":31,"atk":31,"def":31,"spa":31,"spd":31,"spe":31},"item":"Life Orb","level":81,"shiny":false}],"p2team":[{"name":"Pelipper","moves":["uturn","hurricane","toxic","roost"],"ability":"Keen Eye","evs":{"hp":85,"atk":85,"def":85,"spa":85,"spd":85,"spe":85},"ivs":{"hp":31,"atk":31,"def":31,"spa":31,"spd":31,"spe":31},"item":"Focus Sash","level":83,"shiny":false},{"name":"Bastiodon","moves":["metalburst","toxic","protect","rockblast"],"ability":"Sturdy","evs":{"hp":85,"atk":85,"def":85,"spa":85,"spd":85,"spe":85},"ivs":{"hp":31,"atk":31,"def":31,"spa":31,"spd":31,"spe":31},"item":"Air Balloon","level":83,"shiny":false},{"name":"Dragonite","moves":["roost","dragondance","extremespeed","outrage"],"ability":"Multiscale","evs":{"hp":81,"atk":89,"def":85,"spa":85,"spd":85,"spe":85},"ivs":{"hp":31,"atk":31,"def":31,"spa":31,"spd":31,"spe":31},"item":"Lum Berry","level":75,"shiny":false},{"name":"Xerneas","moves":["thunderbolt","moonblast","hiddenpowerfire","focusblast"],"ability":"Fairy Aura","evs":{"hp":85,"atk":85,"def":85,"spa":85,"spd":85,"spe":85},"ivs":{"hp":31,"atk":30,"def":31,"spa":30,"spd":31,"spe":30},"item":"Choice Scarf","level":73,"shiny":false},{"name":"Vaporeon","moves":["protect","wish","scald","roar"],"ability":"Water Absorb","evs":{"hp":85,"atk":85,"def":85,"spa":85,"spd":85,"spe":85},"ivs":{"hp":31,"atk":31,"def":31,"spa":31,"spd":31,"spe":31},"item":"Leftovers","level":77,"shiny":false},{"name":"Kyurem-Black","moves":["substitute","icebeam","fusionbolt","earthpower"],"ability":"Teravolt","evs":{"hp":85,"atk":85,"def":85,"spa":85,"spd":85,"spe":85},"ivs":{"hp":31,"atk":31,"def":31,"spa":31,"spd":31,"spe":31},"item":"Leftovers","level":75,"shiny":false}],"log":["|player|p1|A Fine Kitty|265","|player|p2|Schuabinha01|162","|gametype|singles","|gen|6","|tier|Random Battle","|rated","|rule|Sleep Clause Mod: Limit one foe put to sleep","|rule|HP Percentage Mod: HP is shown in percentages","|","|start","|switch|p1a: Floatzel|Floatzel, L83, M|277/277","|switch|p2a: Pelipper|Pelipper, L83, M|235/235","|turn|1","|","|move|p1a: Floatzel|Bulk Up|p1a: Floatzel","|-boost|p1a: Floatzel|atk|1","|-boost|p1a: Floatzel|def|1","|move|p2a: Pelipper|U-turn|p1a: Floatzel","|-damage|p1a: Floatzel|247/277","|","|switch|p2a: Dragonite|Dragonite, L75, M|259/259","|","|turn|2","|","|move|p1a: Floatzel|Bulk Up|p1a: Floatzel","|-boost|p1a: Floatzel|atk|1","|-boost|p1a: Floatzel|def|1","|move|p2a: Dragonite|Dragon Dance|p2a: Dragonite","|-boost|p2a: Dragonite|atk|1","|-boost|p2a: Dragonite|spe|1","|","|turn|3","|","|move|p2a: Dragonite|Outrage|p1a: Floatzel","|-damage|p1a: Floatzel|117/277","|move|p1a: Floatzel|Ice Punch|p2a: Dragonite","|-supereffective|p2a: Dragonite","|-damage|p2a: Dragonite|17/259","|","|turn|4","|","|move|p1a: Floatzel|Aqua Jet|p2a: Dragonite","|-crit|p2a: Dragonite","|-resisted|p2a: Dragonite","|-damage|p2a: Dragonite|0 fnt","|faint|p2a: Dragonite","|","|","|switch|p2a: Kyurem-Black|Kyurem-Black, L75|311/311","|-ability|p2a: Kyurem-Black|Teravolt","|turn|5","|","|move|p1a: Floatzel|Baton Pass|p1a: Floatzel","|","|switch|p1a: Primeape|Primeape, L81, F|238/238","|move|p2a: Kyurem-Black|Fusion Bolt|p1a: Primeape","|-damage|p1a: Primeape|171/238","|","|turn|6","|","|switch|p2a: Pelipper|Pelipper, L83, M|235/235","|move|p1a: Primeape|Close Combat|p2a: Pelipper","|-resisted|p2a: Pelipper","|-damage|p2a: Pelipper|99/235","|-unboost|p1a: Primeape|def|1","|-unboost|p1a: Primeape|spd|1","|-damage|p1a: Primeape|148/238|[from] item: Life Orb","|","|turn|7","|","|move|p1a: Primeape|Ice Punch|p2a: Pelipper","|-damage|p2a: Pelipper|0 fnt","|-damage|p1a: Primeape|125/238|[from] item: Life Orb","|faint|p2a: Pelipper","|","|","|switch|p2a: Xerneas|Xerneas, L73|304/304","|-ability|p2a: Xerneas|Fairy Aura","|turn|8","|","|move|p2a: Xerneas|Moonblast|p1a: Primeape","|-crit|p1a: Primeape","|-supereffective|p1a: Primeape","|-damage|p1a: Primeape|0 fnt","|faint|p1a: Primeape","|","|","|switch|p1a: Lugia|Lugia, L73|275/275","|turn|9","|","|move|p2a: Xerneas|Moonblast|p1a: Lugia","|-damage|p1a: Lugia|231/275","|move|p1a: Lugia|Thunder Wave|p2a: Xerneas","|-status|p2a: Xerneas|par","|","|-heal|p1a: Lugia|248/275|[from] item: Leftovers","|turn|10","|","|switch|p2a: Kyurem-Black|Kyurem-Black, L75|311/311","|-ability|p2a: Kyurem-Black|Teravolt","|move|p1a: Lugia|Aeroblast|p2a: Kyurem-Black","|-damage|p2a: Kyurem-Black|221/311","|","|-heal|p1a: Lugia|265/275|[from] item: Leftovers","|-heal|p2a: Kyurem-Black|240/311|[from] item: Leftovers","|turn|11","|","|move|p1a: Lugia|Thunder Wave|p2a: Kyurem-Black","|-status|p2a: Kyurem-Black|par","|move|p2a: Kyurem-Black|Fusion Bolt|p1a: Lugia","|-supereffective|p1a: Lugia","|-damage|p1a: Lugia|119/275","|","|-heal|p1a: Lugia|136/275|[from] item: Leftovers","|-heal|p2a: Kyurem-Black|259/311 par|[from] item: Leftovers","|turn|12","|","|switch|p1a: Mightyena|Mightyena, L83, M|252/252","|-ability|p1a: Mightyena|Intimidate","|-unboost|p2a: Kyurem-Black|atk|1","|cant|p2a: Kyurem-Black|par","|","|-heal|p2a: Kyurem-Black|278/311 par|[from] item: Leftovers","|turn|13","|","|move|p1a: Mightyena|Play Rough|p2a: Kyurem-Black","|-supereffective|p2a: Kyurem-Black","|-damage|p2a: Kyurem-Black|146/311 par","|move|p2a: Kyurem-Black|Fusion Bolt|p1a: Mightyena","|-crit|p1a: Mightyena","|-damage|p1a: Mightyena|95/252","|","|-heal|p2a: Kyurem-Black|165/311 par|[from] item: Leftovers","|turn|14","|","|move|p1a: Mightyena|Play Rough|p2a: Kyurem-Black","|-supereffective|p2a: Kyurem-Black","|-damage|p2a: Kyurem-Black|33/311 par","|move|p2a: Kyurem-Black|Fusion Bolt|p1a: Mightyena","|-damage|p1a: Mightyena|17/252","|","|-heal|p2a: Kyurem-Black|52/311 par|[from] item: Leftovers","|turn|15","|","|move|p1a: Mightyena|Play Rough|p2a: Kyurem-Black","|-supereffective|p2a: Kyurem-Black","|-damage|p2a: Kyurem-Black|0 fnt","|faint|p2a: Kyurem-Black","|","|","|switch|p2a: Bastiodon|Bastiodon, L83, F|235/235","|-item|p2a: Bastiodon|Air Balloon","|turn|16","|","|move|p1a: Mightyena|Crunch|p2a: Bastiodon","|-damage|p2a: Bastiodon|184/235","|-enditem|p2a: Bastiodon|Air Balloon","|move|p2a: Bastiodon|Rock Blast|p1a: Mightyena","|-damage|p1a: Mightyena|0 fnt","|-hitcount|p1a: Mightyena|1","|faint|p1a: Mightyena","|","|","|switch|p1a: Emboar|Emboar, L79, M|303/303","|turn|17","|","|move|p1a: Emboar|Superpower|p2a: Bastiodon","|-supereffective|p2a: Bastiodon","|-damage|p2a: Bastiodon|0 fnt","|-unboost|p1a: Emboar|atk|1","|-unboost|p1a: Emboar|def|1","|faint|p2a: Bastiodon","|","|","|switch|p2a: Vaporeon|Vaporeon, L77, M|327/327","|turn|18","|","|switch|p1a: Lugia|Lugia, L73|136/275","|move|p2a: Vaporeon|Scald|p1a: Lugia","|-damage|p1a: Lugia|73/275","|-status|p1a: Lugia|brn","|","|-heal|p1a: Lugia|90/275 brn|[from] item: Leftovers","|-damage|p1a: Lugia|56/275 brn|[from] brn","|turn|19","|","|move|p1a: Lugia|Thunder Wave|p2a: Vaporeon","|-status|p2a: Vaporeon|par","|move|p2a: Vaporeon|Scald|p1a: Lugia","|-damage|p1a: Lugia|0 fnt","|faint|p1a: Lugia","|","|","|switch|p1a: Emboar|Emboar, L79, M|303/303","|turn|20","|","|move|p1a: Emboar|Wild Charge|p2a: Vaporeon","|-supereffective|p2a: Vaporeon","|-damage|p2a: Vaporeon|25/327 par","|-damage|p1a: Emboar|227/303|[from] recoil|[of] p2a: Vaporeon","|move|p2a: Vaporeon|Scald|p1a: Emboar","|-supereffective|p1a: Emboar","|-damage|p1a: Emboar|35/303","|","|-heal|p2a: Vaporeon|45/327 par|[from] item: Leftovers","|turn|21","|","|move|p1a: Emboar|Grass Knot|p2a: Vaporeon","|-supereffective|p2a: Vaporeon","|-damage|p2a: Vaporeon|0 fnt","|faint|p2a: Vaporeon","|","|","|switch|p2a: Xerneas|Xerneas, L73|304/304 par","|-ability|p2a: Xerneas|Fairy Aura","|turn|22","|","|move|p1a: Emboar|Flare Blitz|p2a: Xerneas","|-damage|p2a: Xerneas|124/304 par","|-damage|p1a: Emboar|0 fnt|[from] recoil|[of] p2a: Xerneas","|faint|p1a: Emboar","|move|p2a: Xerneas|Moonblast|p1: Emboar|[notarget]","|-notarget","|","|","|switch|p1a: Floatzel|Floatzel, L83, M|117/277","|turn|23","|","|move|p1a: Floatzel|Bulk Up|p1a: Floatzel","|-boost|p1a: Floatzel|atk|1","|-boost|p1a: Floatzel|def|1","|move|p2a: Xerneas|Moonblast|p1a: Floatzel","|-damage|p1a: Floatzel|0 fnt","|faint|p1a: Floatzel","|","|","|switch|p1a: Palkia|Palkia, L73|252/252","|-ability|p1a: Palkia|Pressure","|turn|24","|","|move|p1a: Palkia|Fire Blast|p2a: Xerneas","|-damage|p2a: Xerneas|39/304 par","|move|p2a: Xerneas|Moonblast|p1a: Palkia","|-supereffective|p1a: Palkia","|-damage|p1a: Palkia|0 fnt","|faint|p1a: Palkia","|","|win|Schuabinha01"],"p1rating":{"entryid":7682529,"formatid":"randombattle","userid":"afinekitty","username":"A Fine Kitty","r":1500,"rd":130,"sigma":0,"rpr":1448.0948733434,"rprd":123.08671896107,"rpsigma":0,"rptime":1439715600,"w":0,"l":1,"t":0,"gxe":43.5,"acre":1000,"lacre":1000,"oldacre":1000},"p2rating":{"entryid":"7465738","serverid":"eos","formatid":"randombattle","userid":"schuabinha01","username":"Schuabinha01","w":1,"l":"4","t":"0","gxe":39.7,"r":1379.6749417146,"rd":108.03753094548,"sigma":"0","rptime":1439715600,"rpr":1417.5193768347,"rprd":104.21486268416,"rpsigma":"0","acre":1040,"lacre":1040,"oldacre":"1000"},"endType":"normal"}