{"seed":[17081,42964,30190,57337],"turns":40,"p1":"Ynfynyt Scroll","p2":"Emg Gl Linket","p1team":[{"name":"Lopunny","moves":["return","substitute","highjumpkick","thunderpunch"],"ability":"Limber","evs":{"hp":85,"atk":85,"def":85,"spa":85,"spd":85,"spe":85},"ivs":{"hp":31,"atk":31,"def":31,"spa":31,"spd":31,"spe":31},"item":"Lopunnite","level":75,"shiny":false},{"name":"Serperior","moves":["hiddenpowerfire","dragonpulse","leafstorm","leechseed"],"ability":"Contrary","evs":{"hp":85,"atk":85,"def":85,"spa":85,"spd":85,"spe":85},"ivs":{"hp":31,"atk":30,"def":31,"spa":30,"spd":31,"spe":30},"item":"Life Orb","level":75,"shiny":false},{"name":"Rotom-Heat","moves":["hiddenpowerice","painsplit","overheat","willowisp"],"ability":"Levitate","evs":{"hp":81,"atk":85,"def":85,"spa":89,"spd":85,"spe":85},"ivs":{"hp":31,"atk":30,"def":30,"spa":31,"spd":31,"spe":31},"item":"Leftovers","level":77,"shiny":false},{"name":"Chandelure","moves":["shadowball","painsplit","substitute","fireblast"],"ability":"Flash Fire","evs":{"hp":85,"atk":85,"def":85,"spa":85,"spd":85,"spe":85},"ivs":{"hp":31,"atk":31,"def":31,"spa":31,"spd":31,"spe":31},"item":"Leftovers","level":77,"shiny":false},{"name":"Milotic","moves":["scald","recover","icebeam","toxic"],"ability":"Marvel Scale","evs":{"hp":85,"atk":85,"def":85,"spa":85,"spd":85,"spe":85},"ivs":{"hp":31,"atk":31,"def":31,"spa":31,"spd":31,"spe":31},"item":"Leftovers","level":77,"shiny":false},{"name":"Latias","moves":["hiddenpowerfire","defog","psyshock","thunderbolt"],"ability":"Levitate","evs":{"hp":85,"atk":85,"def":85,"spa":85,"spd":85,"spe":85},"ivs":{"hp":31,"atk":30,"def":31,"spa":30,"spd":31,"spe":30},"item":"Leftovers","level":75,"shiny":false}],"p2team":[{"name":"Deoxys-Attack","moves":["knockoff","extremespeed","icebeam","psychoboost"],"ability":"Pressure","evs":{"hp":85,"atk":85,"def":85,"spa":85,"spd":85,"spe":85},"ivs":{"hp":31,"atk":31,"def":31,"spa":31,"spd":31,"spe":31},"item":"Life Orb","level":73,"shiny":false},{"name":"Gastrodon","moves":["earthquake","icebeam","toxic","recover"],"ability":"Storm Drain","evs":{"hp":85,"atk":85,"def":85,"spa":85,"spd":85,"spe":85},"ivs":{"hp":31,"atk":31,"def":31,"spa":31,"spd":31,"spe":31},"item":"Leftovers","level":79,"shiny":false},{"name":"Stoutland","moves":["superpower","return","icefang","wildcharge"],"ability":"Intimidate","evs":{"hp":85,"atk":85,"def":85,"spa":85,"spd":85,"spe":85},"ivs":{"hp":31,"atk":31,"def":31,"spa":31,"spd":31,"spe":31},"item":"Choice Band","level":83,"shiny":false},{"name":"Electivire","moves":["flamethrower","icepunch","voltswitch","crosschop"],"ability":"Motor Drive","evs":{"hp":85,"atk":85,"def":85,"spa":85,"spd":85,"spe":85},"ivs":{"hp":31,"atk":31,"def":31,"spa":31,"spd":31,"spe":31},"item":"Expert Belt","level":81,"shiny":false},{"name":"Venusaur","moves":["sleeppowder","leechseed","hiddenpowerfire","sludgebomb"],"ability":"Overgrow","evs":{"hp":85,"atk":85,"def":85,"spa":85,"spd":85,"spe":85},"ivs":{"hp":31,"atk":30,"def":31,"spa":30,"spd":31,"spe":30},"item":"Venusaurite","level":75,"shiny":false},{"name":"Shaymin","moves":["psychic","seedflare","rest","airslash"],"ability":"Natural Cure","evs":{"hp":85,"atk":85,"def":85,"spa":85,"spd":85,"spe":85},"ivs":{"hp":31,"atk":31,"def":31,"spa":31,"spd":31,"spe":31},"item":"Leftovers","level":77,"shiny":false}],"log":["|player|p1|Ynfynyt Scroll|265","|player|p2|Emg Gl Linket|265","|gametype|singles","|gen|6","|tier|Random Battle","|rated","|rule|Sleep Clause Mod: Limit one foe put to sleep","|rule|HP Percentage Mod: HP is shown in percentages","|","|start","|switch|p1a: Lopunny|Lopunny, L75, M|221/221","|switch|p2a: Deoxys-Attack|Deoxys-Attack, L73|193/193","|-ability|p2a: Deoxys-Attack|Pressure","|turn|1","|","|switch|p2a: Stoutland|Stoutland, L83, M|277/277","|-ability|p2a: Stoutland|Intimidate","|-unboost|p1a: Lopunny|atk|1","|switch|p1a: Latias|Latias, L75, F|244/244","|","|turn|2","|","|switch|p1a: Chandelure|Chandelure, L77, M|219/219","|switch|p2a: Venusaur|Venusaur, L75, F|244/244","|","|turn|3","|","|detailschange|p2a: Venusaur|Venusaur-Mega, L75, F","|-mega|p2a: Venusaur|Venusaur|Venusaurite","|move|p1a: Chandelure|Substitute|p1a: Chandelure","|-start|p1a: Chandelure|Substitute","|-damage|p1a: Chandelure|165/219","|move|p2a: Venusaur|Sleep Powder|p1a: Chandelure","|-fail|p1a: Chandelure","|","|-heal|p1a: Chandelure|178/219|[from] item: Leftovers","|turn|4","|","|move|p1a: Chandelure|Fire Blast|p2a: Venusaur","|-supereffective|p2a: Venusaur","|-damage|p2a: Venusaur|130/244","|-status|p2a: Venusaur|brn","|move|p2a: Venusaur|Sludge Bomb|p1a: Chandelure","|-resisted|p1a: Chandelure","|-activate|p1a: Chandelure|Substitute|[damage]","|","|-heal|p1a: Chandelure|191/219|[from] item: Leftovers","|-damage|p2a: Venusaur|100/244 brn|[from] brn","|turn|5","|","|move|p1a: Chandelure|Fire Blast|p2a: Venusaur|[miss]","|-miss|p1a: Chandelure|p2a: Venusaur","|move|p2a: Venusaur|Sludge Bomb|p1a: Chandelure","|-crit|p1a: Chandelure","|-resisted|p1a: Chandelure","|-end|p1a: Chandelure|Substitute","|","|-heal|p1a: Chandelure|204/219|[from] item: Leftovers","|-damage|p2a: Venusaur|70/244 brn|[from] brn","|turn|6","|","|move|p1a: Chandelure|Substitute|p1a: Chandelure","|-start|p1a: Chandelure|Substitute","|-damage|p1a: Chandelure|150/219","|move|p2a: Venusaur|Sludge Bomb|p1a: Chandelure","|-resisted|p1a: Chandelure","|-activate|p1a: Chandelure|Substitute|[damage]","|","|-heal|p1a: Chandelure|163/219|[from] item: Leftovers","|-damage|p2a: Venusaur|40/244 brn|[from] brn","|turn|7","|","|move|p1a: Chandelure|Shadow Ball|p2a: Venusaur","|-damage|p2a: Venusaur|0 fnt","|faint|p2a: Venusaur","|","|-heal|p1a: Chandelure|176/219|[from] item: Leftovers","|","|switch|p2a: Gastrodon|Gastrodon, L79, F|305/305","|turn|8","|","|move|p1a: Chandelure|Shadow Ball|p2a: Gastrodon","|-damage|p2a: Gastrodon|185/305","|move|p2a: Gastrodon|Earthquake|p1a: Chandelure","|-supereffective|p1a: Chandelure","|-end|p1a: Chandelure|Substitute","|","|-heal|p1a: Chandelure|189/219|[from] item: Leftovers","|-heal|p2a: Gastrodon|204/305|[from] item: Leftovers","|turn|9","|","|move|p1a: Chandelure|Substitute|p1a: Chandelure","|-start|p1a: Chandelure|Substitute","|-damage|p1a: Chandelure|135/219","|move|p2a: Gastrodon|Recover|p2a: Gastrodon","|-heal|p2a: Gastrodon|305/305","|","|-heal|p1a: Chandelure|148/219|[from] item: Leftovers","|turn|10","|","|move|p1a: Chandelure|Shadow Ball|p2a: Gastrodon","|-damage|p2a: Gastrodon|203/305","|move|p2a: Gastrodon|Earthquake|p1a: Chandelure","|-crit|p1a: Chandelure","|-supereffective|p1a: Chandelure","|-end|p1a: Chandelure|Substitute","|","|-heal|p1a: Chandelure|161/219|[from] item: Leftovers","|-heal|p2a: Gastrodon|222/305|[from] item: Leftovers","|turn|11","|","|switch|p1a: Serperior|Serperior, L75, M|236/236","|move|p2a: Gastrodon|Earthquake|p1a: Serperior","|-resisted|p1a: Serperior","|-damage|p1a: Serperior|193/236","|","|-heal|p2a: Gastrodon|241/305|[from] item: Leftovers","|turn|12","|","|switch|p2a: Stoutland|Stoutland, L83, M|277/277","|-ability|p2a: Stoutland|Intimidate","|-boost|p1a: Serperior|atk|1","|move|p1a: Serperior|Leaf Storm|p2a: Stoutland|[miss]","|-miss|p1a: Serperior|p2a: Stoutland","|","|turn|13","|","|move|p1a: Serperior|Leaf Storm|p2a: Stoutland","|-damage|p2a: Stoutland|148/277","|-boost|p1a: Serperior|spa|2","|-damage|p1a: Serperior|170/236|[from] item: Life Orb","|move|p2a: Stoutland|Ice Fang|p1a: Serperior","|-supereffective|p1a: Serperior","|-damage|p1a: Serperior|22/236","|","|turn|14","|","|switch|p1a: Chandelure|Chandelure, L77, M|161/219","|move|p2a: Stoutland|Ice Fang|p1a: Chandelure","|-crit|p1a: Chandelure","|-resisted|p1a: Chandelure","|-damage|p1a: Chandelure|103/219","|","|-heal|p1a: Chandelure|116/219|[from] item: Leftovers","|turn|15","|","|switch|p2a: Gastrodon|Gastrodon, L79, F|241/305","|move|p1a: Chandelure|Substitute|p1a: Chandelure","|-start|p1a: Chandelure|Substitute","|-damage|p1a: Chandelure|62/219","|","|-heal|p1a: Chandelure|75/219|[from] item: Leftovers","|-heal|p2a: Gastrodon|260/305|[from] item: Leftovers","|turn|16","|","|move|p1a: Chandelure|Pain Split|p2a: Gastrodon","|-sethp|p2a: Gastrodon|167/305|p1a: Chandelure|167/219|[from] move: Pain Split","|move|p2a: Gastrodon|Earthquake|p1a: Chandelure","|-supereffective|p1a: Chandelure","|-end|p1a: Chandelure|Substitute","|","|-heal|p1a: Chandelure|180/219|[from] item: Leftovers","|-heal|p2a: Gastrodon|186/305|[from] item: Leftovers","|turn|17","|","|move|p1a: Chandelure|Substitute|p1a: Chandelure","|-start|p1a: Chandelure|Substitute","|-damage|p1a: Chandelure|126/219","|move|p2a: Gastrodon|Earthquake|p1a: Chandelure","|-supereffective|p1a: Chandelure","|-end|p1a: Chandelure|Substitute","|","|-heal|p1a: Chandelure|139/219|[from] item: Leftovers","|-heal|p2a: Gastrodon|205/305|[from] item: Leftovers","|turn|18","|","|move|p1a: Chandelure|Substitute|p1a: Chandelure","|-start|p1a: Chandelure|Substitute","|-damage|p1a: Chandelure|85/219","|move|p2a: Gastrodon|Toxic|p1a: Chandelure","|-fail|p1a: Chandelure","|","|-heal|p1a: Chandelure|98/219|[from] item: Leftovers","|-heal|p2a: Gastrodon|224/305|[from] item: Leftovers","|turn|19","|","|move|p1a: Chandelure|Shadow Ball|p2a: Gastrodon","|-damage|p2a: Gastrodon|106/305","|-unboost|p2a: Gastrodon|spd|1","|move|p2a: Gastrodon|Earthquake|p1a: Chandelure","|-supereffective|p1a: Chandelure","|-end|p1a: Chandelure|Substitute","|","|-heal|p1a: Chandelure|111/219|[from] item: Leftovers","|-heal|p2a: Gastrodon|125/305|[from] item: Leftovers","|turn|20","|","|switch|p2a: Stoutland|Stoutland, L83, M|148/277","|-ability|p2a: Stoutland|Intimidate","|-unboost|p1a: Chandelure|atk|1","|move|p1a: Chandelure|Shadow Ball|p2a: Stoutland","|-immune|p2a: Stoutland|[msg]","|","|-heal|p1a: Chandelure|124/219|[from] item: Leftovers","|turn|21","|","|move|p2a: Stoutland|Wild Charge|p1a: Chandelure","|-damage|p1a: Chandelure|7/219","|-damage|p2a: Stoutland|119/277|[from] recoil|[of] p1a: Chandelure","|move|p1a: Chandelure|Substitute|p1a: Chandelure","|-fail|p1a: Chandelure|move: Substitute|[weak]","|","|-heal|p1a: Chandelure|20/219|[from] item: Leftovers","|turn|22","|","|switch|p1a: Latias|Latias, L75, F|244/244","|move|p2a: Stoutland|Wild Charge|p1a: Latias","|-resisted|p1a: Latias","|-damage|p1a: Latias|187/244","|-damage|p2a: Stoutland|105/277|[from] recoil|[of] p1a: Latias","|","|-heal|p1a: Latias|202/244|[from] item: Leftovers","|turn|23","|","|switch|p2a: Gastrodon|Gastrodon, L79, F|125/305","|move|p1a: Latias|Psyshock|p2a: Gastrodon","|-damage|p2a: Gastrodon|28/305","|","|-heal|p1a: Latias|217/244|[from] item: Leftovers","|-heal|p2a: Gastrodon|47/305|[from] item: Leftovers","|turn|24","|","|move|p1a: Latias|Psyshock|p2a: Gastrodon","|-damage|p2a: Gastrodon|0 fnt","|faint|p2a: Gastrodon","|","|-heal|p1a: Latias|232/244|[from] item: Leftovers","|","|switch|p2a: Electivire|Electivire, L81, F|254/254","|turn|25","|","|switch|p1a: Rotom-Heat|Rotom-Heat, L77|203/203","|move|p2a: Electivire|Ice Punch|p1a: Rotom-Heat","|-resisted|p1a: Rotom-Heat","|-damage|p1a: Rotom-Heat|175/203","|","|-heal|p1a: Rotom-Heat|187/203|[from] item: Leftovers","|turn|26","|","|move|p2a: Electivire|Volt Switch|p1a: Rotom-Heat","|-resisted|p1a: Rotom-Heat","|-damage|p1a: Rotom-Heat|153/203","|","|switch|p2a: Stoutland|Stoutland, L83, M|105/277","|-ability|p2a: Stoutland|Intimidate","|-unboost|p1a: Rotom-Heat|atk|1","|move|p1a: Rotom-Heat|Will-O-Wisp|p2a: Stoutland","|-status|p2a: Stoutland|brn","|","|-heal|p1a: Rotom-Heat|165/203|[from] item: Leftovers","|-damage|p2a: Stoutland|71/277 brn|[from] brn","|turn|27","|","|move|p2a: Stoutland|Return|p1a: Rotom-Heat","|-damage|p1a: Rotom-Heat|87/203","|move|p1a: Rotom-Heat|Hidden Power|p2a: Stoutland","|-damage|p2a: Stoutland|35/277 brn","|","|-heal|p1a: Rotom-Heat|99/203|[from] item: Leftovers","|-damage|p2a: Stoutland|1/277 brn|[from] brn","|turn|28","|","|switch|p1a: Chandelure|Chandelure, L77, M|20/219","|move|p2a: Stoutland|Return|p1a: Chandelure","|-immune|p1a: Chandelure|[msg]","|","|-heal|p1a: Chandelure|33/219|[from] item: Leftovers","|-damage|p2a: Stoutland|0 fnt|[from] brn","|faint|p2a: Stoutland","|","|switch|p2a: Electivire|Electivire, L81, F|254/254","|turn|29","|","|move|p2a: Electivire|Volt Switch|p1a: Chandelure","|-damage|p1a: Chandelure|0 fnt","|faint|p1a: Chandelure","|","|switch|p2a: Shaymin|Shaymin, L77|281/281","|","|","|switch|p1a: Rotom-Heat|Rotom-Heat, L77|99/203","|turn|30","|","|move|p2a: Shaymin|Air Slash|p1a: Rotom-Heat","|-resisted|p1a: Rotom-Heat","|-damage|p1a: Rotom-Heat|78/203","|cant|p1a: Rotom-Heat|flinch","|","|-heal|p1a: Rotom-Heat|90/203|[from] item: Leftovers","|turn|31","|","|move|p2a: Shaymin|Psychic|p1a: Rotom-Heat","|-crit|p1a: Rotom-Heat","|-damage|p1a: Rotom-Heat|7/203","|move|p1a: Rotom-Heat|Pain Split|p2a: Shaymin","|-sethp|p2a: Shaymin|144/281|p1a: Rotom-Heat|144/203|[from] move: Pain Split","|","|-heal|p2a: Shaymin|161/281|[from] item: Leftovers","|-heal|p1a: Rotom-Heat|156/203|[from] item: Leftovers","|turn|32","|","|move|p2a: Shaymin|Psychic|p1a: Rotom-Heat","|-crit|p1a: Rotom-Heat","|-damage|p1a: Rotom-Heat|85/203","|move|p1a: Rotom-Heat|Overheat|p2a: Shaymin","|-supereffective|p2a: Shaymin","|-damage|p2a: Shaymin|0 fnt","|-unboost|p1a: Rotom-Heat|spa|2","|faint|p2a: Shaymin","|","|-heal|p1a: Rotom-Heat|97/203|[from] item: Leftovers","|","|switch|p2a: Deoxys-Attack|Deoxys-Attack, L73|193/193","|-ability|p2a: Deoxys-Attack|Pressure","|turn|33","|","|switch|p1a: Serperior|Serperior, L75, M|22/236","|move|p2a: Deoxys-Attack|Knock Off|p1a: Serperior","|-damage|p1a: Serperior|0 fnt","|-enditem|p1a: Serperior|Life Orb|[from] move: Knock Off|[of] p2a: Deoxys-Attack","|-damage|p2a: Deoxys-Attack|174/193|[from] item: Life Orb","|faint|p1a: Serperior","|","|","|switch|p1a: Milotic|Milotic, L77, M|273/273","|turn|34","|","|switch|p2a: Electivire|Electivire, L81, F|254/254","|move|p1a: Milotic|Scald|p2a: Electivire","|-crit|p2a: Electivire","|-damage|p2a: Electivire|133/254","|","|turn|35","|","|switch|p1a: Rotom-Heat|Rotom-Heat, L77|97/203","|move|p2a: Electivire|Volt Switch|p1a: Rotom-Heat","|-resisted|p1a: Rotom-Heat","|-damage|p1a: Rotom-Heat|62/203","|","|switch|p2a: Deoxys-Attack|Deoxys-Attack, L73|174/193","|-ability|p2a: Deoxys-Attack|Pressure","|","|-heal|p1a: Rotom-Heat|74/203|[from] item: Leftovers","|turn|36","|","|move|p2a: Deoxys-Attack|Psycho Boost|p1a: Rotom-Heat","|-damage|p1a: Rotom-Heat|0 fnt","|-unboost|p2a: Deoxys-Attack|spa|2","|-damage|p2a: Deoxys-Attack|155/193|[from] item: Life Orb","|faint|p1a: Rotom-Heat","|","|","|switch|p1a: Milotic|Milotic, L77, M|273/273","|turn|37","|","|switch|p2a: Electivire|Electivire, L81, F|133/254","|move|p1a: Milotic|Scald|p2a: Electivire","|-damage|p2a: Electivire|58/254","|","|turn|38","|","|move|p2a: Electivire|Volt Switch|p1a: Milotic","|-supereffective|p1a: Milotic","|-damage|p1a: Milotic|129/273","|","|switch|p2a: Deoxys-Attack|Deoxys-Attack, L73|155/193","|-ability|p2a: Deoxys-Attack|Pressure","|move|p1a: Milotic|Scald|p2a: Deoxys-Attack","|-damage|p2a: Deoxys-Attack|0 fnt","|faint|p2a: Deoxys-Attack","|","|-heal|p1a: Milotic|146/273|[from] item: Leftovers","|","|switch|p2a: Electivire|Electivire, L81, F|58/254","|turn|39","|","|move|p2a: Electivire|Volt Switch|p1a: Milotic","|-crit|p1a: Milotic","|-supereffective|p1a: Milotic","|-damage|p1a: Milotic|0 fnt","|faint|p1a: Milotic","|","|","|switch|p1a: Latias|Latias, L75, F|232/244","|turn|40","|","|move|p1a: Latias|Psyshock|p2a: Electivire","|-damage|p2a: Electivire|0 fnt","|faint|p2a: Electivire","|","|win|Ynfynyt Scroll"],"p1rating":{"entryid":"7631274","serverid":"eos","formatid":"randombattle","userid":"ynfynytscroll","username":"Ynfynyt Scroll","w":19,"l":"4","t":"0","gxe":71.6,"r":"1658.1809828013","rd":"79.294490585238","sigma":"0","rptime":"1439629200","rpr":1677.2060399274,"rprd":68.011970422919,"rpsigma":"0","acre":1262.6051718721,"lacre":1262.6051718721,"oldacre":"1235.2235465804"},"p2rating":{"entryid":"7099396","serverid":"eos","formatid":"randombattle","userid":"emggllinket","username":"Emg GL Linket","w":"21","l":13,"t":"0","gxe":60.9,"r":"1540.6166553107","rd":"63.148618958344","sigma":"0","rptime":"1439629200","rpr":1584.7983564154,"rprd":58.427816773591,"rpsigma":"0","acre":1241.0410526645,"lacre":1241.0410526645,"oldacre":"1268.4226779562"},"endType":"normal"}