{"seed":[42253,14938,16415,62724],"turns":27,"p1":"AcnologiaX","p2":"SL Pastor Jeff","p1team":[{"name":"Umbreon","moves":["wish","batonpass","toxic","foulplay"],"ability":"Synchronize","evs":{"hp":85,"atk":85,"def":85,"spa":85,"spd":85,"spe":85},"ivs":{"hp":31,"atk":31,"def":31,"spa":31,"spd":31,"spe":31},"item":"Leftovers","level":77,"shiny":false},{"name":"Noivern","moves":["hurricane","boomburst","taunt","roost"],"ability":"Infiltrator","evs":{"hp":85,"atk":85,"def":85,"spa":85,"spd":85,"spe":85},"ivs":{"hp":31,"atk":31,"def":31,"spa":31,"spd":31,"spe":31},"item":"Leftovers","level":78,"shiny":false},{"name":"Parasect","moves":["substitute","spore","xscissor","leechseed"],"ability":"Dry Skin","evs":{"hp":85,"atk":85,"def":85,"spa":85,"spd":85,"spe":85},"ivs":{"hp":31,"atk":31,"def":31,"spa":31,"spd":31,"spe":31},"item":"Leftovers","level":83,"shiny":false},{"name":"Watchog","moves":["hypnosis","return","substitute","superfang"],"ability":"Analytic","evs":{"hp":85,"atk":85,"def":85,"spa":85,"spd":85,"spe":85},"ivs":{"hp":31,"atk":31,"def":31,"spa":31,"spd":31,"spe":31},"item":"Leftovers","level":83,"shiny":false},{"name":"Kingdra","moves":["dragondance","substitute","outrage","waterfall"],"ability":"Swift Swim","evs":{"hp":85,"atk":85,"def":85,"spa":85,"spd":85,"spe":85},"ivs":{"hp":31,"atk":31,"def":31,"spa":31,"spd":31,"spe":31},"item":"Lum Berry","level":78,"shiny":false},{"name":"Muk","moves":["curse","shadowsneak","gunkshot","icepunch"],"ability":"Sticky Hold","evs":{"hp":85,"atk":85,"def":85,"spa":85,"spd":85,"spe":85},"ivs":{"hp":31,"atk":31,"def":31,"spa":31,"spd":31,"spe":31},"item":"Life Orb","level":81,"shiny":false}],"p2team":[{"name":"Mienshao","moves":["highjumpkick","stoneedge","swordsdance","substitute"],"ability":"Regenerator","evs":{"hp":85,"atk":85,"def":85,"spa":85,"spd":85,"spe":85},"ivs":{"hp":31,"atk":31,"def":31,"spa":31,"spd":31,"spe":31},"item":"Leftovers","level":77,"shiny":false},{"name":"Sigilyph","moves":["storedpower","roost","psychoshift","cosmicpower"],"ability":"Magic Guard","evs":{"hp":85,"atk":85,"def":85,"spa":85,"spd":85,"spe":85},"ivs":{"hp":31,"atk":31,"def":31,"spa":31,"spd":31,"spe":31},"item":"Flame Orb","level":79,"shiny":false},{"name":"Electrode","moves":["voltswitch","foulplay","taunt","thunderbolt"],"ability":"Static","evs":{"hp":85,"atk":85,"def":85,"spa":85,"spd":85,"spe":85},"ivs":{"hp":31,"atk":31,"def":31,"spa":31,"spd":31,"spe":31},"item":"Life Orb","level":83,"shiny":false},{"name":"Bisharp","moves":["suckerpunch","substitute","ironhead","knockoff"],"ability":"Defiant","evs":{"hp":85,"atk":85,"def":85,"spa":85,"spd":85,"spe":85},"ivs":{"hp":31,"atk":31,"def":31,"spa":31,"spd":31,"spe":31},"item":"Leftovers","level":75,"shiny":false},{"name":"Muk","moves":["shadowsneak","curse","icepunch","poisonjab"],"ability":"Poison Touch","evs":{"hp":85,"atk":85,"def":85,"spa":85,"spd":85,"spe":85},"ivs":{"hp":31,"atk":31,"def":31,"spa":31,"spd":31,"spe":31},"item":"Life Orb","level":81,"shiny":false},{"name":"Kecleon","moves":["suckerpunch","fakeout","stealthrock","recover"],"ability":"Protean","evs":{"hp":85,"atk":85,"def":85,"spa":85,"spd":85,"spe":85},"ivs":{"hp":31,"atk":31,"def":31,"spa":31,"spd":31,"spe":31},"item":"Leftovers","level":81,"shiny":false}],"log":["|player|p1|AcnologiaX|290","|player|p2|SL Pastor Jeff|165","|gametype|singles","|gen|6","|tier|Random Battle","|rated","|rule|Sleep Clause Mod: Limit one foe put to sleep","|rule|HP Percentage Mod: HP is shown in percentages","|","|start","|switch|p1a: Umbreon|Umbreon, L77, M|273/273","|switch|p2a: Mienshao|Mienshao, L77, M|227/227","|turn|1","|","|move|p2a: Mienshao|Swords Dance|p2a: Mienshao","|-boost|p2a: Mienshao|atk|2","|move|p1a: Umbreon|Toxic|p2a: Mienshao","|-status|p2a: Mienshao|tox","|","|-damage|p2a: Mienshao|213/227 tox|[from] psn","|turn|2","|","|switch|p1a: Muk|Muk, L81, F|303/303","|move|p2a: Mienshao|High Jump Kick|p1a: Muk|[miss]","|-miss|p2a: Mienshao|p1a: Muk","|-damage|p2a: Mienshao|100/227 tox|[from] highjumpkick","|","|-heal|p2a: Mienshao|114/227 tox|[from] item: Leftovers","|-damage|p2a: Mienshao|86/227 tox|[from] psn","|turn|3","|","|move|p2a: Mienshao|High Jump Kick|p1a: Muk","|-resisted|p1a: Muk","|-damage|p1a: Muk|139/303","|move|p1a: Muk|Gunk Shot|p2a: Mienshao","|-damage|p2a: Mienshao|0 fnt","|-damage|p1a: Muk|109/303|[from] item: Life Orb","|faint|p2a: Mienshao","|","|","|switch|p2a: Muk|Muk, L81, M|303/303","|turn|4","|","|move|p1a: Muk|Shadow Sneak|p2a: Muk","|-damage|p2a: Muk|258/303","|-damage|p1a: Muk|79/303|[from] item: Life Orb","|move|p2a: Muk|Curse|p2a: Muk","|-unboost|p2a: Muk|spe|1","|-boost|p2a: Muk|atk|1","|-boost|p2a: Muk|def|1","|","|turn|5","|","|move|p1a: Muk|Curse|p1a: Muk","|-unboost|p1a: Muk|spe|1","|-boost|p1a: Muk|atk|1","|-boost|p1a: Muk|def|1","|move|p2a: Muk|Curse|p2a: Muk","|-unboost|p2a: Muk|spe|1","|-boost|p2a: Muk|atk|1","|-boost|p2a: Muk|def|1","|","|turn|6","|","|move|p1a: Muk|Curse|p1a: Muk","|-unboost|p1a: Muk|spe|1","|-boost|p1a: Muk|atk|1","|-boost|p1a: Muk|def|1","|move|p2a: Muk|Curse|p2a: Muk","|-unboost|p2a: Muk|spe|1","|-boost|p2a: Muk|atk|1","|-boost|p2a: Muk|def|1","|","|turn|7","|","|move|p1a: Muk|Shadow Sneak|p2a: Muk","|-damage|p2a: Muk|224/303","|-damage|p1a: Muk|49/303|[from] item: Life Orb","|move|p2a: Muk|Curse|p2a: Muk","|-unboost|p2a: Muk|spe|1","|-boost|p2a: Muk|atk|1","|-boost|p2a: Muk|def|1","|","|turn|8","|","|move|p1a: Muk|Ice Punch|p2a: Muk","|-damage|p2a: Muk|173/303","|-damage|p1a: Muk|19/303|[from] item: Life Orb","|move|p2a: Muk|Curse|p2a: Muk","|-unboost|p2a: Muk|spe|1","|-boost|p2a: Muk|atk|1","|-boost|p2a: Muk|def|1","|","|turn|9","|","|move|p1a: Muk|Ice Punch|p2a: Muk","|-damage|p2a: Muk|125/303","|-damage|p1a: Muk|0 fnt|[from] item: Life Orb","|faint|p1a: Muk","|move|p2a: Muk|Curse|p2a: Muk","|-unboost|p2a: Muk|spe|1","|-boost|p2a: Muk|atk|1","|-boost|p2a: Muk|def|1","|","|","|switch|p1a: Watchog|Watchog, L83, F|235/235","|turn|10","|","|move|p1a: Watchog|Hypnosis|p2a: Muk","|-status|p2a: Muk|slp","|cant|p2a: Muk|slp","|","|turn|11","|","|cant|p2a: Muk|slp","|move|p1a: Watchog|Return|p2a: Muk","|-damage|p2a: Muk|91/303 slp","|","|turn|12","|","|move|p1a: Watchog|Super Fang|p2a: Muk","|-damage|p2a: Muk|46/303 slp","|cant|p2a: Muk|slp","|","|turn|13","|","|move|p1a: Watchog|Super Fang|p2a: Muk","|-damage|p2a: Muk|23/303 slp","|-curestatus|p2a: Muk|slp","|move|p2a: Muk|Ice Punch|p1a: Watchog","|-damage|p1a: Watchog|0 fnt","|-damage|p2a: Muk|0 fnt|[from] item: Life Orb","|faint|p1a: Watchog","|faint|p2a: Muk","|","|","|switch|p2a: Electrode|Electrode, L83|235/235","|switch|p1a: Umbreon|Umbreon, L77, M|273/273","|turn|14","|","|move|p2a: Electrode|Taunt|p1a: Umbreon","|-start|p1a: Umbreon|move: Taunt","|cant|p1a: Umbreon|move: Taunt|Toxic","|","|turn|15","|","|move|p2a: Electrode|Thunderbolt|p1a: Umbreon","|-damage|p1a: Umbreon|183/273","|-damage|p2a: Electrode|212/235|[from] item: Life Orb","|move|p1a: Umbreon|Foul Play|p2a: Electrode","|-damage|p2a: Electrode|140/235","|-status|p1a: Umbreon|par","|","|-heal|p1a: Umbreon|200/273 par|[from] item: Leftovers","|turn|16","|","|move|p2a: Electrode|Foul Play|p1a: Umbreon","|-resisted|p1a: Umbreon","|-damage|p1a: Umbreon|174/273 par","|-damage|p2a: Electrode|117/235|[from] item: Life Orb","|move|p1a: Umbreon|Foul Play|p2a: Electrode","|-damage|p2a: Electrode|44/235","|","|-heal|p1a: Umbreon|191/273 par|[from] item: Leftovers","|-end|p1a: Umbreon|move: Taunt","|turn|17","|","|move|p2a: Electrode|Thunderbolt|p1a: Umbreon","|-damage|p1a: Umbreon|100/273 par","|-damage|p2a: Electrode|21/235|[from] item: Life Orb","|move|p1a: Umbreon|Foul Play|p2a: Electrode","|-damage|p2a: Electrode|0 fnt","|faint|p2a: Electrode","|","|-heal|p1a: Umbreon|117/273 par|[from] item: Leftovers","|","|switch|p2a: Bisharp|Bisharp, L75, M|221/221","|turn|18","|","|move|p2a: Bisharp|Iron Head|p1a: Umbreon","|-damage|p1a: Umbreon|33/273 par","|move|p1a: Umbreon|Foul Play|p2a: Bisharp","|-resisted|p2a: Bisharp","|-damage|p2a: Bisharp|170/221","|","|-heal|p2a: Bisharp|183/221|[from] item: Leftovers","|-heal|p1a: Umbreon|50/273 par|[from] item: Leftovers","|turn|19","|","|move|p2a: Bisharp|Iron Head|p1a: Umbreon","|-damage|p1a: Umbreon|0 fnt","|faint|p1a: Umbreon","|","|-heal|p2a: Bisharp|196/221|[from] item: Leftovers","|","|switch|p1a: Noivern|Noivern, L78, F|261/261","|turn|20","|","|move|p1a: Noivern|Taunt|p2a: Bisharp","|-start|p2a: Bisharp|move: Taunt","|move|p2a: Bisharp|Knock Off|p1a: Noivern","|-damage|p1a: Noivern|150/261","|-enditem|p1a: Noivern|Leftovers|[from] move: Knock Off|[of] p2a: Bisharp","|","|-heal|p2a: Bisharp|209/221|[from] item: Leftovers","|turn|21","|","|move|p2a: Bisharp|Sucker Punch|p1a: Noivern","|-damage|p1a: Noivern|51/261","|move|p1a: Noivern|Boomburst|p2a: Bisharp","|-resisted|p2a: Bisharp","|-damage|p2a: Bisharp|154/221","|","|-heal|p2a: Bisharp|167/221|[from] item: Leftovers","|turn|22","|","|move|p2a: Bisharp|Sucker Punch|p1a: Noivern","|-fail|p2a: Bisharp","|move|p1a: Noivern|Roost|p1a: Noivern","|-heal|p1a: Noivern|182/261","|","|-heal|p2a: Bisharp|180/221|[from] item: Leftovers","|-end|p2a: Bisharp|move: Taunt","|turn|23","|","|move|p1a: Noivern|Roost|p1a: Noivern","|-heal|p1a: Noivern|261/261","|move|p2a: Bisharp|Iron Head|p1a: Noivern","|-damage|p1a: Noivern|170/261","|","|-heal|p2a: Bisharp|193/221|[from] item: Leftovers","|turn|24","|","|move|p1a: Noivern|Hurricane|p2a: Bisharp|[miss]","|-miss|p1a: Noivern|p2a: Bisharp","|move|p2a: Bisharp|Knock Off|p1a: Noivern","|-damage|p1a: Noivern|92/261","|","|-heal|p2a: Bisharp|206/221|[from] item: Leftovers","|turn|25","|","|move|p1a: Noivern|Roost|p1a: Noivern","|-heal|p1a: Noivern|223/261","|move|p2a: Bisharp|Iron Head|p1a: Noivern","|-damage|p1a: Noivern|121/261","|","|-heal|p2a: Bisharp|219/221|[from] item: Leftovers","|turn|26","|","|switch|p2a: Kecleon|Kecleon, L81, M|230/230","|move|p1a: Noivern|Boomburst|p2a: Kecleon","|-damage|p2a: Kecleon|165/230","|","|-heal|p2a: Kecleon|179/230|[from] item: Leftovers","|turn|27","|player|p1","|","|win|SL Pastor Jeff"],"p1rating":{"entryid":7682850,"formatid":"randombattle","userid":"acnologiax","username":"AcnologiaX","r":1500,"rd":130,"sigma":0,"rpr":1459.8393856612,"rprd":122.8583080769,"rpsigma":0,"rptime":1439715600,"w":0,"l":1,"t":0,"gxe":45,"acre":1000,"lacre":1000,"oldacre":1000},"p2rating":{"entryid":7682851,"formatid":"randombattle","userid":"slpastorjeff","username":"SL Pastor Jeff","r":1500,"rd":130,"sigma":0,"rpr":1540.1606143388,"rprd":122.8583080769,"rpsigma":0,"rptime":1439715600,"w":1,"l":0,"t":0,"gxe":55,"acre":1040,"lacre":1040,"oldacre":1000},"endType":"forfeit"}