{"seed":[13341,59408,27799,18155],"turns":41,"p1":"grenicroak","p2":"tonyy18","p1team":[{"name":"Cherrim","moves":["energyball","synthesis","hiddenpowerice","sunnyday"],"ability":"Flower Gift","evs":{"hp":85,"atk":85,"def":85,"spa":85,"spd":85,"spe":85},"ivs":{"hp":31,"atk":30,"def":30,"spa":31,"spd":31,"spe":31},"item":"Heat Rock","level":83,"shiny":false},{"name":"Aurorus","moves":["encore","thunderbolt","stealthrock","hypervoice"],"ability":"Refrigerate","evs":{"hp":81,"atk":85,"def":85,"spa":89,"spd":85,"spe":85},"ivs":{"hp":31,"atk":31,"def":31,"spa":31,"spd":31,"spe":31},"item":"Leftovers","level":81,"shiny":false},{"name":"Cradily","moves":["stealthrock","toxic","gigadrain","rockslide"],"ability":"Storm Drain","evs":{"hp":85,"atk":85,"def":85,"spa":85,"spd":85,"spe":85},"ivs":{"hp":31,"atk":31,"def":31,"spa":31,"spd":31,"spe":31},"item":"Leftovers","level":81,"shiny":false},{"name":"Nidoking","moves":["sludgewave","earthpower","substitute","fireblast"],"ability":"Sheer Force","evs":{"hp":85,"atk":85,"def":85,"spa":85,"spd":85,"spe":85},"ivs":{"hp":31,"atk":31,"def":31,"spa":31,"spd":31,"spe":31},"item":"Life Orb","level":77,"shiny":false},{"name":"Charizard","moves":["focusblast","fireblast","roost","airslash"],"ability":"Blaze","evs":{"hp":85,"atk":85,"def":85,"spa":85,"spd":85,"spe":85},"ivs":{"hp":31,"atk":31,"def":31,"spa":31,"spd":31,"spe":31},"item":"Charizardite Y","level":75,"shiny":false},{"name":"Articuno","moves":["substitute","toxic","roost","freezedry"],"ability":"Snow Cloak","evs":{"hp":85,"atk":85,"def":85,"spa":85,"spd":85,"spe":85},"ivs":{"hp":31,"atk":31,"def":31,"spa":31,"spd":31,"spe":31},"item":"Leftovers","level":83,"shiny":false}],"p2team":[{"name":"Stunfisk","moves":["toxic","scald","discharge","earthpower"],"ability":"Static","evs":{"hp":85,"atk":85,"def":85,"spa":85,"spd":85,"spe":85},"ivs":{"hp":31,"atk":31,"def":31,"spa":31,"spd":31,"spe":31},"item":"Leftovers","level":83,"shiny":false},{"name":"Tyranitar","moves":["crunch","earthquake","stoneedge","icepunch"],"ability":"Sand Stream","evs":{"hp":85,"atk":85,"def":85,"spa":85,"spd":85,"spe":85},"ivs":{"hp":31,"atk":31,"def":31,"spa":31,"spd":31,"spe":31},"item":"Tyranitarite","level":75,"shiny":false},{"name":"Uxie","moves":["psychic","uturn","healbell","knockoff"],"ability":"Levitate","evs":{"hp":85,"atk":85,"def":85,"spa":85,"spd":85,"spe":85},"ivs":{"hp":31,"atk":31,"def":31,"spa":31,"spd":31,"spe":31},"item":"Leftovers","level":79,"shiny":false},{"name":"Maractus","moves":["spikyshield","gigadrain","leechseed","hiddenpowerfire"],"ability":"Storm Drain","evs":{"hp":85,"atk":85,"def":85,"spa":85,"spd":85,"spe":85},"ivs":{"hp":31,"atk":30,"def":31,"spa":30,"spd":31,"spe":30},"item":"Leftovers","level":83,"shiny":false},{"name":"Blissey","moves":["healbell","stealthrock","wish","protect"],"ability":"Natural Cure","evs":{"hp":85,"atk":85,"def":85,"spa":85,"spd":85,"spe":85},"ivs":{"hp":31,"atk":31,"def":31,"spa":31,"spd":31,"spe":31},"item":"Leftovers","level":77,"shiny":false},{"name":"Kyurem","moves":["focusblast","dragonpulse","substitute","earthpower"],"ability":"Pressure","evs":{"hp":85,"atk":85,"def":85,"spa":85,"spd":85,"spe":85},"ivs":{"hp":31,"atk":31,"def":31,"spa":31,"spd":31,"spe":31},"item":"Leftovers","level":78,"shiny":false}],"log":["|player|p1|grenicroak|150","|player|p2|tonyy18|184","|gametype|singles","|gen|6","|tier|Random Battle","|rated","|rule|Sleep Clause Mod: Limit one foe put to sleep","|rule|HP Percentage Mod: HP is shown in percentages","|","|start","|switch|p1a: Cherrim|Cherrim, L83, M|252/252","|switch|p2a: Stunfisk|Stunfisk, L83, M|317/317","|turn|1","|","|move|p1a: Cherrim|Energy Ball|p2a: Stunfisk","|-supereffective|p2a: Stunfisk","|-damage|p2a: Stunfisk|147/317","|move|p2a: Stunfisk|Toxic|p1a: Cherrim","|-status|p1a: Cherrim|tox","|","|-heal|p2a: Stunfisk|166/317|[from] item: Leftovers","|-damage|p1a: Cherrim|237/252 tox|[from] psn","|turn|2","|","|switch|p2a: Blissey|Blissey, L77, F|519/519","|move|p1a: Cherrim|Energy Ball|p2a: Blissey","|-damage|p2a: Blissey|455/519","|","|-heal|p2a: Blissey|487/519|[from] item: Leftovers","|-damage|p1a: Cherrim|207/252 tox|[from] psn","|turn|3","|","|move|p1a: Cherrim|Sunny Day|p1a: Cherrim","|-weather|SunnyDay","|-formechange|p1a: Cherrim|Cherrim-Sunshine|[msg]","|move|p2a: Blissey|Stealth Rock|p1a: Cherrim","|-sidestart|p1: grenicroak|move: Stealth Rock","|","|-weather|SunnyDay|[upkeep]","|-heal|p2a: Blissey|519/519|[from] item: Leftovers","|-damage|p1a: Cherrim|162/252 tox|[from] psn","|turn|4","|","|move|p2a: Blissey|Protect|p2a: Blissey","|-singleturn|p2a: Blissey|Protect","|move|p1a: Cherrim|Hidden Power|p2a: Blissey","|-activate|p2a: Blissey|Protect","|","|-weather|SunnyDay|[upkeep]","|-damage|p1a: Cherrim|102/252 tox|[from] psn","|turn|5","|","|switch|p1a: Nidoking|Nidoking, L77, M|251/251","|-damage|p1a: Nidoking|236/251|[from] Stealth Rock","|move|p2a: Blissey|Wish|p2a: Blissey","|","|-weather|SunnyDay|[upkeep]","|turn|6","|","|switch|p2a: Uxie|Uxie, L79|248/248","|move|p1a: Nidoking|Sludge Wave|p2a: Uxie","|-crit|p2a: Uxie","|-damage|p2a: Uxie|106/248","|","|-weather|SunnyDay|[upkeep]","|-heal|p2a: Uxie|248/248|[from] move: Wish|[wisher] Blissey","|turn|7","|","|move|p2a: Uxie|Knock Off|p1a: Nidoking","|-damage|p1a: Nidoking|172/251","|-enditem|p1a: Nidoking|Life Orb|[from] move: Knock Off|[of] p2a: Uxie","|move|p1a: Nidoking|Substitute|p1a: Nidoking","|-start|p1a: Nidoking|Substitute","|-damage|p1a: Nidoking|110/251","|","|-weather|SunnyDay|[upkeep]","|turn|8","|","|move|p2a: Uxie|Psychic|p1a: Nidoking","|-supereffective|p1a: Nidoking","|-end|p1a: Nidoking|Substitute","|move|p1a: Nidoking|Sludge Wave|p2a: Uxie","|-damage|p2a: Uxie|163/248","|","|-weather|SunnyDay|[upkeep]","|-heal|p2a: Uxie|178/248|[from] item: Leftovers","|turn|9","|","|switch|p1a: Cradily|Cradily, L81, F|272/272","|-damage|p1a: Cradily|238/272|[from] Stealth Rock","|move|p2a: Uxie|Psychic|p1a: Cradily","|-damage|p1a: Cradily|171/272","|","|-weather|SunnyDay|[upkeep]","|-heal|p2a: Uxie|193/248|[from] item: Leftovers","|-heal|p1a: Cradily|188/272|[from] item: Leftovers","|turn|10","|","|move|p2a: Uxie|Knock Off|p1a: Cradily","|-damage|p1a: Cradily|141/272","|-enditem|p1a: Cradily|Leftovers|[from] move: Knock Off|[of] p2a: Uxie","|move|p1a: Cradily|Toxic|p2a: Uxie","|-status|p2a: Uxie|tox","|","|-weather|none","|-heal|p2a: Uxie|208/248 tox|[from] item: Leftovers","|-damage|p2a: Uxie|193/248 tox|[from] psn","|turn|11","|","|move|p2a: Uxie|U-turn|p1a: Cradily","|-supereffective|p1a: Cradily","|-damage|p1a: Cradily|69/272","|","|switch|p2a: Blissey|Blissey, L77, F|519/519","|move|p1a: Cradily|Stealth Rock|p2a: Blissey","|-sidestart|p2: tonyy18|move: Stealth Rock","|","|turn|12","|","|move|p2a: Blissey|Heal Bell|p2a: Blissey","|-cureteam|p2a: Blissey|[from] move: HealBell","|move|p1a: Cradily|Giga Drain|p2a: Blissey","|-damage|p2a: Blissey|471/519","|-heal|p1a: Cradily|93/272|[from] drain|[of] p2a: Blissey","|","|-heal|p2a: Blissey|503/519|[from] item: Leftovers","|turn|13","|","|move|p2a: Blissey|Wish|p2a: Blissey","|move|p1a: Cradily|Giga Drain|p2a: Blissey","|-damage|p2a: Blissey|449/519","|-heal|p1a: Cradily|120/272|[from] drain|[of] p2a: Blissey","|","|-heal|p2a: Blissey|481/519|[from] item: Leftovers","|turn|14","|","|switch|p2a: Maractus|Maractus, L83, M|260/260","|-damage|p2a: Maractus|228/260|[from] Stealth Rock","|move|p1a: Cradily|Giga Drain|p2a: Maractus","|-resisted|p2a: Maractus","|-damage|p2a: Maractus|187/260","|-heal|p1a: Cradily|141/272|[from] drain|[of] p2a: Maractus","|","|-heal|p2a: Maractus|260/260|[from] move: Wish|[wisher] Blissey","|turn|15","|","|move|p2a: Maractus|Hidden Power|p1a: Cradily","|-damage|p1a: Cradily|99/272","|move|p1a: Cradily|Toxic|p2a: Maractus","|-status|p2a: Maractus|tox","|","|-damage|p2a: Maractus|244/260 tox|[from] psn","|turn|16","|","|switch|p2a: Blissey|Blissey, L77, F|481/519","|-damage|p2a: Blissey|417/519|[from] Stealth Rock","|move|p1a: Cradily|Giga Drain|p2a: Blissey","|-damage|p2a: Blissey|360/519","|-heal|p1a: Cradily|128/272|[from] drain|[of] p2a: Blissey","|","|-heal|p2a: Blissey|392/519|[from] item: Leftovers","|turn|17","|","|move|p2a: Blissey|Heal Bell|p2a: Blissey","|-cureteam|p2a: Blissey|[from] move: HealBell","|move|p1a: Cradily|Toxic|p2a: Blissey","|-status|p2a: Blissey|tox","|","|-heal|p2a: Blissey|424/519 tox|[from] item: Leftovers","|-damage|p2a: Blissey|392/519 tox|[from] psn","|turn|18","|","|move|p2a: Blissey|Wish|p2a: Blissey","|move|p1a: Cradily|Giga Drain|p2a: Blissey","|-damage|p2a: Blissey|341/519 tox","|-heal|p1a: Cradily|154/272|[from] drain|[of] p2a: Blissey","|","|-heal|p2a: Blissey|373/519 tox|[from] item: Leftovers","|-damage|p2a: Blissey|309/519 tox|[from] psn","|turn|19","|","|switch|p2a: Stunfisk|Stunfisk, L83, M|166/317","|-damage|p2a: Stunfisk|147/317|[from] Stealth Rock","|move|p1a: Cradily|Giga Drain|p2a: Stunfisk","|-supereffective|p2a: Stunfisk","|-damage|p2a: Stunfisk|25/317","|-heal|p1a: Cradily|215/272|[from] drain|[of] p2a: Stunfisk","|","|-heal|p2a: Stunfisk|284/317|[from] move: Wish|[wisher] Blissey","|-heal|p2a: Stunfisk|303/317|[from] item: Leftovers","|turn|20","|","|move|p1a: Cradily|Giga Drain|p2a: Stunfisk","|-supereffective|p2a: Stunfisk","|-damage|p2a: Stunfisk|193/317","|-heal|p1a: Cradily|270/272|[from] drain|[of] p2a: Stunfisk","|move|p2a: Stunfisk|Toxic|p1a: Cradily","|-status|p1a: Cradily|tox","|","|-heal|p2a: Stunfisk|212/317|[from] item: Leftovers","|-damage|p1a: Cradily|253/272 tox|[from] psn","|turn|21","|","|switch|p2a: Blissey|Blissey, L77, F|309/519","|-damage|p2a: Blissey|245/519|[from] Stealth Rock","|move|p1a: Cradily|Toxic|p2a: Blissey","|-status|p2a: Blissey|tox","|","|-heal|p2a: Blissey|277/519 tox|[from] item: Leftovers","|-damage|p2a: Blissey|245/519 tox|[from] psn","|-damage|p1a: Cradily|219/272 tox|[from] psn","|turn|22","|","|move|p2a: Blissey|Wish|p2a: Blissey","|move|p1a: Cradily|Giga Drain|p2a: Blissey","|-damage|p2a: Blissey|196/519 tox","|-heal|p1a: Cradily|244/272 tox|[from] drain|[of] p2a: Blissey","|","|-heal|p2a: Blissey|228/519 tox|[from] item: Leftovers","|-damage|p2a: Blissey|164/519 tox|[from] psn","|-damage|p1a: Cradily|193/272 tox|[from] psn","|turn|23","|","|move|p2a: Blissey|Heal Bell|p2a: Blissey","|-cureteam|p2a: Blissey|[from] move: HealBell","|move|p1a: Cradily|Rock Slide|p2a: Blissey","|-damage|p2a: Blissey|0 fnt","|faint|p2a: Blissey","|","|-damage|p1a: Cradily|125/272 tox|[from] psn","|","|switch|p2a: Maractus|Maractus, L83, M|244/260","|-damage|p2a: Maractus|212/260|[from] Stealth Rock","|turn|24","|","|move|p2a: Maractus|Spiky Shield|p2a: Maractus","|-singleturn|p2a: Maractus|move: Protect","|move|p1a: Cradily|Giga Drain|p2a: Maractus","|-activate|p2a: Maractus|Protect","|","|-heal|p2a: Maractus|228/260|[from] item: Leftovers","|-damage|p1a: Cradily|40/272 tox|[from] psn","|turn|25","|","|move|p2a: Maractus|Hidden Power|p1a: Cradily","|-damage|p1a: Cradily|2/272 tox","|move|p1a: Cradily|Giga Drain|p2a: Maractus","|-resisted|p2a: Maractus","|-damage|p2a: Maractus|189/260","|-heal|p1a: Cradily|22/272 tox|[from] drain|[of] p2a: Maractus","|","|-heal|p2a: Maractus|205/260|[from] item: Leftovers","|-damage|p1a: Cradily|0 fnt|[from] psn","|faint|p1a: Cradily","|","|switch|p1a: Articuno|Articuno, L83|285/285","|-damage|p1a: Articuno|143/285|[from] Stealth Rock","|turn|26","|","|move|p1a: Articuno|Toxic|p2a: Maractus","|-status|p2a: Maractus|tox","|move|p2a: Maractus|Leech Seed|p1a: Articuno","|-start|p1a: Articuno|move: Leech Seed","|","|-heal|p1a: Articuno|160/285|[from] item: Leftovers","|-heal|p2a: Maractus|221/260 tox|[from] item: Leftovers","|-damage|p1a: Articuno|125/285|[from] Leech Seed|[of] p2a: Maractus","|-heal|p2a: Maractus|256/260 tox|[silent]","|-damage|p2a: Maractus|240/260 tox|[from] psn","|turn|27","|","|move|p1a: Articuno|Roost|p1a: Articuno","|-heal|p1a: Articuno|268/285","|move|p2a: Maractus|Hidden Power|p1a: Articuno","|-supereffective|p1a: Articuno","|-damage|p1a: Articuno|192/285","|","|-heal|p1a: Articuno|209/285|[from] item: Leftovers","|-heal|p2a: Maractus|256/260 tox|[from] item: Leftovers","|-damage|p1a: Articuno|174/285|[from] Leech Seed|[of] p2a: Maractus","|-heal|p2a: Maractus|260/260 tox|[silent]","|-damage|p2a: Maractus|228/260 tox|[from] psn","|turn|28","|","|switch|p2a: Tyranitar|Tyranitar, L75, F|274/274","|-damage|p2a: Tyranitar|240/274|[from] Stealth Rock","|-weather|Sandstorm","|move|p1a: Articuno|Substitute|p1a: Articuno","|-start|p1a: Articuno|Substitute","|-damage|p1a: Articuno|103/285","|","|-weather|Sandstorm|[upkeep]","|-damage|p1a: Articuno|86/285|[from] sandstorm","|-heal|p1a: Articuno|103/285|[from] item: Leftovers","|-damage|p1a: Articuno|68/285|[from] Leech Seed|[of] p2a: Tyranitar","|-heal|p2a: Tyranitar|274/274|[silent]","|turn|29","|","|detailschange|p2a: Tyranitar|Tyranitar-Mega, L75, F","|-mega|p2a: Tyranitar|Tyranitar|Tyranitarite","|move|p1a: Articuno|Roost|p1a: Articuno","|-heal|p1a: Articuno|211/285","|move|p2a: Tyranitar|Crunch|p1a: Articuno","|-end|p1a: Articuno|Substitute","|","|-weather|Sandstorm|[upkeep]","|-damage|p1a: Articuno|194/285|[from] sandstorm","|-heal|p1a: Articuno|211/285|[from] item: Leftovers","|-damage|p1a: Articuno|176/285|[from] Leech Seed|[of] p2a: Tyranitar","|turn|30","|","|switch|p1a: Cherrim|Cherrim, L83, M|102/252 tox","|-damage|p1a: Cherrim|71/252 tox|[from] Stealth Rock","|move|p2a: Tyranitar|Stone Edge|p1a: Cherrim","|-crit|p1a: Cherrim","|-damage|p1a: Cherrim|0 fnt","|faint|p1a: Cherrim","|","|-weather|Sandstorm|[upkeep]","|","|switch|p1a: Nidoking|Nidoking, L77, M|110/251","|-damage|p1a: Nidoking|95/251|[from] Stealth Rock","|turn|31","|","|switch|p2a: Stunfisk|Stunfisk, L83, M|212/317","|-damage|p2a: Stunfisk|193/317|[from] Stealth Rock","|move|p1a: Nidoking|Earth Power|p2a: Stunfisk","|-supereffective|p2a: Stunfisk","|-damage|p2a: Stunfisk|23/317","|","|-weather|Sandstorm|[upkeep]","|-heal|p2a: Stunfisk|42/317|[from] item: Leftovers","|turn|32","|","|move|p1a: Nidoking|Earth Power|p2a: Stunfisk","|-crit|p2a: Stunfisk","|-supereffective|p2a: Stunfisk","|-damage|p2a: Stunfisk|0 fnt","|faint|p2a: Stunfisk","|","|-weather|none","|","|switch|p2a: Uxie|Uxie, L79|193/248","|-damage|p2a: Uxie|162/248|[from] Stealth Rock","|turn|33","|","|move|p2a: Uxie|Psychic|p1a: Nidoking","|-supereffective|p1a: Nidoking","|-damage|p1a: Nidoking|0 fnt","|faint|p1a: Nidoking","|","|-heal|p2a: Uxie|177/248|[from] item: Leftovers","|","|switch|p1a: Aurorus|Aurorus, L81, F|331/331","|-damage|p1a: Aurorus|249/331|[from] Stealth Rock","|turn|34","|","|move|p2a: Uxie|Knock Off|p1a: Aurorus","|-damage|p1a: Aurorus|188/331","|-enditem|p1a: Aurorus|Leftovers|[from] move: Knock Off|[of] p2a: Uxie","|move|p1a: Aurorus|Hyper Voice|p2a: Uxie","|-damage|p2a: Uxie|86/248","|","|-heal|p2a: Uxie|101/248|[from] item: Leftovers","|turn|35","|","|move|p2a: Uxie|Psychic|p1a: Aurorus","|-damage|p1a: Aurorus|121/331","|move|p1a: Aurorus|Thunderbolt|p2a: Uxie","|-damage|p2a: Uxie|56/248","|","|-heal|p2a: Uxie|71/248|[from] item: Leftovers","|turn|36","|","|move|p2a: Uxie|Psychic|p1a: Aurorus","|-damage|p1a: Aurorus|48/331","|move|p1a: Aurorus|Hyper Voice|p2a: Uxie","|-damage|p2a: Uxie|0 fnt","|faint|p2a: Uxie","|","|","|switch|p2a: Tyranitar|Tyranitar-Mega, L75, F|274/274","|-damage|p2a: Tyranitar|240/274|[from] Stealth Rock","|-weather|Sandstorm","|turn|37","|","|move|p2a: Tyranitar|Crunch|p1a: Aurorus","|-damage|p1a: Aurorus|0 fnt","|faint|p1a: Aurorus","|","|-weather|Sandstorm|[upkeep]","|","|switch|p1a: Charizard|Charizard, L75, M|241/241","|-damage|p1a: Charizard|121/241|[from] Stealth Rock","|turn|38","|","|detailschange|p1a: Charizard|Charizard-Mega-Y, L75, M","|-mega|p1a: Charizard|Charizard|Charizardite Y","|-weather|SunnyDay","|move|p1a: Charizard|Focus Blast|p2a: Tyranitar","|-supereffective|p2a: Tyranitar","|-damage|p2a: Tyranitar|0 fnt","|faint|p2a: Tyranitar","|","|-weather|SunnyDay|[upkeep]","|","|switch|p2a: Kyurem|Kyurem, L78|323/323","|-damage|p2a: Kyurem|243/323|[from] Stealth Rock","|-ability|p2a: Kyurem|Pressure","|turn|39","|","|move|p1a: Charizard|Fire Blast|p2a: Kyurem","|-damage|p2a: Kyurem|38/323","|move|p2a: Kyurem|Dragon Pulse|p1a: Charizard","|-damage|p1a: Charizard|28/241","|","|-weather|SunnyDay|[upkeep]","|-heal|p2a: Kyurem|58/323|[from] item: Leftovers","|turn|40","|","|move|p1a: Charizard|Fire Blast|p2a: Kyurem","|-damage|p2a: Kyurem|0 fnt","|faint|p2a: Kyurem","|","|-weather|SunnyDay|[upkeep]","|","|switch|p2a: Maractus|Maractus, L83, M|228/260 tox","|-damage|p2a: Maractus|196/260 tox|[from] Stealth Rock","|turn|41","|","|move|p1a: Charizard|Fire Blast|p2a: Maractus","|-crit|p2a: Maractus","|-supereffective|p2a: Maractus","|-damage|p2a: Maractus|0 fnt","|faint|p2a: Maractus","|","|win|grenicroak"],"p1rating":{"entryid":7680164,"formatid":"randombattle","userid":"grenicroak","username":"grenicroak","r":1500,"rd":130,"sigma":0,"rpr":1537.9953273668,"rprd":122.40522176999,"rpsigma":0,"rptime":1439715600,"w":1,"l":0,"t":0,"gxe":54.7,"acre":1050.6425614861,"lacre":1050.6425614861,"oldacre":1000},"p2rating":{"entryid":"7631275","serverid":"eos","formatid":"randombattle","userid":"tonyy18","username":"tonyy18","w":"4","l":6,"t":"0","gxe":46.6,"r":"1470.4458966085","rd":"92.947745783041","sigma":"0","rptime":"1439715600","rpr":1473.6624435652,"rprd":87.766076482352,"rpsigma":"0","acre":1064.0703130217,"lacre":1064.0703130217,"oldacre":"1094.7190016338"},"endType":"normal"}