{"seed":[64133,65168,43625,63427],"turns":32,"p1":"GTX♅Inioszi","p2":"Flare fairy","p1team":[{"name":"Delibird","moves":["rapidspin","aerialace","destinybond","spikes"],"ability":"Hustle","evs":{"hp":81,"atk":89,"def":85,"spa":85,"spd":85,"spe":85},"ivs":{"hp":31,"atk":31,"def":31,"spa":31,"spd":31,"spe":31},"item":"Focus Sash","level":83,"shiny":false},{"name":"Seviper","moves":["switcheroo","gigadrain","suckerpunch","sludgewave"],"ability":"Shed Skin","evs":{"hp":85,"atk":85,"def":85,"spa":85,"spd":85,"spe":85},"ivs":{"hp":31,"atk":31,"def":31,"spa":31,"spd":31,"spe":31},"item":"Choice Scarf","level":83,"shiny":false},{"name":"Klefki","moves":["lightscreen","playrough","reflect","magnetrise"],"ability":"Prankster","evs":{"hp":85,"atk":85,"def":85,"spa":85,"spd":85,"spe":85},"ivs":{"hp":31,"atk":31,"def":31,"spa":31,"spd":31,"spe":31},"item":"Light Clay","level":75,"shiny":false},{"name":"Tyranitar","moves":["dragondance","icepunch","stoneedge","earthquake"],"ability":"Sand Stream","evs":{"hp":85,"atk":85,"def":85,"spa":85,"spd":85,"spe":85},"ivs":{"hp":31,"atk":31,"def":31,"spa":31,"spd":31,"spe":31},"item":"Tyranitarite","level":75,"shiny":false},{"name":"Kricketune","moves":["endeavor","xscissor","taunt","knockoff"],"ability":"Swarm","evs":{"hp":85,"atk":85,"def":85,"spa":85,"spd":85,"spe":85},"ivs":{"hp":31,"atk":31,"def":31,"spa":31,"spd":31,"spe":31},"item":"Focus Sash","level":83,"shiny":false},{"name":"Zygarde","moves":["outrage","earthquake","dragondance","extremespeed"],"ability":"Aura Break","evs":{"hp":85,"atk":85,"def":85,"spa":85,"spd":85,"spe":85},"ivs":{"hp":31,"atk":31,"def":31,"spa":31,"spd":31,"spe":31},"item":"Lum Berry","level":76,"shiny":false}],"p2team":[{"name":"Ursaring","moves":["swordsdance","facade","crunch","closecombat"],"ability":"Quick Feet","evs":{"hp":85,"atk":85,"def":85,"spa":85,"spd":85,"spe":85},"ivs":{"hp":31,"atk":31,"def":31,"spa":31,"spd":31,"spe":31},"item":"Toxic Orb","level":83,"shiny":false},{"name":"Hawlucha","moves":["roost","thunderpunch","acrobatics","substitute"],"ability":"Unburden","evs":{"hp":85,"atk":85,"def":85,"spa":85,"spd":85,"spe":85},"ivs":{"hp":31,"atk":31,"def":31,"spa":31,"spd":31,"spe":31},"item":"Flying Gem","level":76,"shiny":false},{"name":"Rotom-Frost","moves":["willowisp","painsplit","voltswitch","blizzard"],"ability":"Levitate","evs":{"hp":85,"atk":85,"def":85,"spa":85,"spd":85,"spe":85},"ivs":{"hp":31,"atk":31,"def":31,"spa":31,"spd":31,"spe":31},"item":"Leftovers","level":83,"shiny":false},{"name":"Mienshao","moves":["substitute","knockoff","highjumpkick","swordsdance"],"ability":"Regenerator","evs":{"hp":85,"atk":85,"def":85,"spa":85,"spd":85,"spe":85},"ivs":{"hp":31,"atk":31,"def":31,"spa":31,"spd":31,"spe":31},"item":"Leftovers","level":77,"shiny":false},{"name":"Tyrantrum","moves":["stealthrock","dragonclaw","stoneedge","firefang"],"ability":"Strong Jaw","evs":{"hp":85,"atk":85,"def":85,"spa":85,"spd":85,"spe":85},"ivs":{"hp":31,"atk":31,"def":31,"spa":31,"spd":31,"spe":31},"item":"Life Orb","level":79,"shiny":false},{"name":"Arcanine","moves":["roar","flareblitz","willowisp","extremespeed"],"ability":"Intimidate","evs":{"hp":85,"atk":85,"def":85,"spa":85,"spd":85,"spe":85},"ivs":{"hp":31,"atk":31,"def":31,"spa":31,"spd":31,"spe":31},"item":"Leftovers","level":77,"shiny":false}],"log":["|player|p1|GTX♅Inioszi|282","|player|p2|Flare fairy|143","|gametype|singles","|gen|6","|tier|Random Battle","|rated","|rule|Sleep Clause Mod: Limit one foe put to sleep","|rule|HP Percentage Mod: HP is shown in percentages","|","|start","|switch|p1a: Delibird|Delibird, L83, M|210/210","|switch|p2a: Ursaring|Ursaring, L83, F|285/285","|turn|1","|","|move|p1a: Delibird|Spikes|p2a: Ursaring","|-sidestart|p2: Flare fairy|Spikes","|move|p2a: Ursaring|Swords Dance|p2a: Ursaring","|-boost|p2a: Ursaring|atk|2","|","|-status|p2a: Ursaring|tox|[from] item: Toxic Orb","|turn|2","|","|move|p2a: Ursaring|Facade|p1a: Delibird","|-enditem|p1a: Delibird|Focus Sash","|-damage|p1a: Delibird|1/210","|move|p1a: Delibird|Destiny Bond|p1a: Delibird","|-singlemove|p1a: Delibird|Destiny Bond","|","|-damage|p2a: Ursaring|268/285 tox|[from] psn","|turn|3","|","|move|p2a: Ursaring|Swords Dance|p2a: Ursaring","|-boost|p2a: Ursaring|atk|2","|move|p1a: Delibird|Spikes|p2a: Ursaring","|-sidestart|p2: Flare fairy|Spikes","|","|-damage|p2a: Ursaring|234/285 tox|[from] psn","|turn|4","|","|move|p2a: Ursaring|Facade|p1a: Delibird","|-damage|p1a: Delibird|0 fnt","|faint|p1a: Delibird","|","|-damage|p2a: Ursaring|183/285 tox|[from] psn","|","|switch|p1a: Kricketune|Kricketune, L83, M|263/263","|turn|5","|","|move|p2a: Ursaring|Facade|p1a: Kricketune","|-enditem|p1a: Kricketune|Focus Sash","|-damage|p1a: Kricketune|1/263","|move|p1a: Kricketune|Endeavor|p2a: Ursaring","|-damage|p2a: Ursaring|1/285 tox","|","|-damage|p2a: Ursaring|0 fnt|[from] psn","|faint|p2a: Ursaring","|","|switch|p2a: Hawlucha|Hawlucha, L76, F|244/244","|turn|6","|","|switch|p1a: Klefki|Klefki, L75, F|209/209","|move|p2a: Hawlucha|Substitute|p2a: Hawlucha","|-start|p2a: Hawlucha|Substitute","|-damage|p2a: Hawlucha|183/244","|","|turn|7","|","|move|p1a: Klefki|Reflect|p1a: Klefki","|-sidestart|p1: GTX♅Inioszi|Reflect","|move|p2a: Hawlucha|Thunder Punch|p1a: Klefki","|-damage|p1a: Klefki|184/209","|","|turn|8","|","|move|p2a: Hawlucha|Thunder Punch|p1a: Klefki","|-damage|p1a: Klefki|159/209","|move|p1a: Klefki|Play Rough|p2a: Hawlucha|[miss]","|-miss|p1a: Klefki|p2a: Hawlucha","|","|turn|9","|","|move|p2a: Hawlucha|Roost|p2a: Hawlucha","|-heal|p2a: Hawlucha|244/244","|move|p1a: Klefki|Play Rough|p2a: Hawlucha","|-supereffective|p2a: Hawlucha","|-end|p2a: Hawlucha|Substitute","|","|turn|10","|","|move|p2a: Hawlucha|Substitute|p2a: Hawlucha","|-start|p2a: Hawlucha|Substitute","|-damage|p2a: Hawlucha|183/244","|move|p1a: Klefki|Play Rough|p2a: Hawlucha","|-supereffective|p2a: Hawlucha","|-end|p2a: Hawlucha|Substitute","|","|turn|11","|","|move|p2a: Hawlucha|Substitute|p2a: Hawlucha","|-start|p2a: Hawlucha|Substitute","|-damage|p2a: Hawlucha|122/244","|move|p1a: Klefki|Play Rough|p2a: Hawlucha","|-supereffective|p2a: Hawlucha","|-end|p2a: Hawlucha|Substitute","|","|turn|12","|","|switch|p2a: Arcanine|Arcanine, L77, M|265/265","|-damage|p2a: Arcanine|221/265|[from] Spikes","|-ability|p2a: Arcanine|Intimidate","|-unboost|p1a: Klefki|atk|1","|move|p1a: Klefki|Play Rough|p2a: Arcanine","|-resisted|p2a: Arcanine","|-damage|p2a: Arcanine|195/265","|-unboost|p2a: Arcanine|atk|1","|","|-heal|p2a: Arcanine|211/265|[from] item: Leftovers","|turn|13","|","|switch|p1a: Tyranitar|Tyranitar, L75, F|274/274","|-weather|Sandstorm","|move|p2a: Arcanine|Will-O-Wisp|p1a: Tyranitar","|-status|p1a: Tyranitar|brn","|","|-weather|Sandstorm|[upkeep]","|-damage|p2a: Arcanine|195/265|[from] sandstorm","|-heal|p2a: Arcanine|211/265|[from] item: Leftovers","|-damage|p1a: Tyranitar|240/274 brn|[from] brn","|turn|14","|","|switch|p2a: Rotom-Frost|Rotom-Frost, L83|219/219","|detailschange|p1a: Tyranitar|Tyranitar-Mega, L75, F","|-mega|p1a: Tyranitar|Tyranitar|Tyranitarite","|move|p1a: Tyranitar|Dragon Dance|p1a: Tyranitar","|-boost|p1a: Tyranitar|atk|1","|-boost|p1a: Tyranitar|spe|1","|","|-weather|Sandstorm|[upkeep]","|-damage|p2a: Rotom-Frost|206/219|[from] sandstorm","|-heal|p2a: Rotom-Frost|219/219|[from] item: Leftovers","|-damage|p1a: Tyranitar|206/274 brn|[from] brn","|-sideend|p1: GTX♅Inioszi|Reflect","|turn|15","|","|move|p1a: Tyranitar|Stone Edge|p2a: Rotom-Frost","|-supereffective|p2a: Rotom-Frost","|-damage|p2a: Rotom-Frost|36/219","|move|p2a: Rotom-Frost|Pain Split|p1a: Tyranitar","|-sethp|p1a: Tyranitar|121/274 brn|p2a: Rotom-Frost|121/219|[from] move: Pain Split","|","|-weather|Sandstorm|[upkeep]","|-damage|p2a: Rotom-Frost|108/219|[from] sandstorm","|-heal|p2a: Rotom-Frost|121/219|[from] item: Leftovers","|-damage|p1a: Tyranitar|87/274 brn|[from] brn","|turn|16","|","|switch|p2a: Mienshao|Mienshao, L77, F|227/227","|-damage|p2a: Mienshao|190/227|[from] Spikes","|move|p1a: Tyranitar|Stone Edge|p2a: Mienshao","|-resisted|p2a: Mienshao","|-damage|p2a: Mienshao|116/227","|","|-weather|Sandstorm|[upkeep]","|-damage|p2a: Mienshao|102/227|[from] sandstorm","|-heal|p2a: Mienshao|116/227|[from] item: Leftovers","|-damage|p1a: Tyranitar|53/274 brn|[from] brn","|turn|17","|","|switch|p2a: Rotom-Frost|Rotom-Frost, L83|121/219","|move|p1a: Tyranitar|Earthquake|p2a: Rotom-Frost","|-immune|p2a: Rotom-Frost|[msg]","|","|-weather|none","|-heal|p2a: Rotom-Frost|134/219|[from] item: Leftovers","|-damage|p1a: Tyranitar|19/274 brn|[from] brn","|turn|18","|","|move|p1a: Tyranitar|Earthquake|p2a: Rotom-Frost","|-immune|p2a: Rotom-Frost|[msg]","|move|p2a: Rotom-Frost|Volt Switch|p1a: Tyranitar","|-crit|p1a: Tyranitar","|-damage|p1a: Tyranitar|0 fnt","|faint|p1a: Tyranitar","|","|switch|p2a: Arcanine|Arcanine, L77, M|211/265","|-damage|p2a: Arcanine|167/265|[from] Spikes","|","|-heal|p2a: Arcanine|183/265|[from] item: Leftovers","|","|switch|p1a: Zygarde|Zygarde, L76|289/289","|-ability|p1a: Zygarde|Aura Break","|turn|19","|","|switch|p1a: Kricketune|Kricketune, L83, M|1/263","|move|p2a: Arcanine|Will-O-Wisp|p1a: Kricketune","|-status|p1a: Kricketune|brn","|","|-heal|p2a: Arcanine|199/265|[from] item: Leftovers","|-damage|p1a: Kricketune|0 fnt|[from] brn","|faint|p1a: Kricketune","|","|switch|p1a: Seviper|Seviper, L83, F|257/257","|turn|20","|","|move|p1a: Seviper|Switcheroo|p2a: Arcanine","|-activate|p1a: Seviper|move: Trick|[of] p2a: Arcanine","|-item|p2a: Arcanine|Choice Scarf|[from] Trick","|-item|p1a: Seviper|Leftovers|[from] Trick","|move|p2a: Arcanine|Will-O-Wisp|p1a: Seviper","|-status|p1a: Seviper|brn","|","|-damage|p1a: Seviper|225/257 brn|[from] brn","|turn|21","|","|switch|p2a: Tyrantrum|Tyrantrum, L79, F|259/259","|-damage|p2a: Tyrantrum|216/259|[from] Spikes","|move|p1a: Seviper|Sludge Wave|p2a: Tyrantrum","|-resisted|p2a: Tyrantrum","|-damage|p2a: Tyrantrum|147/259","|","|-heal|p1a: Seviper|241/257 brn|[from] item: Leftovers","|-damage|p1a: Seviper|209/257 brn|[from] brn","|turn|22","|","|move|p2a: Tyrantrum|Stealth Rock|p1a: Seviper","|-sidestart|p1: GTX♅Inioszi|move: Stealth Rock","|move|p1a: Seviper|Giga Drain|p2a: Tyrantrum","|-damage|p2a: Tyrantrum|74/259","|-heal|p1a: Seviper|246/257 brn|[from] drain|[of] p2a: Tyrantrum","|","|-heal|p1a: Seviper|257/257 brn|[from] item: Leftovers","|-damage|p1a: Seviper|225/257 brn|[from] brn","|turn|23","|","|move|p2a: Tyrantrum|Stone Edge|p1a: Seviper","|-damage|p1a: Seviper|33/257 brn","|-damage|p2a: Tyrantrum|49/259|[from] item: Life Orb","|move|p1a: Seviper|Giga Drain|p2a: Tyrantrum","|-damage|p2a: Tyrantrum|0 fnt","|-heal|p1a: Seviper|58/257 brn|[from] drain|[of] p2a: Tyrantrum","|faint|p2a: Tyrantrum","|","|-heal|p1a: Seviper|74/257 brn|[from] item: Leftovers","|-damage|p1a: Seviper|42/257 brn|[from] brn","|","|switch|p2a: Hawlucha|Hawlucha, L76, F|122/244","|turn|24","|","|move|p2a: Hawlucha|Substitute|p2a: Hawlucha","|-start|p2a: Hawlucha|Substitute","|-damage|p2a: Hawlucha|61/244","|move|p1a: Seviper|Sludge Wave|p2a: Hawlucha","|-end|p2a: Hawlucha|Substitute","|","|-heal|p1a: Seviper|58/257 brn|[from] item: Leftovers","|-damage|p1a: Seviper|26/257 brn|[from] brn","|turn|25","|","|move|p2a: Hawlucha|Roost|p2a: Hawlucha","|-heal|p2a: Hawlucha|183/244","|move|p1a: Seviper|Sludge Wave|p2a: Hawlucha","|-crit|p2a: Hawlucha","|-damage|p2a: Hawlucha|0 fnt","|faint|p2a: Hawlucha","|","|-heal|p1a: Seviper|42/257 brn|[from] item: Leftovers","|-damage|p1a: Seviper|10/257 brn|[from] brn","|","|switch|p2a: Mienshao|Mienshao, L77, F|191/227","|-damage|p2a: Mienshao|154/227|[from] Spikes","|turn|26","|","|move|p1a: Seviper|Sucker Punch|p2a: Mienshao","|-resisted|p2a: Mienshao","|-damage|p2a: Mienshao|133/227","|move|p2a: Mienshao|Knock Off|p1a: Seviper","|-damage|p1a: Seviper|0 fnt","|-enditem|p1a: Seviper|Leftovers|[from] move: Knock Off|[of] p2a: Mienshao","|faint|p1a: Seviper","|","|-heal|p2a: Mienshao|147/227|[from] item: Leftovers","|","|switch|p1a: Klefki|Klefki, L75, F|159/209","|-damage|p1a: Klefki|146/209|[from] Stealth Rock","|turn|27","|","|move|p1a: Klefki|Reflect|p1a: Klefki","|-sidestart|p1: GTX♅Inioszi|Reflect","|move|p2a: Mienshao|Swords Dance|p2a: Mienshao","|-boost|p2a: Mienshao|atk|2","|","|-heal|p2a: Mienshao|161/227|[from] item: Leftovers","|turn|28","|","|move|p2a: Mienshao|High Jump Kick|p1a: Klefki","|-damage|p1a: Klefki|4/209","|move|p1a: Klefki|Play Rough|p2a: Mienshao","|-crit|p2a: Mienshao","|-supereffective|p2a: Mienshao","|-damage|p2a: Mienshao|0 fnt","|faint|p2a: Mienshao","|","|","|switch|p2a: Arcanine|Arcanine, L77, M|199/265","|-damage|p2a: Arcanine|155/265|[from] Spikes","|-ability|p2a: Arcanine|Intimidate","|-unboost|p1a: Klefki|atk|1","|turn|29","|","|move|p1a: Klefki|Light Screen|p1a: Klefki","|-sidestart|p1: GTX♅Inioszi|move: Light Screen","|move|p2a: Arcanine|Roar|p1a: Klefki","|drag|p1a: Zygarde|Zygarde, L76|289/289","|-damage|p1a: Zygarde|271/289|[from] Stealth Rock","|-ability|p1a: Zygarde|Aura Break","|","|turn|30","|","|switch|p2a: Rotom-Frost|Rotom-Frost, L83|134/219","|move|p1a: Zygarde|Earthquake|p2a: Rotom-Frost","|-immune|p2a: Rotom-Frost|[msg]","|","|-heal|p2a: Rotom-Frost|147/219|[from] item: Leftovers","|turn|31","|","|move|p2a: Rotom-Frost|Blizzard|p1a: Zygarde","|-supereffective|p1a: Zygarde","|-damage|p1a: Zygarde|5/289","|-status|p1a: Zygarde|frz","|-enditem|p1a: Zygarde|Lum Berry|[eat]","|-curestatus|p1a: Zygarde|frz","|move|p1a: Zygarde|Outrage|p2a: Rotom-Frost","|-damage|p2a: Rotom-Frost|50/219","|","|-heal|p2a: Rotom-Frost|63/219|[from] item: Leftovers","|turn|32","|","|move|p2a: Rotom-Frost|Blizzard|p1a: Zygarde","|-supereffective|p1a: Zygarde","|-damage|p1a: Zygarde|0 fnt","|faint|p1a: Zygarde","|","|-heal|p2a: Rotom-Frost|76/219|[from] item: Leftovers","|","|switch|p1a: Klefki|Klefki, L75, F|4/209","|-damage|p1a: Klefki|0 fnt|[from] Stealth Rock","|faint|p1a: Klefki","|","|win|Flare fairy"],"p1rating":{"entryid":7672977,"formatid":"randombattle","userid":"gtxinioszi","username":"GTX♅Inioszi","r":1500,"rd":130,"sigma":0,"rpr":1459.8393856612,"rprd":122.8583080769,"rpsigma":0,"rptime":1439715600,"w":0,"l":1,"t":0,"gxe":45,"acre":1000,"lacre":1000,"oldacre":1000},"p2rating":{"entryid":7672979,"formatid":"randombattle","userid":"flarefairy","username":"Flare fairy","r":1500,"rd":130,"sigma":0,"rpr":1540.1606143388,"rprd":122.8583080769,"rpsigma":0,"rptime":1439715600,"w":1,"l":0,"t":0,"gxe":55,"acre":1040,"lacre":1040,"oldacre":1000},"endType":"normal"}