{"seed":[2095,9754,43042,11649],"turns":18,"p1":"MCSinistr0 BR","p2":"hypersonicc","p1team":[{"name":"Rhyperior","moves":["aquatail","earthquake","megahorn","stealthrock"],"ability":"Solid Rock","evs":{"hp":85,"atk":85,"def":85,"spa":85,"spd":85,"spe":85},"ivs":{"hp":31,"atk":31,"def":31,"spa":31,"spd":31,"spe":31},"item":"Leftovers","level":79,"shiny":false},{"name":"Deoxys-Speed","moves":["spikes","stealthrock","superpower","psychoboost"],"ability":"Pressure","evs":{"hp":85,"atk":85,"def":85,"spa":85,"spd":85,"spe":85},"ivs":{"hp":31,"atk":31,"def":31,"spa":31,"spd":31,"spe":31},"item":"Leftovers","level":73,"shiny":false},{"name":"Electrode","moves":["hiddenpowergrass","voltswitch","signalbeam","thunderbolt"],"ability":"Soundproof","evs":{"hp":85,"atk":85,"def":85,"spa":85,"spd":85,"spe":85},"ivs":{"hp":31,"atk":30,"def":31,"spa":30,"spd":31,"spe":31},"item":"Choice Specs","level":83,"shiny":false},{"name":"Noivern","moves":["roost","boomburst","uturn","airslash"],"ability":"Infiltrator","evs":{"hp":85,"atk":85,"def":85,"spa":85,"spd":85,"spe":85},"ivs":{"hp":31,"atk":31,"def":31,"spa":31,"spd":31,"spe":31},"item":"Life Orb","level":78,"shiny":false},{"name":"Starmie","moves":["psyshock","scald","icebeam","thunderbolt"],"ability":"Natural Cure","evs":{"hp":85,"atk":85,"def":85,"spa":85,"spd":85,"spe":85},"ivs":{"hp":31,"atk":31,"def":31,"spa":31,"spd":31,"spe":31},"item":"Choice Specs","level":75,"shiny":false},{"name":"Simisage","moves":["hiddenpowerice","focusblast","gigadrain","knockoff"],"ability":"Overgrow","evs":{"hp":85,"atk":85,"def":85,"spa":85,"spd":85,"spe":85},"ivs":{"hp":31,"atk":30,"def":30,"spa":31,"spd":31,"spe":31},"item":"Expert Belt","level":83,"shiny":false}],"p2team":[{"name":"Magmortar","moves":["substitute","earthquake","hiddenpowergrass","fireblast"],"ability":"Vital Spirit","evs":{"hp":85,"atk":85,"def":85,"spa":85,"spd":85,"spe":85},"ivs":{"hp":31,"atk":30,"def":31,"spa":30,"spd":31,"spe":31},"item":"Leftovers","level":81,"shiny":false},{"name":"Donphan","moves":["rapidspin","stoneedge","iceshard","earthquake"],"ability":"Sturdy","evs":{"hp":85,"atk":85,"def":85,"spa":85,"spd":85,"spe":85},"ivs":{"hp":31,"atk":31,"def":31,"spa":31,"spd":31,"spe":31},"item":"Assault Vest","level":77,"shiny":false},{"name":"Golem","moves":["earthquake","explosion","toxic","stealthrock"],"ability":"Sturdy","evs":{"hp":85,"atk":85,"def":85,"spa":85,"spd":85,"spe":85},"ivs":{"hp":31,"atk":31,"def":31,"spa":31,"spd":31,"spe":31},"item":"Custap Berry","level":83,"shiny":false},{"name":"Seviper","moves":["coil","poisonjab","suckerpunch","earthquake"],"ability":"Infiltrator","evs":{"hp":85,"atk":85,"def":85,"spa":85,"spd":85,"spe":85},"ivs":{"hp":31,"atk":31,"def":31,"spa":31,"spd":31,"spe":31},"item":"Life Orb","level":83,"shiny":false},{"name":"Manectric","moves":["thunderbolt","hiddenpowerice","overheat","voltswitch"],"ability":"Lightning Rod","evs":{"hp":85,"atk":85,"def":85,"spa":85,"spd":85,"spe":85},"ivs":{"hp":31,"atk":30,"def":30,"spa":31,"spd":31,"spe":31},"item":"Manectite","level":75,"shiny":false},{"name":"Lilligant","moves":["hiddenpowerfire","petaldance","quiverdance","sleeppowder"],"ability":"Own Tempo","evs":{"hp":85,"atk":85,"def":85,"spa":85,"spd":85,"spe":85},"ivs":{"hp":31,"atk":30,"def":31,"spa":30,"spd":31,"spe":30},"item":"Leftovers","level":81,"shiny":false}],"log":["|player|p1|MCSinistr0 BR|266","|player|p2|hypersonicc|101","|gametype|singles","|gen|6","|tier|Random Battle","|rated","|rule|Sleep Clause Mod: Limit one foe put to sleep","|rule|HP Percentage Mod: HP is shown in percentages","|","|start","|switch|p1a: Rhyperior|Rhyperior, L79, M|311/311","|switch|p2a: Magmortar|Magmortar, L81, M|254/254","|turn|1","|","|move|p2a: Magmortar|Hidden Power|p1a: Rhyperior","|-supereffective|p1a: Rhyperior","|-damage|p1a: Rhyperior|110/311","|move|p1a: Rhyperior|Aqua Tail|p2a: Magmortar","|-supereffective|p2a: Magmortar","|-damage|p2a: Magmortar|62/254","|","|-heal|p2a: Magmortar|77/254|[from] item: Leftovers","|-heal|p1a: Rhyperior|129/311|[from] item: Leftovers","|turn|2","|","|move|p2a: Magmortar|Hidden Power|p1a: Rhyperior","|-supereffective|p1a: Rhyperior","|-damage|p1a: Rhyperior|0 fnt","|faint|p1a: Rhyperior","|","|-heal|p2a: Magmortar|92/254|[from] item: Leftovers","|","|switch|p1a: Starmie|Starmie, L75|214/214","|turn|3","|","|move|p1a: Starmie|Scald|p2a: Magmortar","|-supereffective|p2a: Magmortar","|-damage|p2a: Magmortar|0 fnt","|faint|p2a: Magmortar","|","|","|switch|p2a: Lilligant|Lilligant, L81, F|246/246","|turn|4","|","|switch|p1a: Simisage|Simisage, L83, M|260/260","|move|p2a: Lilligant|Petal Dance|p1a: Simisage","|-resisted|p1a: Simisage","|-damage|p1a: Simisage|177/260","|","|turn|5","|","|move|p1a: Simisage|Focus Blast|p2a: Lilligant","|-damage|p2a: Lilligant|139/246","|move|p2a: Lilligant|Petal Dance|p1a: Simisage|[from]lockedmove","|-resisted|p1a: Simisage","|-damage|p1a: Simisage|87/260","|","|-heal|p2a: Lilligant|154/246|[from] item: Leftovers","|turn|6","|","|move|p1a: Simisage|Knock Off|p2a: Lilligant","|-damage|p2a: Lilligant|71/246","|-enditem|p2a: Lilligant|Leftovers|[from] move: Knock Off|[of] p1a: Simisage","|move|p2a: Lilligant|Petal Dance|p1a: Simisage|[from]lockedmove","|-resisted|p1a: Simisage","|-damage|p1a: Simisage|1/260","|-immune|p2a: Lilligant|confusion","|","|turn|7","|","|move|p1a: Simisage|Knock Off|p2a: Lilligant","|-damage|p2a: Lilligant|16/246","|move|p2a: Lilligant|Hidden Power|p1a: Simisage","|-supereffective|p1a: Simisage","|-damage|p1a: Simisage|0 fnt","|faint|p1a: Simisage","|","|","|switch|p1a: Starmie|Starmie, L75|214/214","|turn|8","|","|move|p1a: Starmie|Psyshock|p2a: Lilligant","|-damage|p2a: Lilligant|0 fnt","|faint|p2a: Lilligant","|","|","|switch|p2a: Manectric|Manectric, L75, M|229/229","|turn|9","|","|switch|p1a: Deoxys-Speed|Deoxys-Speed, L73|193/193","|-ability|p1a: Deoxys-Speed|Pressure","|detailschange|p2a: Manectric|Manectric-Mega, L75, M","|-mega|p2a: Manectric|Manectric|Manectite","|-ability|p2a: Manectric|Intimidate","|-unboost|p1a: Deoxys-Speed|atk|1","|move|p2a: Manectric|Thunderbolt|p1a: Deoxys-Speed","|-damage|p1a: Deoxys-Speed|84/193","|","|-heal|p1a: Deoxys-Speed|96/193|[from] item: Leftovers","|turn|10","|","|move|p1a: Deoxys-Speed|Psycho Boost|p2a: Manectric","|-damage|p2a: Manectric|94/229","|-unboost|p1a: Deoxys-Speed|spa|2","|move|p2a: Manectric|Thunderbolt|p1a: Deoxys-Speed","|-damage|p1a: Deoxys-Speed|0 fnt","|faint|p1a: Deoxys-Speed","|","|","|switch|p1a: Electrode|Electrode, L83|235/235","|turn|11","|","|switch|p2a: Donphan|Donphan, L77, F|265/265","|move|p1a: Electrode|Signal Beam|p2a: Donphan","|-damage|p2a: Donphan|203/265","|","|turn|12","|","|move|p1a: Electrode|Signal Beam|p2a: Donphan","|-crit|p2a: Donphan","|-damage|p2a: Donphan|107/265","|move|p2a: Donphan|Earthquake|p1a: Electrode","|-supereffective|p1a: Electrode","|-damage|p1a: Electrode|0 fnt","|faint|p1a: Electrode","|","|","|switch|p1a: Starmie|Starmie, L75|214/214","|turn|13","|","|switch|p2a: Manectric|Manectric-Mega, L75, M|94/229","|-ability|p2a: Manectric|Intimidate","|-unboost|p1a: Starmie|atk|1","|move|p1a: Starmie|Scald|p2a: Manectric","|-damage|p2a: Manectric|0 fnt","|faint|p2a: Manectric","|","|","|switch|p2a: Seviper|Seviper, L83, F|257/257","|turn|14","|","|move|p1a: Starmie|Scald|p2a: Seviper","|-damage|p2a: Seviper|118/257","|move|p2a: Seviper|Earthquake|p1a: Starmie","|-damage|p1a: Starmie|107/214","|-damage|p2a: Seviper|93/257|[from] item: Life Orb","|","|turn|15","|","|move|p1a: Starmie|Scald|p2a: Seviper","|-damage|p2a: Seviper|0 fnt","|faint|p2a: Seviper","|","|","|switch|p2a: Donphan|Donphan, L77, F|107/265","|turn|16","|","|move|p1a: Starmie|Scald|p2a: Donphan","|-supereffective|p2a: Donphan","|-damage|p2a: Donphan|0 fnt","|faint|p2a: Donphan","|","|","|switch|p2a: Golem|Golem, L83, F|268/268","|turn|17","|","|move|p1a: Starmie|Scald|p2a: Golem","|-supereffective|p2a: Golem","|-ability|p2a: Golem|Sturdy","|-damage|p2a: Golem|1/268","|move|p2a: Golem|Earthquake|p1a: Starmie","|-damage|p1a: Starmie|0 fnt","|faint|p1a: Starmie","|","|","|switch|p1a: Noivern|Noivern, L78, M|261/261","|turn|18","|-enditem|p2a: Golem|Custap Berry|[eat]","|-activate|p2a: Golem|Custap Berry","|","|move|p2a: Golem|Explosion|p1a: Noivern","|-damage|p1a: Noivern|31/261","|faint|p2a: Golem","|","|win|MCSinistr0 BR"],"p1rating":{"entryid":7670967,"formatid":"randombattle","userid":"mcsinistr0br","username":"MCSinistr0 BR","r":1500,"rd":130,"sigma":0,"rpr":1540.1606143388,"rprd":122.8583080769,"rpsigma":0,"rptime":1439715600,"w":1,"l":0,"t":0,"gxe":55,"acre":1040,"lacre":1040,"oldacre":1000},"p2rating":{"entryid":7670968,"formatid":"randombattle","userid":"hypersonicc","username":"hypersonicc","r":1500,"rd":130,"sigma":0,"rpr":1459.8393856612,"rprd":122.8583080769,"rpsigma":0,"rptime":1439715600,"w":0,"l":1,"t":0,"gxe":45,"acre":1000,"lacre":1000,"oldacre":1000},"endType":"normal"}