{"seed":[16553,28063,46150,55062],"turns":36,"p1":"Shining Yin","p2":"Accurately","p1team":[{"name":"Chansey","species":"Chansey","item":"eviolite","ability":"Natural Cure","moves":["thunderwave","softboiled","seismictoss","stealthrock"],"nature":"Bold","evs":{"hp":0,"atk":0,"def":252,"spa":0,"spd":252,"spe":4},"ivs":{"hp":31,"atk":0,"def":31,"spa":31,"spd":31,"spe":31}},{"name":"Porygon2","species":"Porygon2","item":"eviolite","ability":"Download","moves":["icebeam","hiddenpowerfire","recover","toxic"],"nature":"Calm","evs":{"hp":248,"atk":0,"def":204,"spa":0,"spd":56,"spe":0},"ivs":{"hp":31,"atk":30,"def":31,"spa":30,"spd":31,"spe":30}},{"name":"Pidgeot","species":"Pidgeot","item":"pidgeotite","ability":"Keen Eye","moves":["hurricane","heatwave","defog","roost"],"nature":"Timid","evs":{"hp":0,"atk":0,"def":0,"spa":252,"spd":4,"spe":252},"ivs":{"hp":31,"atk":0,"def":31,"spa":31,"spd":31,"spe":31}},{"name":"Staraptor","species":"Staraptor","item":"choicescarf","ability":"Reckless","moves":["bravebird","uturn","doubleedge","closecombat"],"nature":"Jolly","evs":{"hp":0,"atk":252,"def":0,"spa":0,"spd":4,"spe":252},"ivs":{"hp":31,"atk":31,"def":31,"spa":31,"spd":31,"spe":31}},{"name":"Diggersby","species":"Diggersby","item":"choiceband","ability":"Huge Power","moves":["return","earthquake","knockoff","quickattack"],"nature":"Jolly","evs":{"hp":0,"atk":252,"def":0,"spa":0,"spd":4,"spe":252},"ivs":{"hp":31,"atk":31,"def":31,"spa":31,"spd":31,"spe":31}},{"name":"Heliolisk","species":"Heliolisk","item":"lifeorb","ability":"Dry Skin","moves":["grassknot","thunderbolt","surf","voltswitch"],"nature":"Timid","evs":{"hp":0,"atk":0,"def":0,"spa":252,"spd":4,"spe":252},"ivs":{"hp":31,"atk":0,"def":31,"spa":31,"spd":31,"spe":31}}],"p2team":[{"name":"Dragalge","species":"Dragalge","item":"lumberry","ability":"Adaptability","moves":["dracometeor","toxicspikes","rest","gunkshot"],"nature":"Sassy","evs":{"hp":248,"atk":8,"def":0,"spa":0,"spd":252,"spe":0},"ivs":{"hp":31,"atk":31,"def":31,"spa":31,"spd":31,"spe":31}},{"name":"Dragonite","species":"Dragonite","item":"weaknesspolicy","ability":"Multiscale","moves":["dragonclaw","steelwing","dragondance","extremespeed"],"nature":"Adamant","evs":{"hp":0,"atk":252,"def":0,"spa":0,"spd":4,"spe":252},"ivs":{"hp":31,"atk":31,"def":31,"spa":31,"spd":31,"spe":31}},{"name":"Kingdra","species":"Kingdra","item":"lumberry","ability":"Swift Swim","moves":["dragondance","waterfall","outrage","ironhead"],"nature":"Adamant","evs":{"hp":0,"atk":252,"def":0,"spa":0,"spd":4,"spe":252},"ivs":{"hp":31,"atk":31,"def":31,"spa":31,"spd":31,"spe":31}},{"name":"Kyurem","species":"Kyurem","item":"salacberry","ability":"Pressure","moves":["earthpower","icebeam","substitute","focusblast"],"nature":"Timid","evs":{"hp":72,"atk":0,"def":0,"spa":252,"spd":0,"spe":186},"ivs":{"hp":31,"atk":30,"def":31,"spa":31,"spd":31,"spe":31}},{"name":"Noivern","species":"Noivern","item":"choicescarf","ability":"Frisk","moves":["flamethrower","dracometeor","airslash","focusblast"],"nature":"Timid","evs":{"hp":0,"atk":0,"def":0,"spa":252,"spd":4,"spe":252},"ivs":{"hp":31,"atk":31,"def":31,"spa":31,"spd":31,"spe":31}},{"name":"Tyrantrum","species":"Tyrantrum","item":"focussash","ability":"Rock Head","moves":["headsmash","dragondance","stealthrock","zenheadbutt"],"nature":"Adamant","evs":{"hp":4,"atk":252,"def":0,"spa":0,"spd":0,"spe":252},"ivs":{"hp":31,"atk":31,"def":31,"spa":31,"spd":31,"spe":31}}],"log":["|player|p1|Shining Yin|258","|player|p2|Accurately|265","|gametype|singles","|gen|6","|tier|Monotype","|rated","|rule|Baton Pass Clause: Limit one Baton Passer, can't pass Spe and other stats simultaneously","|rule|Swagger Clause: Swagger is banned","|rule|Same Type Clause: Pokémon in a team must share a type","|clearpoke","|poke|p1|Chansey, F","|poke|p1|Porygon2","|poke|p1|Pidgeot, F","|poke|p1|Staraptor, F","|poke|p1|Diggersby, F","|poke|p1|Heliolisk, F","|poke|p2|Dragalge, F","|poke|p2|Dragonite, M","|poke|p2|Kingdra, M","|poke|p2|Kyurem","|poke|p2|Noivern, F","|poke|p2|Tyrantrum, M","|rule|Sleep Clause Mod: Limit one foe put to sleep","|rule|Species Clause: Limit one of each Pokémon","|rule|OHKO Clause: OHKO moves are banned","|rule|Moody Clause: Moody is banned","|rule|Evasion Moves Clause: Evasion moves are banned","|rule|Endless Battle Clause: Forcing endless battles is banned","|rule|HP Percentage Mod: HP is shown in percentages","|teampreview","|","|start","|switch|p1a: Chansey|Chansey, F|641/641","|switch|p2a: Tyrantrum|Tyrantrum, M|306/306","|turn|1","|","|move|p2a: Tyrantrum|Stealth Rock|p1a: Chansey","|-sidestart|p1: Shining Yin|move: Stealth Rock","|move|p1a: Chansey|Thunder Wave|p2a: Tyrantrum","|-status|p2a: Tyrantrum|par","|","|turn|2","|","|move|p1a: Chansey|Stealth Rock|p2a: Tyrantrum","|-sidestart|p2: Accurately|move: Stealth Rock","|move|p2a: Tyrantrum|Head Smash|p1a: Chansey","|-damage|p1a: Chansey|254/641","|","|turn|3","|","|move|p1a: Chansey|Soft-Boiled|p1a: Chansey","|-heal|p1a: Chansey|575/641","|move|p2a: Tyrantrum|Head Smash|p1a: Chansey","|-damage|p1a: Chansey|200/641","|","|turn|4","|","|move|p1a: Chansey|Seismic Toss|p2a: Tyrantrum","|-damage|p2a: Tyrantrum|206/306 par","|cant|p2a: Tyrantrum|par","|","|turn|5","|","|move|p1a: Chansey|Seismic Toss|p2a: Tyrantrum","|-damage|p2a: Tyrantrum|106/306 par","|cant|p2a: Tyrantrum|par","|","|turn|6","|","|move|p1a: Chansey|Seismic Toss|p2a: Tyrantrum","|-damage|p2a: Tyrantrum|6/306 par","|move|p2a: Tyrantrum|Head Smash|p1a: Chansey","|-damage|p1a: Chansey|0 fnt","|faint|p1a: Chansey","|","|","|switch|p1a: Heliolisk|Heliolisk, F|265/265","|-damage|p1a: Heliolisk|232/265|[from] Stealth Rock","|turn|7","|","|move|p1a: Heliolisk|Volt Switch|p2a: Tyrantrum","|-resisted|p2a: Tyrantrum","|-damage|p2a: Tyrantrum|0 fnt","|-damage|p1a: Heliolisk|206/265|[from] item: Life Orb","|faint|p2a: Tyrantrum","|","|switch|p1a: Porygon2|Porygon2|373/373","|-damage|p1a: Porygon2|327/373|[from] Stealth Rock","|","|","|switch|p2a: Kingdra|Kingdra, M|291/291","|-damage|p2a: Kingdra|255/291|[from] Stealth Rock","|turn|8","|","|move|p2a: Kingdra|Dragon Dance|p2a: Kingdra","|-boost|p2a: Kingdra|atk|1","|-boost|p2a: Kingdra|spe|1","|move|p1a: Porygon2|Toxic|p2a: Kingdra|[miss]","|-miss|p1a: Porygon2|p2a: Kingdra","|","|turn|9","|","|switch|p1a: Heliolisk|Heliolisk, F|206/265","|-damage|p1a: Heliolisk|173/265|[from] Stealth Rock","|move|p2a: Kingdra|Dragon Dance|p2a: Kingdra","|-boost|p2a: Kingdra|atk|1","|-boost|p2a: Kingdra|spe|1","|","|turn|10","|","|move|p2a: Kingdra|Outrage|p1a: Heliolisk","|-damage|p1a: Heliolisk|0 fnt","|faint|p1a: Heliolisk","|","|","|switch|p1a: Porygon2|Porygon2|327/373","|-damage|p1a: Porygon2|281/373|[from] Stealth Rock","|-boost|p1a: Porygon2|atk|1|[from] ability: Download","|turn|11","|","|move|p2a: Kingdra|Outrage|p1a: Porygon2|[from]lockedmove","|-damage|p1a: Porygon2|77/373","|-start|p2a: Kingdra|confusion|[fatigue]","|-enditem|p2a: Kingdra|Lum Berry|[eat]","|-end|p2a: Kingdra|confusion","|move|p1a: Porygon2|Toxic|p2a: Kingdra","|-status|p2a: Kingdra|tox","|","|-damage|p2a: Kingdra|237/291 tox|[from] psn","|turn|12","|","|move|p2a: Kingdra|Dragon Dance|p2a: Kingdra","|-boost|p2a: Kingdra|atk|1","|-boost|p2a: Kingdra|spe|1","|move|p1a: Porygon2|Recover|p1a: Porygon2","|-heal|p1a: Porygon2|264/373","|","|-damage|p2a: Kingdra|201/291 tox|[from] psn","|turn|13","|","|switch|p1a: Pidgeot|Pidgeot, F|307/307","|-damage|p1a: Pidgeot|231/307|[from] Stealth Rock","|move|p2a: Kingdra|Outrage|p1a: Pidgeot","|-damage|p1a: Pidgeot|0 fnt","|faint|p1a: Pidgeot","|","|-damage|p2a: Kingdra|147/291 tox|[from] psn","|","|switch|p1a: Diggersby|Diggersby, F|311/311","|-damage|p1a: Diggersby|292/311|[from] Stealth Rock","|turn|14","|","|move|p1a: Diggersby|Quick Attack|p2a: Kingdra","|-damage|p2a: Kingdra|26/291 tox","|move|p2a: Kingdra|Outrage|p1a: Diggersby|[from]lockedmove","|-damage|p1a: Diggersby|0 fnt","|-start|p2a: Kingdra|confusion|[fatigue]","|faint|p1a: Diggersby","|","|-damage|p2a: Kingdra|0 fnt|[from] psn","|faint|p2a: Kingdra","|","|switch|p1a: Porygon2|Porygon2|264/373","|switch|p2a: Dragalge|Dragalge, F|333/333","|-damage|p1a: Porygon2|218/373|[from] Stealth Rock","|-boost|p1a: Porygon2|atk|1|[from] ability: Download","|-damage|p2a: Dragalge|292/333|[from] Stealth Rock","|turn|15","|","|move|p1a: Porygon2|Recover|p1a: Porygon2","|-heal|p1a: Porygon2|373/373","|move|p2a: Dragalge|Draco Meteor|p1a: Porygon2","|-damage|p1a: Porygon2|253/373","|-unboost|p2a: Dragalge|spa|2","|","|turn|16","|","|move|p1a: Porygon2|Recover|p1a: Porygon2","|-heal|p1a: Porygon2|373/373","|move|p2a: Dragalge|Toxic Spikes|p1a: Porygon2","|-sidestart|p1: Shining Yin|move: Toxic Spikes","|","|turn|17","|","|move|p1a: Porygon2|Ice Beam|p2a: Dragalge","|-crit|p2a: Dragalge","|-supereffective|p2a: Dragalge","|-damage|p2a: Dragalge|156/333","|move|p2a: Dragalge|Toxic Spikes|p1a: Porygon2","|-sidestart|p1: Shining Yin|move: Toxic Spikes","|","|turn|18","|","|switch|p2a: Kyurem|Kyurem|409/409","|-damage|p2a: Kyurem|307/409|[from] Stealth Rock","|-ability|p2a: Kyurem|Pressure","|move|p1a: Porygon2|Ice Beam|p2a: Kyurem","|-damage|p2a: Kyurem|231/409","|","|turn|19","|","|move|p2a: Kyurem|Substitute|p2a: Kyurem","|-start|p2a: Kyurem|Substitute","|-damage|p2a: Kyurem|129/409","|move|p1a: Porygon2|Toxic|p2a: Kyurem","|-fail|p2a: Kyurem","|","|turn|20","|","|move|p2a: Kyurem|Focus Blast|p1a: Porygon2|[miss]","|-miss|p2a: Kyurem|p1a: Porygon2","|move|p1a: Porygon2|Ice Beam|p2a: Kyurem","|-crit|p2a: Kyurem","|-end|p2a: Kyurem|Substitute","|","|turn|21","|","|move|p2a: Kyurem|Substitute|p2a: Kyurem","|-start|p2a: Kyurem|Substitute","|-damage|p2a: Kyurem|27/409","|-enditem|p2a: Kyurem|Salac Berry|[eat]","|-boost|p2a: Kyurem|spe|1|[from] item: Salac Berry","|move|p1a: Porygon2|Ice Beam|p2a: Kyurem","|-activate|p2a: Kyurem|Substitute|[damage]","|","|turn|22","|","|move|p2a: Kyurem|Focus Blast|p1a: Porygon2","|-supereffective|p1a: Porygon2","|-damage|p1a: Porygon2|195/373","|move|p1a: Porygon2|Ice Beam|p2a: Kyurem","|-end|p2a: Kyurem|Substitute","|","|turn|23","|","|move|p2a: Kyurem|Ice Beam|p1a: Porygon2","|-damage|p1a: Porygon2|107/373","|move|p1a: Porygon2|Recover|p1a: Porygon2","|-heal|p1a: Porygon2|294/373","|","|turn|24","|","|move|p2a: Kyurem|Focus Blast|p1a: Porygon2|[miss]","|-miss|p2a: Kyurem|p1a: Porygon2","|move|p1a: Porygon2|Recover|p1a: Porygon2","|-heal|p1a: Porygon2|373/373","|","|turn|25","|","|move|p2a: Kyurem|Focus Blast|p1a: Porygon2","|-supereffective|p1a: Porygon2","|-damage|p1a: Porygon2|213/373","|move|p1a: Porygon2|Recover|p1a: Porygon2","|-heal|p1a: Porygon2|373/373","|","|turn|26","|","|move|p2a: Kyurem|Focus Blast|p1a: Porygon2","|-supereffective|p1a: Porygon2","|-damage|p1a: Porygon2|215/373","|move|p1a: Porygon2|Ice Beam|p2a: Kyurem","|-damage|p2a: Kyurem|0 fnt","|faint|p2a: Kyurem","|","|","|switch|p2a: Noivern|Noivern, F|311/311","|-damage|p2a: Noivern|234/311|[from] Stealth Rock","|-item|p1a: Porygon2|Eviolite|[from] ability: Frisk|[of] p2a: Noivern|[identify]","|turn|27","|","|move|p2a: Noivern|Focus Blast|p1a: Porygon2","|-supereffective|p1a: Porygon2","|-damage|p1a: Porygon2|69/373","|move|p1a: Porygon2|Recover|p1a: Porygon2","|-heal|p1a: Porygon2|256/373","|","|turn|28","|","|move|p2a: Noivern|Focus Blast|p1a: Porygon2","|-supereffective|p1a: Porygon2","|-damage|p1a: Porygon2|104/373","|move|p1a: Porygon2|Recover|p1a: Porygon2","|-heal|p1a: Porygon2|291/373","|","|turn|29","|","|move|p2a: Noivern|Focus Blast|p1a: Porygon2","|-supereffective|p1a: Porygon2","|-damage|p1a: Porygon2|153/373","|move|p1a: Porygon2|Recover|p1a: Porygon2","|-heal|p1a: Porygon2|340/373","|","|turn|30","|","|move|p2a: Noivern|Focus Blast|p1a: Porygon2|[miss]","|-miss|p2a: Noivern|p1a: Porygon2","|move|p1a: Porygon2|Recover|p1a: Porygon2","|-heal|p1a: Porygon2|373/373","|","|turn|31","|","|move|p2a: Noivern|Focus Blast|p1a: Porygon2","|-supereffective|p1a: Porygon2","|-damage|p1a: Porygon2|227/373","|move|p1a: Porygon2|Ice Beam|p2a: Noivern","|-supereffective|p2a: Noivern","|-damage|p2a: Noivern|0 fnt","|faint|p2a: Noivern","|","|","|switch|p2a: Dragonite|Dragonite, M|323/323","|-damage|p2a: Dragonite|243/323|[from] Stealth Rock","|turn|32","|","|move|p2a: Dragonite|Dragon Dance|p2a: Dragonite","|-boost|p2a: Dragonite|atk|1","|-boost|p2a: Dragonite|spe|1","|move|p1a: Porygon2|Ice Beam|p2a: Dragonite","|-supereffective|p2a: Dragonite","|-damage|p2a: Dragonite|0 fnt","|faint|p2a: Dragonite","|","|","|switch|p2a: Dragalge|Dragalge, F|156/333","|-damage|p2a: Dragalge|115/333|[from] Stealth Rock","|turn|33","|","|move|p1a: Porygon2|Ice Beam|p2a: Dragalge","|-supereffective|p2a: Dragalge","|-damage|p2a: Dragalge|31/333","|-status|p2a: Dragalge|frz","|-enditem|p2a: Dragalge|Lum Berry|[eat]","|-curestatus|p2a: Dragalge|frz","|move|p2a: Dragalge|Rest|p2a: Dragalge","|-status|p2a: Dragalge|slp","|-heal|p2a: Dragalge|333/333 slp|[silent]","|-status|p2a: Dragalge|slp|[from] move: Rest","|","|turn|34","|","|switch|p1a: Staraptor|Staraptor, F|311/311","|-damage|p1a: Staraptor|234/311|[from] Stealth Rock","|cant|p2a: Dragalge|slp","|","|turn|35","|","|move|p1a: Staraptor|Brave Bird|p2a: Dragalge","|-damage|p2a: Dragalge|74/333 slp","|-damage|p1a: Staraptor|149/311|[from] recoil|[of] p2a: Dragalge","|cant|p2a: Dragalge|slp","|","|turn|36","|","|move|p1a: Staraptor|Brave Bird|p2a: Dragalge","|-crit|p2a: Dragalge","|-damage|p2a: Dragalge|0 fnt","|-damage|p1a: Staraptor|125/311|[from] recoil|[of] p2a: Dragalge","|faint|p2a: Dragalge","|","|win|Shining Yin"],"p1rating":{"entryid":"71235","serverid":"eos","formatid":"monotype","userid":"shiningyin","username":"Shining Yin","w":62,"l":"31","t":"0","gxe":64.5,"r":"1611.0691699868","rd":"39.913970420739","sigma":"0","rptime":"1440579600","rpr":1613.3230636403,"rprd":39.151998490795,"rpsigma":"0","acre":1206.5473930749,"lacre":1206.5473930749,"oldacre":"1194.2289354851"},"p2rating":{"entryid":"117837","serverid":"eos","formatid":"monotype","userid":"accurately","username":"Accurately","w":"0","l":2,"t":"0","gxe":40.1,"r":"1441.9922661309","rd":"124.32156021115","sigma":"0","rptime":"1440579600","rpr":1419.8780057033,"rprd":118.49976244703,"rpsigma":"0","acre":1000,"lacre":1000,"oldacre":"1000"},"endType":"normal"}