{"seed":[57278,35931,43485,52959],"turns":28,"p1":"Ready4Fredbear","p2":"Lord B33","p1team":[{"name":"Loki","species":"sableye","item":"sablenite","ability":"Prankster","moves":["calmmind","recover","willowisp","snarl"],"nature":"Bold","evs":{"hp":252,"atk":0,"def":196,"spa":0,"spd":60,"spe":0},"gender":"M","ivs":{"hp":31,"atk":31,"def":31,"spa":31,"spd":31,"spe":31}},{"name":"Sobek","species":"tyranitar","item":"leftovers","ability":"Sand Stream","moves":["stoneedge","fireblast","stealthrock","thunderwave"],"nature":"Brave","evs":{"hp":252,"atk":56,"def":0,"spa":0,"spd":200,"spe":0},"gender":"M","ivs":{"hp":31,"atk":31,"def":31,"spa":31,"spd":31,"spe":31}},{"name":"Eros","species":"hoopaunbound","item":"choicescarf","ability":"Magician","moves":["hyperspacefury","hyperspacehole","gunkshot","energyball"],"nature":"Hasty","evs":{"hp":0,"atk":180,"def":0,"spa":76,"spd":0,"spe":252},"ivs":{"hp":31,"atk":31,"def":31,"spa":31,"spd":31,"spe":31}},{"name":"Akkorokamui","species":"crawdaunt","item":"lifeorb","ability":"Adaptability","moves":["knockoff","aquajet","swordsdance","crabhammer"],"nature":"Adamant","evs":{"hp":0,"atk":252,"def":0,"spa":0,"spd":4,"spe":252},"ivs":{"hp":31,"atk":31,"def":31,"spa":31,"spd":31,"spe":31}},{"name":"Urubutsin","species":"mandibuzz","item":"rockyhelmet","ability":"Overcoat","moves":["bravebird","foulplay","roost","defog"],"nature":"Impish","evs":{"hp":248,"atk":8,"def":252,"spa":0,"spd":0,"spe":0},"ivs":{"hp":31,"atk":31,"def":31,"spa":31,"spd":31,"spe":31}},{"name":"The Golem of Vilna","species":"bisharp","item":"lumberry","ability":"Defiant","moves":["swordsdance","knockoff","ironhead","suckerpunch"],"nature":"Adamant","evs":{"hp":0,"atk":252,"def":0,"spa":0,"spd":4,"spe":252},"gender":"M","ivs":{"hp":31,"atk":31,"def":31,"spa":31,"spd":31,"spe":31}}],"p2team":[{"name":"Hippowdon","species":"Hippowdon","item":"leftovers","ability":"Sand Stream","moves":["stealthrock","whirlwind","earthquake","slackoff"],"nature":"Impish","evs":{"hp":252,"atk":4,"def":252,"spa":0,"spd":0,"spe":0},"ivs":{"hp":31,"atk":31,"def":31,"spa":31,"spd":31,"spe":31}},{"name":"Excadrill","species":"Excadrill","item":"choiceband","ability":"Sand Rush","moves":["rapidspin","earthquake","ironhead","rockslide"],"nature":"Adamant","evs":{"hp":0,"atk":252,"def":0,"spa":0,"spd":4,"spe":252},"ivs":{"hp":31,"atk":31,"def":31,"spa":31,"spd":31,"spe":31}},{"name":"Landorus","species":"Landorus","item":"lifeorb","ability":"Sheer Force","moves":["gravity","earthpower","psychic","sludgewave"],"nature":"Timid","evs":{"hp":0,"atk":0,"def":0,"spa":252,"spd":4,"spe":252},"ivs":{"hp":31,"atk":31,"def":31,"spa":31,"spd":31,"spe":31}},{"name":"Gastrodon","species":"Gastrodon","item":"leftovers","ability":"Storm Drain","moves":["toxic","recover","earthpower","scald"],"nature":"Calm","evs":{"hp":252,"atk":0,"def":0,"spa":4,"spd":252,"spe":0},"ivs":{"hp":31,"atk":31,"def":31,"spa":31,"spd":31,"spe":31}},{"name":"Diggersby","species":"Diggersby","item":"choicescarf","ability":"Huge Power","moves":["quickattack","earthquake","uturn","knockoff"],"nature":"Jolly","evs":{"hp":0,"atk":252,"def":0,"spa":0,"spd":4,"spe":252},"ivs":{"hp":31,"atk":31,"def":31,"spa":31,"spd":31,"spe":31}},{"name":"Garchomp","species":"Garchomp","item":"garchompite","ability":"Sand Veil","moves":["earthquake","fireblast","dracometeor","rockslide"],"nature":"Naughty","evs":{"hp":0,"atk":252,"def":0,"spa":8,"spd":0,"spe":248},"ivs":{"hp":31,"atk":31,"def":31,"spa":31,"spd":31,"spe":31}}],"log":["|player|p1|Ready4Fredbear|149","|player|p2|Lord B33|294","|gametype|singles","|gen|6","|tier|Monotype","|rated","|rule|Baton Pass Clause: Limit one Baton Passer, can't pass Spe and other stats simultaneously","|rule|Swagger Clause: Swagger is banned","|rule|Same Type Clause: Pokémon in a team must share a type","|clearpoke","|poke|p1|Sableye, M","|poke|p1|Tyranitar, M","|poke|p1|Hoopa-Unbound","|poke|p1|Crawdaunt, M","|poke|p1|Mandibuzz, F","|poke|p1|Bisharp, M","|poke|p2|Hippowdon, M","|poke|p2|Excadrill, F","|poke|p2|Landorus, M","|poke|p2|Gastrodon, F","|poke|p2|Diggersby, M","|poke|p2|Garchomp, F","|rule|Sleep Clause Mod: Limit one foe put to sleep","|rule|Species Clause: Limit one of each Pokémon","|rule|OHKO Clause: OHKO moves are banned","|rule|Moody Clause: Moody is banned","|rule|Evasion Moves Clause: Evasion moves are banned","|rule|Endless Battle Clause: Forcing endless battles is banned","|rule|HP Percentage Mod: HP is shown in percentages","|teampreview","|","|start","|switch|p1a: Loki|Sableye, M|304/304","|switch|p2a: Diggersby|Diggersby, M|311/311","|turn|1","|","|switch|p2a: Hippowdon|Hippowdon, M|420/420","|-weather|Sandstorm","|move|p1a: Loki|Calm Mind|p1a: Loki","|-boost|p1a: Loki|spa|1","|-boost|p1a: Loki|spd|1","|","|-weather|Sandstorm|[upkeep]","|-damage|p1a: Loki|285/304|[from] sandstorm","|turn|2","|","|move|p1a: Loki|Calm Mind|p1a: Loki","|-boost|p1a: Loki|spa|1","|-boost|p1a: Loki|spd|1","|move|p2a: Hippowdon|Whirlwind|p1a: Loki","|drag|p1a: Eros|Hoopa-Unbound|301/301","|","|-weather|Sandstorm|[upkeep]","|-damage|p1a: Eros|283/301|[from] sandstorm","|turn|3","|","|move|p1a: Eros|Energy Ball|p2a: Hippowdon","|-supereffective|p2a: Hippowdon","|-damage|p2a: Hippowdon|138/420","|move|p2a: Hippowdon|Earthquake|p1a: Eros","|-damage|p1a: Eros|49/301","|","|-weather|Sandstorm|[upkeep]","|-damage|p1a: Eros|31/301|[from] sandstorm","|-heal|p2a: Hippowdon|164/420|[from] item: Leftovers","|turn|4","|","|switch|p2a: Excadrill|Excadrill, F|361/361","|move|p1a: Eros|Energy Ball|p2a: Excadrill","|-damage|p2a: Excadrill|205/361","|","|-weather|Sandstorm|[upkeep]","|-damage|p1a: Eros|13/301|[from] sandstorm","|turn|5","|","|switch|p1a: Urubutsin|Mandibuzz, F|423/423","|move|p2a: Excadrill|Iron Head|p1a: Urubutsin","|-damage|p1a: Urubutsin|261/423","|-damage|p2a: Excadrill|145/361|[from] item: Rocky Helmet|[of] p1a: Urubutsin","|","|-weather|none","|turn|6","|","|switch|p2a: Hippowdon|Hippowdon, M|164/420","|-weather|Sandstorm","|move|p1a: Urubutsin|Roost|p1a: Urubutsin","|-heal|p1a: Urubutsin|423/423","|","|-weather|Sandstorm|[upkeep]","|-heal|p2a: Hippowdon|190/420|[from] item: Leftovers","|turn|7","|","|move|p1a: Urubutsin|Foul Play|p2a: Hippowdon","|-damage|p2a: Hippowdon|115/420","|move|p2a: Hippowdon|Slack Off|p2a: Hippowdon","|-heal|p2a: Hippowdon|325/420","|","|-weather|Sandstorm|[upkeep]","|-heal|p2a: Hippowdon|351/420|[from] item: Leftovers","|turn|8","|","|move|p1a: Urubutsin|Foul Play|p2a: Hippowdon","|-damage|p2a: Hippowdon|278/420","|move|p2a: Hippowdon|Stealth Rock|p1a: Urubutsin","|-sidestart|p1: Ready4Fredbear|move: Stealth Rock","|","|-weather|Sandstorm|[upkeep]","|-heal|p2a: Hippowdon|304/420|[from] item: Leftovers","|turn|9","|","|switch|p2a: Landorus|Landorus, M|319/319","|move|p1a: Urubutsin|Defog|p2a: Landorus","|-unboost|p2a: Landorus|evasion|1","|-sideend|p1: Ready4Fredbear|Stealth Rock|[from] move: Defog|[of] p1a: Urubutsin","|","|-weather|Sandstorm|[upkeep]","|turn|10","|","|move|p2a: Landorus|Gravity|p2a: Landorus","|-fieldstart|move: Gravity","|move|p1a: Urubutsin|Brave Bird|p2a: Landorus","|-damage|p2a: Landorus|216/319","|-damage|p1a: Urubutsin|389/423|[from] recoil|[of] p2a: Landorus","|","|-weather|none","|turn|11","|","|move|p2a: Landorus|Earth Power|p1a: Urubutsin","|-damage|p1a: Urubutsin|142/423","|move|p1a: Urubutsin|Roost|p1a: Urubutsin","|-heal|p1a: Urubutsin|354/423","|","|turn|12","|","|move|p2a: Landorus|Earth Power|p1a: Urubutsin","|-damage|p1a: Urubutsin|76/423","|move|p1a: Urubutsin|Roost|p1a: Urubutsin","|-heal|p1a: Urubutsin|288/423","|","|turn|13","|","|move|p2a: Landorus|Earth Power|p1a: Urubutsin","|-damage|p1a: Urubutsin|41/423","|move|p1a: Urubutsin|Roost|p1a: Urubutsin","|-heal|p1a: Urubutsin|253/423","|","|turn|14","|","|move|p2a: Landorus|Earth Power|p1a: Urubutsin","|-damage|p1a: Urubutsin|7/423","|move|p1a: Urubutsin|Roost|p1a: Urubutsin","|-heal|p1a: Urubutsin|219/423","|","|-fieldend|move: Gravity","|turn|15","|","|move|p2a: Landorus|Gravity|p2a: Landorus","|-fieldstart|move: Gravity","|move|p1a: Urubutsin|Roost|p1a: Urubutsin","|-heal|p1a: Urubutsin|423/423","|","|turn|16","|","|move|p2a: Landorus|Earth Power|p1a: Urubutsin","|-damage|p1a: Urubutsin|153/423","|move|p1a: Urubutsin|Roost|p1a: Urubutsin","|-heal|p1a: Urubutsin|365/423","|","|turn|17","|","|move|p2a: Landorus|Earth Power|p1a: Urubutsin","|-damage|p1a: Urubutsin|110/423","|move|p1a: Urubutsin|Roost|p1a: Urubutsin","|-heal|p1a: Urubutsin|322/423","|","|turn|18","|","|move|p2a: Landorus|Earth Power|p1a: Urubutsin","|-damage|p1a: Urubutsin|45/423","|move|p1a: Urubutsin|Roost|p1a: Urubutsin","|-heal|p1a: Urubutsin|257/423","|","|turn|19","|","|move|p2a: Landorus|Earth Power|p1a: Urubutsin","|-damage|p1a: Urubutsin|6/423","|move|p1a: Urubutsin|Roost|p1a: Urubutsin","|-heal|p1a: Urubutsin|218/423","|","|-fieldend|move: Gravity","|turn|20","|","|move|p2a: Landorus|Gravity|p2a: Landorus","|-fieldstart|move: Gravity","|move|p1a: Urubutsin|Brave Bird|p2a: Landorus","|-damage|p2a: Landorus|108/319","|-damage|p1a: Urubutsin|182/423|[from] recoil|[of] p2a: Landorus","|","|turn|21","|","|move|p2a: Landorus|Earth Power|p1a: Urubutsin","|-damage|p1a: Urubutsin|0 fnt","|faint|p1a: Urubutsin","|","|","|switch|p1a: Akkorokamui|Crawdaunt, M|267/267","|turn|22","|","|move|p1a: Akkorokamui|Aqua Jet|p2a: Landorus","|-supereffective|p2a: Landorus","|-damage|p2a: Landorus|0 fnt","|-damage|p1a: Akkorokamui|241/267|[from] item: Life Orb","|faint|p2a: Landorus","|","|","|switch|p2a: Gastrodon|Gastrodon, F|426/426","|turn|23","|","|move|p1a: Akkorokamui|Swords Dance|p1a: Akkorokamui","|-boost|p1a: Akkorokamui|atk|2","|move|p2a: Gastrodon|Scald|p1a: Akkorokamui","|-resisted|p1a: Akkorokamui","|-damage|p1a: Akkorokamui|173/267","|-status|p1a: Akkorokamui|brn","|","|-damage|p1a: Akkorokamui|140/267 brn|[from] brn","|turn|24","|","|move|p1a: Akkorokamui|Knock Off|p2a: Gastrodon","|-damage|p2a: Gastrodon|0 fnt","|-enditem|p2a: Gastrodon|Leftovers|[from] move: Knock Off|[of] p1a: Akkorokamui","|-damage|p1a: Akkorokamui|114/267 brn|[from] item: Life Orb","|faint|p2a: Gastrodon","|","|-damage|p1a: Akkorokamui|81/267 brn|[from] brn","|-fieldend|move: Gravity","|","|switch|p2a: Diggersby|Diggersby, M|311/311","|turn|25","|","|move|p2a: Diggersby|Quick Attack|p1a: Akkorokamui","|-damage|p1a: Akkorokamui|0 fnt","|faint|p1a: Akkorokamui","|","|","|switch|p1a: The Golem of Vilna|Bisharp, M|271/271","|turn|26","|","|switch|p2a: Hippowdon|Hippowdon, M|304/420","|-weather|Sandstorm","|move|p1a: The Golem of Vilna|Swords Dance|p1a: The Golem of Vilna","|-boost|p1a: The Golem of Vilna|atk|2","|","|-weather|Sandstorm|[upkeep]","|-heal|p2a: Hippowdon|330/420|[from] item: Leftovers","|turn|27","|","|move|p1a: The Golem of Vilna|Iron Head|p2a: Hippowdon","|-damage|p2a: Hippowdon|141/420","|move|p2a: Hippowdon|Earthquake|p1a: The Golem of Vilna","|-crit|p1a: The Golem of Vilna","|-supereffective|p1a: The Golem of Vilna","|-damage|p1a: The Golem of Vilna|0 fnt","|faint|p1a: The Golem of Vilna","|","|-weather|Sandstorm|[upkeep]","|-heal|p2a: Hippowdon|167/420|[from] item: Leftovers","|","|switch|p1a: Eros|Hoopa-Unbound|13/301","|turn|28","|","|win|Lord B33"],"p1rating":{"entryid":"393868","serverid":"eos","formatid":"monotype","userid":"ready4fredbear","username":"Ready4Fredbear?","w":"4","l":8,"t":"0","gxe":40.8,"r":1443.5906334326,"rd":85.592013307822,"sigma":"0","rptime":1440579600,"rpr":1427.8029145457,"rprd":83.500983658909,"rpsigma":"0","acre":1023.6110055095,"lacre":1023.6110055095,"oldacre":"1039.2556652522"},"p2rating":{"entryid":"474330","serverid":"eos","formatid":"monotype","userid":"lordb33","username":"Lord B33","w":2,"l":"0","t":"0","gxe":58.7,"r":1540.1606143388,"rd":122.8583080769,"sigma":"0","rptime":1440579600,"rpr":1569.7080770206,"rprd":116.57964953502,"rpsigma":"0","acre":1077.3862591017,"lacre":1077.3862591017,"oldacre":"1044.584930701"},"endType":"forfeit"}