{"seed":[30258,54807,41131,35196],"turns":31,"p1":"Axis WillWolf","p2":"Emg GL Test Tech","p1team":[{"name":"Gliscor","species":"Gliscor","item":"toxicorb","ability":"Poison Heal","moves":["protect","earthquake","toxic","roost"],"nature":"Impish","evs":{"hp":248,"atk":0,"def":188,"spa":0,"spd":0,"spe":72},"ivs":{"hp":31,"atk":31,"def":31,"spa":31,"spd":31,"spe":31}},{"name":"Skarmory","species":"Skarmory","item":"leftovers","ability":"Sturdy","moves":["bravebird","roost","stealthrock","roar"],"nature":"Impish","evs":{"hp":252,"atk":0,"def":232,"spa":0,"spd":0,"spe":24},"ivs":{"hp":31,"atk":31,"def":31,"spa":31,"spd":31,"spe":31}},{"name":"Gyarados","species":"Gyarados","item":"gyaradosite","ability":"Intimidate","moves":["dragondance","waterfall","earthquake","icefang"],"nature":"Adamant","evs":{"hp":8,"atk":252,"def":60,"spa":0,"spd":8,"spe":180},"ivs":{"hp":31,"atk":31,"def":31,"spa":31,"spd":31,"spe":31}},{"name":"Salamence","species":"Salamence","item":"choicescarf","ability":"Moxie","moves":["outrage","fireblast","earthquake","aquatail"],"nature":"Hasty","evs":{"hp":0,"atk":252,"def":0,"spa":4,"spd":0,"spe":252},"ivs":{"hp":31,"atk":31,"def":31,"spa":31,"spd":31,"spe":31}},{"name":"Thundurus-Therian","species":"Thundurus-Therian","item":"lifeorb","ability":"Volt Absorb","moves":["thunderbolt","hiddenpowerice","sludgebomb","darkpulse"],"nature":"Timid","evs":{"hp":0,"atk":0,"def":0,"spa":252,"spd":4,"spe":252},"ivs":{"hp":31,"atk":30,"def":30,"spa":31,"spd":31,"spe":31}},{"name":"Tornadus-Therian","species":"Tornadus-Therian","item":"lifeorb","ability":"Regenerator","moves":["hurricane","darkpulse","hiddenpowerfighting","uturn"],"nature":"Hasty","evs":{"hp":0,"atk":4,"def":0,"spa":252,"spd":0,"spe":252},"ivs":{"hp":31,"atk":31,"def":30,"spa":30,"spd":30,"spe":30}}],"p2team":[{"name":"FingerTrap","species":"hoopaunbound","item":"lifeorb","ability":"Magician","moves":["gunkshot","focusblast","psychic","hyperspacefury"],"nature":"Hasty","evs":{"hp":0,"atk":88,"def":0,"spa":168,"spd":0,"spe":252},"ivs":{"hp":31,"atk":31,"def":31,"spa":31,"spd":31,"spe":31}},{"name":"Gallade","species":"Gallade","item":"galladite","ability":"Steadfast","moves":["drainpunch","swordsdance","willowisp","shadowsneak"],"nature":"Jolly","evs":{"hp":4,"atk":252,"def":0,"spa":0,"spd":0,"spe":252},"ivs":{"hp":31,"atk":31,"def":31,"spa":31,"spd":31,"spe":31}},{"name":"Latios","species":"Latios","item":"choicescarf","ability":"Levitate","moves":["dracometeor","trick","psychic","defog"],"nature":"Timid","evs":{"hp":0,"atk":0,"def":0,"spa":252,"spd":4,"spe":252},"ivs":{"hp":31,"atk":31,"def":31,"spa":31,"spd":31,"spe":31}},{"name":"Miracle eye","species":"jirachi","item":"leftovers","ability":"Serene Grace","moves":["thunderwave","ironhead","healingwish","substitute"],"nature":"Careful","evs":{"hp":248,"atk":0,"def":0,"spa":0,"spd":228,"spe":32},"ivs":{"hp":31,"atk":31,"def":31,"spa":31,"spd":31,"spe":31}},{"name":"Bulky ORB","species":"deoxysdefense","item":"leftovers","ability":"Pressure","moves":["nightshade","recover","cosmicpower","toxic"],"nature":"Careful","evs":{"hp":252,"atk":0,"def":128,"spa":0,"spd":128,"spe":0},"ivs":{"hp":31,"atk":31,"def":31,"spa":31,"spd":31,"spe":31}},{"name":"No Duh !!!","species":"slowbro","item":"leftovers","ability":"Regenerator","moves":["scald","slackoff","fireblast","yawn"],"nature":"Bold","evs":{"hp":252,"atk":0,"def":200,"spa":0,"spd":56,"spe":0},"ivs":{"hp":31,"atk":31,"def":31,"spa":31,"spd":31,"spe":31}}],"log":["|player|p1|Axis WillWolf|54","|player|p2|Emg GL Test Tech|149","|gametype|singles","|gen|6","|tier|Monotype","|rated","|rule|Baton Pass Clause: Limit one Baton Passer, can't pass Spe and other stats simultaneously","|rule|Swagger Clause: Swagger is banned","|rule|Same Type Clause: Pokémon in a team must share a type","|clearpoke","|poke|p1|Gliscor, F","|poke|p1|Skarmory, F","|poke|p1|Gyarados, F","|poke|p1|Salamence, F","|poke|p1|Thundurus-Therian, M","|poke|p1|Tornadus-Therian, M","|poke|p2|Hoopa-Unbound","|poke|p2|Gallade, M","|poke|p2|Latios, M","|poke|p2|Jirachi","|poke|p2|Deoxys-Defense","|poke|p2|Slowbro, M","|rule|Sleep Clause Mod: Limit one foe put to sleep","|rule|Species Clause: Limit one of each Pokémon","|rule|OHKO Clause: OHKO moves are banned","|rule|Moody Clause: Moody is banned","|rule|Evasion Moves Clause: Evasion moves are banned","|rule|Endless Battle Clause: Forcing endless battles is banned","|rule|HP Percentage Mod: HP is shown in percentages","|teampreview","|","|start","|switch|p1a: Tornadus-Therian|Tornadus-Therian, M|299/299","|switch|p2a: Gallade|Gallade, M|278/278","|turn|1","|","|switch|p2a: Miracle eye|Jirachi|403/403","|move|p1a: Tornadus-Therian|Hurricane|p2a: Miracle eye","|-resisted|p2a: Miracle eye","|-damage|p2a: Miracle eye|316/403","|-start|p2a: Miracle eye|confusion","|-damage|p1a: Tornadus-Therian|270/299|[from] item: Life Orb","|","|-heal|p2a: Miracle eye|341/403|[from] item: Leftovers","|turn|2","|","|move|p1a: Tornadus-Therian|U-turn|p2a: Miracle eye","|-damage|p2a: Miracle eye|262/403","|-damage|p1a: Tornadus-Therian|241/299|[from] item: Life Orb","|","|switch|p1a: Skarmory|Skarmory, F|334/334","|-activate|p2a: Miracle eye|confusion","|-damage|p2a: Miracle eye|232/403|[from] confusion","|","|-heal|p2a: Miracle eye|257/403|[from] item: Leftovers","|turn|3","|","|switch|p2a: Gallade|Gallade, M|278/278","|move|p1a: Skarmory|Stealth Rock|p2a: Gallade","|-sidestart|p2: Emg GL Test Tech|move: Stealth Rock","|","|turn|4","|","|detailschange|p2a: Gallade|Gallade-Mega, M","|-mega|p2a: Gallade|Gallade|Galladite","|move|p2a: Gallade|Swords Dance|p2a: Gallade","|-boost|p2a: Gallade|atk|2","|move|p1a: Skarmory|Brave Bird|p2a: Gallade","|-supereffective|p2a: Gallade","|-damage|p2a: Gallade|12/278","|-damage|p1a: Skarmory|246/334|[from] recoil|[of] p2a: Gallade","|","|-heal|p1a: Skarmory|266/334|[from] item: Leftovers","|turn|5","|","|move|p2a: Gallade|Drain Punch|p1a: Skarmory","|-damage|p1a: Skarmory|94/334","|-heal|p2a: Gallade|98/278|[from] drain|[of] p1a: Skarmory","|move|p1a: Skarmory|Roost|p1a: Skarmory","|-heal|p1a: Skarmory|261/334","|","|-heal|p1a: Skarmory|281/334|[from] item: Leftovers","|turn|6","|","|move|p2a: Gallade|Will-O-Wisp|p1a: Skarmory","|-status|p1a: Skarmory|brn","|move|p1a: Skarmory|Brave Bird|p2a: Gallade","|-supereffective|p2a: Gallade","|-damage|p2a: Gallade|0 fnt","|-damage|p1a: Skarmory|249/334 brn|[from] recoil|[of] p2a: Gallade","|faint|p2a: Gallade","|","|-heal|p1a: Skarmory|269/334 brn|[from] item: Leftovers","|-damage|p1a: Skarmory|228/334 brn|[from] brn","|","|switch|p2a: Latios|Latios, M|301/301","|-damage|p2a: Latios|264/301|[from] Stealth Rock","|turn|7","|","|move|p2a: Latios|Defog|p1a: Skarmory","|-unboost|p1a: Skarmory|evasion|1","|-sideend|p2: Emg GL Test Tech|Stealth Rock|[from] move: Defog|[of] p2a: Latios","|move|p1a: Skarmory|Roar|p2a: Latios","|drag|p2a: FingerTrap|Hoopa-Unbound|301/301","|","|-heal|p1a: Skarmory|248/334 brn|[from] item: Leftovers","|-damage|p1a: Skarmory|207/334 brn|[from] brn","|turn|8","|","|move|p2a: FingerTrap|Focus Blast|p1a: Skarmory","|-damage|p1a: Skarmory|0 fnt","|-damage|p2a: FingerTrap|271/301|[from] item: Life Orb","|faint|p1a: Skarmory","|","|","|switch|p1a: Tornadus-Therian|Tornadus-Therian, M|299/299","|turn|9","|","|switch|p2a: No Duh !!!|Slowbro, M|394/394","|move|p1a: Tornadus-Therian|U-turn|p2a: No Duh !!!","|-supereffective|p2a: No Duh !!!","|-damage|p2a: No Duh !!!|293/394","|-damage|p1a: Tornadus-Therian|270/299|[from] item: Life Orb","|","|switch|p1a: Thundurus-Therian|Thundurus-Therian, M|299/299","|","|-heal|p2a: No Duh !!!|317/394|[from] item: Leftovers","|turn|10","|","|switch|p2a: Latios|Latios, M|264/301","|move|p1a: Thundurus-Therian|Thunderbolt|p2a: Latios","|-resisted|p2a: Latios","|-damage|p2a: Latios|163/301","|-damage|p1a: Thundurus-Therian|270/299|[from] item: Life Orb","|","|turn|11","|","|move|p2a: Latios|Draco Meteor|p1a: Thundurus-Therian","|-damage|p1a: Thundurus-Therian|0 fnt","|-unboost|p2a: Latios|spa|2","|faint|p1a: Thundurus-Therian","|","|","|switch|p1a: Salamence|Salamence, F|331/331","|turn|12","|","|switch|p2a: Miracle eye|Jirachi|257/403","|move|p1a: Salamence|Outrage|p2a: Miracle eye","|-resisted|p2a: Miracle eye","|-damage|p2a: Miracle eye|153/403","|","|-heal|p2a: Miracle eye|178/403|[from] item: Leftovers","|turn|13","|","|move|p1a: Salamence|Outrage|p2a: Miracle eye|[from]lockedmove","|-crit|p2a: Miracle eye","|-resisted|p2a: Miracle eye","|-damage|p2a: Miracle eye|23/403","|-start|p1a: Salamence|confusion|[fatigue]","|move|p2a: Miracle eye|Thunder Wave|p1a: Salamence","|-status|p1a: Salamence|par","|","|-heal|p2a: Miracle eye|48/403|[from] item: Leftovers","|turn|14","|","|move|p2a: Miracle eye|Iron Head|p1a: Salamence","|-damage|p1a: Salamence|205/331 par","|cant|p1a: Salamence|flinch","|","|-heal|p2a: Miracle eye|73/403|[from] item: Leftovers","|turn|15","|","|move|p2a: Miracle eye|Iron Head|p1a: Salamence","|-damage|p1a: Salamence|87/331 par","|-activate|p1a: Salamence|confusion","|move|p1a: Salamence|Outrage|p2a: Miracle eye","|-resisted|p2a: Miracle eye","|-damage|p2a: Miracle eye|0 fnt","|faint|p2a: Miracle eye","|-boost|p1a: Salamence|atk|1|[from] ability: Moxie","|","|","|switch|p2a: Bulky ORB|Deoxys-Defense|304/304","|-ability|p2a: Bulky ORB|Pressure","|turn|16","|","|move|p2a: Bulky ORB|Night Shade|p1a: Salamence","|-damage|p1a: Salamence|0 fnt","|faint|p1a: Salamence","|","|","|switch|p1a: Gyarados|Gyarados, F|333/333","|-ability|p1a: Gyarados|Intimidate","|-unboost|p2a: Bulky ORB|atk|1","|turn|17","|","|detailschange|p1a: Gyarados|Gyarados-Mega, F","|-mega|p1a: Gyarados|Gyarados|Gyaradosite","|-ability|p1a: Gyarados|Mold Breaker","|move|p1a: Gyarados|Waterfall|p2a: Bulky ORB","|-damage|p2a: Bulky ORB|196/304","|cant|p2a: Bulky ORB|flinch","|","|-heal|p2a: Bulky ORB|215/304|[from] item: Leftovers","|turn|18","|","|move|p1a: Gyarados|Waterfall|p2a: Bulky ORB","|-damage|p2a: Bulky ORB|104/304","|move|p2a: Bulky ORB|Toxic|p1a: Gyarados","|-status|p1a: Gyarados|tox","|","|-heal|p2a: Bulky ORB|123/304|[from] item: Leftovers","|-damage|p1a: Gyarados|313/333 tox|[from] psn","|turn|19","|","|move|p1a: Gyarados|Dragon Dance|p1a: Gyarados","|-boost|p1a: Gyarados|atk|1","|-boost|p1a: Gyarados|spe|1","|move|p2a: Bulky ORB|Recover|p2a: Bulky ORB","|-heal|p2a: Bulky ORB|275/304","|","|-heal|p2a: Bulky ORB|294/304|[from] item: Leftovers","|-damage|p1a: Gyarados|273/333 tox|[from] psn","|turn|20","|","|switch|p2a: No Duh !!!|Slowbro, M|394/394","|move|p1a: Gyarados|Dragon Dance|p1a: Gyarados","|-boost|p1a: Gyarados|atk|1","|-boost|p1a: Gyarados|spe|1","|","|-damage|p1a: Gyarados|213/333 tox|[from] psn","|turn|21","|","|move|p1a: Gyarados|Earthquake|p2a: No Duh !!!","|-damage|p2a: No Duh !!!|168/394","|move|p2a: No Duh !!!|Scald|p1a: Gyarados","|-resisted|p1a: Gyarados","|-damage|p1a: Gyarados|178/333 tox","|","|-heal|p2a: No Duh !!!|192/394|[from] item: Leftovers","|-damage|p1a: Gyarados|98/333 tox|[from] psn","|turn|22","|","|switch|p2a: Bulky ORB|Deoxys-Defense|294/304","|-ability|p2a: Bulky ORB|Pressure","|move|p1a: Gyarados|Earthquake|p2a: Bulky ORB","|-crit|p2a: Bulky ORB","|-damage|p2a: Bulky ORB|42/304","|","|-heal|p2a: Bulky ORB|61/304|[from] item: Leftovers","|-damage|p1a: Gyarados|0 fnt|[from] psn","|faint|p1a: Gyarados","|","|switch|p1a: Tornadus-Therian|Tornadus-Therian, M|299/299","|turn|23","|","|move|p1a: Tornadus-Therian|U-turn|p2a: Bulky ORB","|-supereffective|p2a: Bulky ORB","|-damage|p2a: Bulky ORB|0 fnt","|-damage|p1a: Tornadus-Therian|270/299|[from] item: Life Orb","|faint|p2a: Bulky ORB","|","|switch|p1a: Gliscor|Gliscor, F|353/353","|","|-status|p1a: Gliscor|tox|[from] item: Toxic Orb","|","|switch|p2a: FingerTrap|Hoopa-Unbound|271/301","|turn|24","|","|move|p2a: FingerTrap|Psychic|p1a: Gliscor","|-crit|p1a: Gliscor","|-damage|p1a: Gliscor|0 fnt","|-damage|p2a: FingerTrap|241/301|[from] item: Life Orb","|faint|p1a: Gliscor","|","|","|switch|p1a: Tornadus-Therian|Tornadus-Therian, M|299/299","|turn|25","|","|switch|p2a: No Duh !!!|Slowbro, M|323/394","|move|p1a: Tornadus-Therian|U-turn|p2a: No Duh !!!","|-supereffective|p2a: No Duh !!!","|-damage|p2a: No Duh !!!|222/394","|-damage|p1a: Tornadus-Therian|270/299|[from] item: Life Orb","|","|-heal|p2a: No Duh !!!|246/394|[from] item: Leftovers","|turn|26","|","|switch|p2a: FingerTrap|Hoopa-Unbound|241/301","|move|p1a: Tornadus-Therian|Dark Pulse|p2a: FingerTrap","|-damage|p2a: FingerTrap|150/301","|-damage|p1a: Tornadus-Therian|241/299|[from] item: Life Orb","|","|turn|27","|","|switch|p2a: No Duh !!!|Slowbro, M|377/394","|move|p1a: Tornadus-Therian|U-turn|p2a: No Duh !!!","|-supereffective|p2a: No Duh !!!","|-damage|p2a: No Duh !!!|265/394","|-damage|p1a: Tornadus-Therian|212/299|[from] item: Life Orb","|","|-heal|p2a: No Duh !!!|289/394|[from] item: Leftovers","|turn|28","|","|switch|p2a: FingerTrap|Hoopa-Unbound|150/301","|move|p1a: Tornadus-Therian|U-turn|p2a: FingerTrap","|-supereffective|p2a: FingerTrap","|-damage|p2a: FingerTrap|0 fnt","|-damage|p1a: Tornadus-Therian|183/299|[from] item: Life Orb","|faint|p2a: FingerTrap","|","|","|switch|p2a: No Duh !!!|Slowbro, M|394/394","|turn|29","|","|move|p1a: Tornadus-Therian|Dark Pulse|p2a: No Duh !!!","|-supereffective|p2a: No Duh !!!","|-damage|p2a: No Duh !!!|152/394","|-damage|p1a: Tornadus-Therian|154/299|[from] item: Life Orb","|cant|p2a: No Duh !!!|flinch","|","|-heal|p2a: No Duh !!!|176/394|[from] item: Leftovers","|turn|30","|","|move|p1a: Tornadus-Therian|Dark Pulse|p2a: No Duh !!!","|-supereffective|p2a: No Duh !!!","|-damage|p2a: No Duh !!!|0 fnt","|-damage|p1a: Tornadus-Therian|125/299|[from] item: Life Orb","|faint|p2a: No Duh !!!","|","|","|switch|p2a: Latios|Latios, M|163/301","|turn|31","|","|move|p2a: Latios|Draco Meteor|p1a: Tornadus-Therian","|-damage|p1a: Tornadus-Therian|0 fnt","|-unboost|p2a: Latios|spa|2","|faint|p1a: Tornadus-Therian","|","|win|Emg GL Test Tech"],"p1rating":{"entryid":"468203","serverid":"eos","formatid":"monotype","userid":"axiswillwolf","username":"Axis WillWolf","w":"1","l":3,"t":"0","gxe":42.2,"r":"1535.9522996752","rd":"122.33358662183","sigma":"0","rptime":"1440579600","rpr":1438.1876861305,"rprd":106.19922328532,"rpsigma":"0","acre":1009.3447216328,"lacre":1009.3447216328,"oldacre":"1016.7267046822"},"p2rating":{"entryid":"437770","serverid":"eos","formatid":"monotype","userid":"emggltesttech","username":"Emg GL Test Tech","w":7,"l":"1","t":"0","gxe":67.8,"r":"1543.9237951074","rd":"111.00780181906","sigma":"0","rptime":"1440579600","rpr":1644.9894170186,"rprd":92.526482879626,"rpsigma":"0","acre":1182.7711395613,"lacre":1182.7711395613,"oldacre":"1168.0178025953"},"endType":"normal"}