{"seed":[9614,48233,36161,49449],"turns":22,"p1":"Axis WillWolf","p2":"V Photon","p1team":[{"name":"Gengar","species":"Gengar","item":"choicescarf","ability":"Levitate","moves":["trick","shadowball","sludgewave","thunderbolt"],"nature":"Timid","evs":{"hp":0,"atk":0,"def":0,"spa":252,"spd":4,"spe":252},"ivs":{"hp":31,"atk":31,"def":31,"spa":31,"spd":31,"spe":31}},{"name":"Beedrill","species":"Beedrill","item":"beedrillite","ability":"Sniper","moves":["uturn","drillrun","poisonjab","knockoff"],"nature":"Jolly","evs":{"hp":0,"atk":252,"def":0,"spa":0,"spd":4,"spe":252},"ivs":{"hp":31,"atk":31,"def":31,"spa":31,"spd":31,"spe":31}},{"name":"Drapion","species":"Drapion","item":"blacksludge","ability":"Battle Armor","moves":["knockoff","earthquake","firefang","aquatail"],"nature":"Adamant","evs":{"hp":252,"atk":252,"def":0,"spa":0,"spd":4,"spe":0},"ivs":{"hp":31,"atk":31,"def":31,"spa":31,"spd":31,"spe":31}},{"name":"Crobat","species":"Crobat","item":"blacksludge","ability":"Infiltrator","moves":["bravebird","crosspoison","taunt","uturn"],"nature":"Jolly","evs":{"hp":0,"atk":252,"def":0,"spa":0,"spd":0,"spe":252},"ivs":{"hp":31,"atk":31,"def":31,"spa":31,"spd":31,"spe":31}},{"name":"Vileplume","species":"Vileplume","item":"lifeorb","ability":"Chlorophyll","moves":["dazzlinggleam","sludgebomb","sunnyday","solarbeam"],"nature":"Modest","evs":{"hp":0,"atk":0,"def":0,"spa":252,"spd":4,"spe":252},"ivs":{"hp":31,"atk":31,"def":31,"spa":31,"spd":31,"spe":31}},{"name":"Seviper","species":"Seviper","item":"lifeorb","ability":"Shed Skin","moves":["gigadrain","poisonjab","crunch","flamethrower"],"nature":"Lonely","evs":{"hp":248,"atk":252,"def":0,"spa":8,"spd":0,"spe":0},"ivs":{"hp":31,"atk":31,"def":31,"spa":31,"spd":31,"spe":31}}],"p2team":[{"name":"Venusaur","species":"Venusaur","item":"venusaurite","ability":"Overgrow","moves":["sludgebomb","synthesis","knockoff","hiddenpowerfire"],"nature":"Modest","evs":{"hp":248,"atk":0,"def":108,"spa":64,"spd":88,"spe":0},"ivs":{"hp":31,"atk":30,"def":31,"spa":30,"spd":31,"spe":30}},{"name":"Ferrothorn","species":"Ferrothorn","item":"leftovers","ability":"Iron Barbs","moves":["stealthrock","leechseed","gyroball","toxic"],"nature":"Relaxed","evs":{"hp":252,"atk":0,"def":88,"spa":0,"spd":168,"spe":0},"ivs":{"hp":31,"atk":31,"def":31,"spa":31,"spd":31,"spe":31}},{"name":"Cradily","species":"Cradily","item":"leftovers","ability":"Storm Drain","moves":["curse","earthquake","synthesis","rockslide"],"nature":"Careful","evs":{"hp":252,"atk":0,"def":4,"spa":0,"spd":252,"spe":0},"ivs":{"hp":31,"atk":31,"def":31,"spa":31,"spd":31,"spe":31}},{"name":"Roserade","species":"Roserade","item":"choicescarf","ability":"Technician","moves":["sludgebomb","hiddenpowerice","extrasensory","dazzlinggleam"],"nature":"Timid","evs":{"hp":0,"atk":0,"def":0,"spa":252,"spd":4,"spe":252},"ivs":{"hp":31,"atk":30,"def":30,"spa":31,"spd":31,"spe":31}},{"name":"Shiftry","species":"Shiftry","item":"lifeorb","ability":"Chlorophyll","moves":["knockoff","suckerpunch","rockslide","defog"],"nature":"Adamant","evs":{"hp":0,"atk":252,"def":0,"spa":0,"spd":4,"spe":252},"ivs":{"hp":31,"atk":31,"def":31,"spa":31,"spd":31,"spe":31}},{"name":"Shaymin","species":"Shaymin","item":"choicescarf","ability":"Natural Cure","moves":["energyball","earthpower","dazzlinggleam","aromatherapy"],"nature":"Modest","evs":{"hp":0,"atk":0,"def":0,"spa":252,"spd":4,"spe":252},"ivs":{"hp":31,"atk":31,"def":31,"spa":31,"spd":31,"spe":31}}],"log":["|player|p1|Axis WillWolf|54","|player|p2|V Photon|66","|gametype|singles","|gen|6","|tier|Monotype","|rated","|rule|Baton Pass Clause: Limit one Baton Passer, can't pass Spe and other stats simultaneously","|rule|Swagger Clause: Swagger is banned","|rule|Same Type Clause: Pokémon in a team must share a type","|clearpoke","|poke|p1|Gengar, F","|poke|p1|Beedrill, F","|poke|p1|Drapion, M","|poke|p1|Crobat, M","|poke|p1|Vileplume, F","|poke|p1|Seviper, M","|poke|p2|Venusaur, F","|poke|p2|Ferrothorn, M","|poke|p2|Cradily, M","|poke|p2|Roserade, M","|poke|p2|Shiftry, M","|poke|p2|Shaymin","|rule|Sleep Clause Mod: Limit one foe put to sleep","|rule|Species Clause: Limit one of each Pokémon","|rule|OHKO Clause: OHKO moves are banned","|rule|Moody Clause: Moody is banned","|rule|Evasion Moves Clause: Evasion moves are banned","|rule|Endless Battle Clause: Forcing endless battles is banned","|rule|HP Percentage Mod: HP is shown in percentages","|teampreview","|","|start","|switch|p1a: Seviper|Seviper, M|349/349","|switch|p2a: Venusaur|Venusaur, F|363/363","|turn|1","|","|detailschange|p2a: Venusaur|Venusaur-Mega, F","|-mega|p2a: Venusaur|Venusaur|Venusaurite","|move|p2a: Venusaur|Knock Off|p1a: Seviper","|-damage|p1a: Seviper|228/349","|-enditem|p1a: Seviper|Life Orb|[from] move: Knock Off|[of] p2a: Venusaur","|move|p1a: Seviper|Poison Jab|p2a: Venusaur","|-damage|p2a: Venusaur|264/363","|","|turn|2","|","|switch|p1a: Crobat|Crobat, M|311/311","|move|p2a: Venusaur|Sludge Bomb|p1a: Crobat","|-resisted|p1a: Crobat","|-damage|p1a: Crobat|227/311","|","|-heal|p1a: Crobat|246/311|[from] item: Black Sludge","|turn|3","|","|switch|p2a: Ferrothorn|Ferrothorn, M|352/352","|move|p1a: Crobat|Taunt|p2a: Ferrothorn","|-start|p2a: Ferrothorn|move: Taunt","|","|-heal|p1a: Crobat|265/311|[from] item: Black Sludge","|turn|4","|","|switch|p1a: Drapion|Drapion, M|344/344","|move|p2a: Ferrothorn|Gyro Ball|p1a: Drapion","|-damage|p1a: Drapion|250/344","|","|-heal|p1a: Drapion|271/344|[from] item: Black Sludge","|turn|5","|","|move|p1a: Drapion|Fire Fang|p2a: Ferrothorn","|-supereffective|p2a: Ferrothorn","|-damage|p2a: Ferrothorn|172/352","|-damage|p1a: Drapion|228/344|[from] ability: Iron Barbs|[of] p2a: Ferrothorn","|move|p2a: Ferrothorn|Gyro Ball|p1a: Drapion","|-damage|p1a: Drapion|143/344","|","|-heal|p1a: Drapion|164/344|[from] item: Black Sludge","|-heal|p2a: Ferrothorn|194/352|[from] item: Leftovers","|-end|p2a: Ferrothorn|move: Taunt","|turn|6","|","|move|p1a: Drapion|Knock Off|p2a: Ferrothorn","|-crit|p2a: Ferrothorn","|-damage|p2a: Ferrothorn|55/352","|-damage|p1a: Drapion|121/344|[from] ability: Iron Barbs|[of] p2a: Ferrothorn","|-enditem|p2a: Ferrothorn|Leftovers|[from] move: Knock Off|[of] p1a: Drapion","|move|p2a: Ferrothorn|Stealth Rock|p1a: Drapion","|-sidestart|p1: Axis WillWolf|move: Stealth Rock","|","|-heal|p1a: Drapion|142/344|[from] item: Black Sludge","|turn|7","|","|move|p1a: Drapion|Fire Fang|p2a: Ferrothorn","|-supereffective|p2a: Ferrothorn","|-damage|p2a: Ferrothorn|0 fnt","|-damage|p1a: Drapion|99/344|[from] ability: Iron Barbs|[of] p2a: Ferrothorn","|faint|p2a: Ferrothorn","|","|-heal|p1a: Drapion|120/344|[from] item: Black Sludge","|","|switch|p2a: Shaymin|Shaymin|341/341","|turn|8","|","|move|p2a: Shaymin|Earth Power|p1a: Drapion","|-supereffective|p1a: Drapion","|-damage|p1a: Drapion|0 fnt","|faint|p1a: Drapion","|","|","|switch|p1a: Beedrill|Beedrill, F|271/271","|-damage|p1a: Beedrill|204/271|[from] Stealth Rock","|turn|9","|","|switch|p2a: Venusaur|Venusaur-Mega, F|264/363","|detailschange|p1a: Beedrill|Beedrill-Mega, F","|-mega|p1a: Beedrill|Beedrill|Beedrillite","|move|p1a: Beedrill|Poison Jab|p2a: Venusaur","|-damage|p2a: Venusaur|110/363","|","|turn|10","|","|move|p1a: Beedrill|Poison Jab|p2a: Venusaur","|-damage|p2a: Venusaur|0 fnt","|faint|p2a: Venusaur","|","|","|switch|p2a: Roserade|Roserade, M|261/261","|turn|11","|","|move|p2a: Roserade|Extrasensory|p1a: Beedrill","|-supereffective|p1a: Beedrill","|-damage|p1a: Beedrill|0 fnt","|faint|p1a: Beedrill","|","|","|switch|p1a: Crobat|Crobat, M|265/311","|-damage|p1a: Crobat|188/311|[from] Stealth Rock","|turn|12","|","|switch|p2a: Cradily|Cradily, M|376/376","|move|p1a: Crobat|Brave Bird|p2a: Cradily","|-damage|p2a: Cradily|199/376","|-damage|p1a: Crobat|130/311|[from] recoil|[of] p2a: Cradily","|","|-heal|p1a: Crobat|149/311|[from] item: Black Sludge","|-heal|p2a: Cradily|222/376|[from] item: Leftovers","|turn|13","|","|move|p1a: Crobat|U-turn|p2a: Cradily","|-crit|p2a: Cradily","|-supereffective|p2a: Cradily","|-damage|p2a: Cradily|12/376","|","|switch|p1a: Vileplume|Vileplume, F|291/291","|-damage|p1a: Vileplume|255/291|[from] Stealth Rock","|move|p2a: Cradily|Rock Slide|p1a: Vileplume","|-damage|p1a: Vileplume|165/291","|","|-heal|p2a: Cradily|35/376|[from] item: Leftovers","|turn|14","|","|move|p1a: Vileplume|Sunny Day|p1a: Vileplume","|-weather|SunnyDay","|move|p2a: Cradily|Synthesis|p2a: Cradily","|-heal|p2a: Cradily|286/376","|","|-weather|SunnyDay|[upkeep]","|-heal|p2a: Cradily|309/376|[from] item: Leftovers","|turn|15","|","|move|p1a: Vileplume|Solar Beam|p2a: Cradily|[still]","|-prepare|p1a: Vileplume|Solar Beam|p2a: Cradily","|-anim|p1a: Vileplume|Solar Beam|p2a: Cradily","|-damage|p2a: Cradily|106/376","|-damage|p1a: Vileplume|136/291|[from] item: Life Orb","|move|p2a: Cradily|Rock Slide|p1a: Vileplume","|-miss|p2a: Cradily|p1a: Vileplume","|","|-weather|SunnyDay|[upkeep]","|-heal|p2a: Cradily|129/376|[from] item: Leftovers","|turn|16","|","|move|p1a: Vileplume|Solar Beam|p2a: Cradily|[still]","|-prepare|p1a: Vileplume|Solar Beam|p2a: Cradily","|-anim|p1a: Vileplume|Solar Beam|p2a: Cradily","|-damage|p2a: Cradily|0 fnt","|-damage|p1a: Vileplume|107/291|[from] item: Life Orb","|faint|p2a: Cradily","|","|-weather|SunnyDay|[upkeep]","|","|switch|p2a: Shiftry|Shiftry, M|321/321","|turn|17","|","|move|p2a: Shiftry|Knock Off|p1a: Vileplume","|-damage|p1a: Vileplume|0 fnt","|-enditem|p1a: Vileplume|Life Orb|[from] move: Knock Off|[of] p2a: Shiftry","|-damage|p2a: Shiftry|289/321|[from] item: Life Orb","|faint|p1a: Vileplume","|","|-weather|SunnyDay|[upkeep]","|","|switch|p1a: Gengar|Gengar, F|261/261","|-damage|p1a: Gengar|229/261|[from] Stealth Rock","|turn|18","|","|move|p1a: Gengar|Sludge Wave|p2a: Shiftry","|-crit|p2a: Shiftry","|-supereffective|p2a: Shiftry","|-damage|p2a: Shiftry|0 fnt","|faint|p2a: Shiftry","|","|-weather|none","|","|switch|p2a: Roserade|Roserade, M|261/261","|turn|19","|","|move|p1a: Gengar|Sludge Wave|p2a: Roserade","|-damage|p2a: Roserade|86/261","|move|p2a: Roserade|Extrasensory|p1a: Gengar","|-supereffective|p1a: Gengar","|-damage|p1a: Gengar|3/261","|","|turn|20","|","|move|p1a: Gengar|Sludge Wave|p2a: Roserade","|-damage|p2a: Roserade|0 fnt","|faint|p2a: Roserade","|","|","|switch|p2a: Shaymin|Shaymin|341/341","|turn|21","|","|move|p1a: Gengar|Sludge Wave|p2a: Shaymin","|-supereffective|p2a: Shaymin","|-damage|p2a: Shaymin|23/341","|move|p2a: Shaymin|Energy Ball|p1a: Gengar","|-resisted|p1a: Gengar","|-damage|p1a: Gengar|0 fnt","|faint|p1a: Gengar","|","|","|switch|p1a: Crobat|Crobat, M|149/311","|-damage|p1a: Crobat|72/311|[from] Stealth Rock","|turn|22","|","|move|p2a: Shaymin|Energy Ball|p1a: Crobat","|-resisted|p1a: Crobat","|-damage|p1a: Crobat|30/311","|move|p1a: Crobat|Cross Poison|p2a: Shaymin","|-supereffective|p2a: Shaymin","|-damage|p2a: Shaymin|0 fnt","|faint|p2a: Shaymin","|","|win|Axis WillWolf"],"p1rating":{"entryid":"468203","serverid":"eos","formatid":"monotype","userid":"axiswillwolf","username":"Axis WillWolf","w":6,"l":"5","t":"0","gxe":51.4,"r":"1535.9522996752","rd":"122.33358662183","sigma":"0","rptime":"1440579600","rpr":1511.0923314858,"rprd":84.913165458901,"rpsigma":"0","acre":1128.6116060577,"lacre":1128.6116060577,"oldacre":"1102.8821944552"},"p2rating":{"entryid":"24749","serverid":"eos","formatid":"monotype","userid":"vphoton","username":"V Photon - ⓈⓁⒺⒺⓅ","w":"7","l":13,"t":"0","gxe":40.6,"r":"1432.3243162378","rd":"76.532550300074","sigma":"0","rptime":"1440579600","rpr":1426.9662787883,"rprd":72.254708880525,"rpsigma":"0","acre":1087.2926026229,"lacre":1087.2926026229,"oldacre":"1113.0220142254"},"endType":"normal"}