{"seed":[22295,24912,10136,17338],"turns":31,"p1":"Union Wevrm","p2":"Emg GL Test Tech","p1team":[{"name":"Gallade","species":"Gallade","item":"galladite","ability":"Steadfast","moves":["shadowsneak","drainpunch","swordsdance","earthquake"],"nature":"Adamant","evs":{"hp":0,"atk":0,"def":0,"spa":252,"spd":4,"spe":252},"ivs":{"hp":31,"atk":31,"def":31,"spa":31,"spd":31,"spe":31}},{"name":"Swoobat","species":"Swoobat","item":"focussash","ability":"Simple","moves":["calmmind","airslash","gigadrain","heatwave"],"nature":"Timid","evs":{"hp":0,"atk":0,"def":0,"spa":252,"spd":4,"spe":252},"ivs":{"hp":31,"atk":31,"def":31,"spa":31,"spd":31,"spe":31}},{"name":"Meowstic","species":"Meowstic","item":"lightclay","ability":"Prankster","moves":["lightscreen","reflect","psychic","thunderwave"],"nature":"Timid","evs":{"hp":252,"atk":0,"def":0,"spa":4,"spd":0,"spe":252},"ivs":{"hp":31,"atk":31,"def":31,"spa":31,"spd":31,"spe":31}},{"name":"Slowbro","species":"Slowbro","item":"leftovers","ability":"Regenerator","moves":["scald","icebeam","calmmind","trickroom"],"nature":"Quiet","evs":{"hp":252,"atk":0,"def":0,"spa":4,"spd":0,"spe":0},"ivs":{"hp":31,"atk":31,"def":31,"spa":31,"spd":31,"spe":0}},{"name":"Azelf","species":"Azelf","item":"leftovers","ability":"Levitate","moves":["nastyplot","flamethrower","thunderbolt","psychic"],"nature":"Timid","evs":{"hp":0,"atk":0,"def":0,"spa":252,"spd":4,"spe":252},"ivs":{"hp":31,"atk":31,"def":31,"spa":31,"spd":31,"spe":31}},{"name":"Espeon","species":"Espeon","item":"leftovers","ability":"Magic Bounce","moves":["calmmind","psyshock","shadowball","dazzlinggleam"],"nature":"Timid","evs":{"hp":0,"atk":0,"def":0,"spa":252,"spd":4,"spe":252},"ivs":{"hp":31,"atk":31,"def":31,"spa":31,"spd":31,"spe":31}}],"p2team":[{"name":"FingerTrap","species":"hoopaunbound","item":"lifeorb","ability":"Magician","moves":["gunkshot","focusblast","psychic","hyperspacefury"],"nature":"Hasty","evs":{"hp":0,"atk":88,"def":0,"spa":168,"spd":0,"spe":252},"ivs":{"hp":31,"atk":31,"def":31,"spa":31,"spd":31,"spe":31}},{"name":"Asuna","species":"gardevoir","item":"gardevoirite","ability":"Trace","moves":["hypervoice","taunt","focusblast","willowisp"],"nature":"Timid","evs":{"hp":4,"atk":0,"def":0,"spa":252,"spd":0,"spe":252},"ivs":{"hp":31,"atk":31,"def":31,"spa":31,"spd":31,"spe":31}},{"name":"Latios","species":"Latios","item":"choicescarf","ability":"Levitate","moves":["dracometeor","trick","psychic","surf"],"nature":"Timid","evs":{"hp":0,"atk":0,"def":0,"spa":252,"spd":4,"spe":252},"ivs":{"hp":31,"atk":31,"def":31,"spa":31,"spd":31,"spe":31}},{"name":"Miracle eye","species":"jirachi","item":"leftovers","ability":"Serene Grace","moves":["thunderwave","ironhead","healingwish","substitute"],"nature":"Careful","evs":{"hp":248,"atk":0,"def":0,"spa":0,"spd":228,"spe":32},"ivs":{"hp":31,"atk":31,"def":31,"spa":31,"spd":31,"spe":31}},{"name":"Bulky ORB","species":"deoxysdefense","item":"leftovers","ability":"Pressure","moves":["nightshade","recover","cosmicpower","toxic"],"nature":"Careful","evs":{"hp":252,"atk":0,"def":128,"spa":0,"spd":128,"spe":0},"ivs":{"hp":31,"atk":31,"def":31,"spa":31,"spd":31,"spe":31}},{"name":"No Duh !!!","species":"slowbro","item":"leftovers","ability":"Regenerator","moves":["scald","slackoff","fireblast","yawn"],"nature":"Bold","evs":{"hp":252,"atk":0,"def":200,"spa":0,"spd":56,"spe":0},"ivs":{"hp":31,"atk":31,"def":31,"spa":31,"spd":31,"spe":31}}],"log":["|player|p1|Union Wevrm|unionwevrm.png","|player|p2|Emg GL Test Tech|149","|gametype|singles","|gen|6","|tier|Monotype","|rated","|rule|Baton Pass Clause: Limit one Baton Passer, can't pass Spe and other stats simultaneously","|rule|Swagger Clause: Swagger is banned","|rule|Same Type Clause: Pokémon in a team must share a type","|clearpoke","|poke|p1|Gallade, M","|poke|p1|Swoobat, M","|poke|p1|Meowstic, M","|poke|p1|Slowbro, F","|poke|p1|Azelf","|poke|p1|Espeon, F","|poke|p2|Hoopa-Unbound","|poke|p2|Gardevoir, F","|poke|p2|Latios, M","|poke|p2|Jirachi","|poke|p2|Deoxys-Defense","|poke|p2|Slowbro, F","|rule|Sleep Clause Mod: Limit one foe put to sleep","|rule|Species Clause: Limit one of each Pokémon","|rule|OHKO Clause: OHKO moves are banned","|rule|Moody Clause: Moody is banned","|rule|Evasion Moves Clause: Evasion moves are banned","|rule|Endless Battle Clause: Forcing endless battles is banned","|rule|HP Percentage Mod: HP is shown in percentages","|teampreview","|","|start","|switch|p1a: Azelf|Azelf|291/291","|switch|p2a: Asuna|Gardevoir, F|278/278","|-ability|p2a: Asuna|Levitate|[from] ability: Trace|[of] p1a: Azelf","|turn|1","|","|detailschange|p2a: Asuna|Gardevoir-Mega, F","|-mega|p2a: Asuna|Gardevoir|Gardevoirite","|move|p1a: Azelf|Nasty Plot|p1a: Azelf","|-boost|p1a: Azelf|spa|2","|move|p2a: Asuna|Will-O-Wisp|p1a: Azelf","|-status|p1a: Azelf|brn","|","|-damage|p1a: Azelf|255/291 brn|[from] brn","|turn|2","|","|switch|p2a: Latios|Latios, M|301/301","|move|p1a: Azelf|Flamethrower|p2a: Latios","|-resisted|p2a: Latios","|-damage|p2a: Latios|211/301","|","|-heal|p1a: Azelf|273/291 brn|[from] item: Leftovers","|-damage|p1a: Azelf|237/291 brn|[from] brn","|turn|3","|","|move|p2a: Latios|Draco Meteor|p1a: Azelf","|-damage|p1a: Azelf|0 fnt","|-unboost|p2a: Latios|spa|2","|faint|p1a: Azelf","|","|","|switch|p1a: Swoobat|Swoobat, M|275/275","|turn|4","|","|switch|p2a: Miracle eye|Jirachi|403/403","|move|p1a: Swoobat|Calm Mind|p1a: Swoobat","|-boost|p1a: Swoobat|spa|2","|-boost|p1a: Swoobat|spd|2","|","|turn|5","|","|move|p1a: Swoobat|Heat Wave|p2a: Miracle eye","|-supereffective|p2a: Miracle eye","|-damage|p2a: Miracle eye|155/403","|move|p2a: Miracle eye|Thunder Wave|p1a: Swoobat","|-status|p1a: Swoobat|par","|","|-heal|p2a: Miracle eye|180/403|[from] item: Leftovers","|turn|6","|","|move|p2a: Miracle eye|Iron Head|p1a: Swoobat","|-damage|p1a: Swoobat|119/275 par","|cant|p1a: Swoobat|flinch","|","|-heal|p2a: Miracle eye|205/403|[from] item: Leftovers","|turn|7","|","|move|p2a: Miracle eye|Iron Head|p1a: Swoobat","|-damage|p1a: Swoobat|0 fnt","|faint|p1a: Swoobat","|","|-heal|p2a: Miracle eye|230/403|[from] item: Leftovers","|","|switch|p1a: Meowstic|Meowstic, M|352/352","|turn|8","|","|move|p1a: Meowstic|Reflect|p1a: Meowstic","|-sidestart|p1: Union Wevrm|Reflect","|move|p2a: Miracle eye|Thunder Wave|p1a: Meowstic","|-status|p1a: Meowstic|par","|","|-heal|p2a: Miracle eye|255/403|[from] item: Leftovers","|turn|9","|","|move|p1a: Meowstic|Thunder Wave|p2a: Miracle eye","|-status|p2a: Miracle eye|par","|cant|p2a: Miracle eye|par","|","|-heal|p2a: Miracle eye|280/403 par|[from] item: Leftovers","|turn|10","|","|move|p1a: Meowstic|Light Screen|p1a: Meowstic","|-sidestart|p1: Union Wevrm|move: Light Screen","|cant|p2a: Miracle eye|par","|","|-heal|p2a: Miracle eye|305/403 par|[from] item: Leftovers","|turn|11","|","|switch|p1a: Slowbro|Slowbro, F|394/394","|move|p2a: Miracle eye|Iron Head|p1a: Slowbro","|-resisted|p1a: Slowbro","|-damage|p1a: Slowbro|372/394","|","|-heal|p2a: Miracle eye|330/403 par|[from] item: Leftovers","|-heal|p1a: Slowbro|394/394|[from] item: Leftovers","|turn|12","|","|switch|p2a: Latios|Latios, M|211/301","|move|p1a: Slowbro|Calm Mind|p1a: Slowbro","|-boost|p1a: Slowbro|spa|1","|-boost|p1a: Slowbro|spd|1","|","|turn|13","|","|move|p2a: Latios|Trick|p1a: Slowbro","|-activate|p2a: Latios|move: Trick|[of] p1a: Slowbro","|-item|p1a: Slowbro|Choice Scarf|[from] move: Trick","|-item|p2a: Latios|Leftovers|[from] move: Trick","|move|p1a: Slowbro|Trick Room|p1a: Slowbro","|-fieldstart|move: Trick Room|[of] p1a: Slowbro","|","|-heal|p2a: Latios|229/301|[from] item: Leftovers","|turn|14","|","|switch|p1a: Meowstic|Meowstic, M|352/352 par","|move|p2a: Latios|Trick|p1a: Meowstic","|-activate|p2a: Latios|move: Trick|[of] p1a: Meowstic","|-item|p1a: Meowstic|Leftovers|[from] move: Trick","|-item|p2a: Latios|Light Clay|[from] move: Trick","|","|turn|15","|","|switch|p2a: FingerTrap|Hoopa-Unbound|301/301","|move|p1a: Meowstic|Thunder Wave|p2a: FingerTrap","|-status|p2a: FingerTrap|par","|","|-sideend|p1: Union Wevrm|Reflect","|turn|16","|","|move|p1a: Meowstic|Reflect|p1a: Meowstic","|-sidestart|p1: Union Wevrm|Reflect","|move|p2a: FingerTrap|Hyperspace Fury|p1a: Meowstic","|-supereffective|p1a: Meowstic","|-damage|p1a: Meowstic|28/352 par","|-unboost|p2a: FingerTrap|def|1","|-damage|p2a: FingerTrap|271/301 par|[from] item: Life Orb","|","|-heal|p1a: Meowstic|50/352 par|[from] item: Leftovers","|turn|17","|","|move|p1a: Meowstic|Thunder Wave|p2a: FingerTrap","|-fail|p2a: FingerTrap|par","|move|p2a: FingerTrap|Hyperspace Fury|p1a: Meowstic","|-supereffective|p1a: Meowstic","|-damage|p1a: Meowstic|0 fnt","|-unboost|p2a: FingerTrap|def|1","|-damage|p2a: FingerTrap|241/301 par|[from] item: Life Orb","|faint|p1a: Meowstic","|","|-sideend|p1: Union Wevrm|move: Light Screen","|-fieldend|move: Trick Room","|","|switch|p1a: Gallade|Gallade, M|277/277","|turn|18","|","|switch|p2a: No Duh !!!|Slowbro, F|394/394","|detailschange|p1a: Gallade|Gallade-Mega, M","|-mega|p1a: Gallade|Gallade|Galladite","|move|p1a: Gallade|Drain Punch|p2a: No Duh !!!","|-resisted|p2a: No Duh !!!","|-damage|p2a: No Duh !!!|337/394","|","|-heal|p2a: No Duh !!!|361/394|[from] item: Leftovers","|turn|19","|","|move|p1a: Gallade|Swords Dance|p1a: Gallade","|-boost|p1a: Gallade|atk|2","|move|p2a: No Duh !!!|Yawn|p1a: Gallade","|-start|p1a: Gallade|move: Yawn|[of] p2a: No Duh !!!","|","|-heal|p2a: No Duh !!!|385/394|[from] item: Leftovers","|turn|20","|","|switch|p1a: Slowbro|Slowbro, F|394/394","|move|p2a: No Duh !!!|Scald|p1a: Slowbro","|-resisted|p1a: Slowbro","|-damage|p1a: Slowbro|336/394","|-status|p1a: Slowbro|brn","|","|-heal|p2a: No Duh !!!|394/394|[from] item: Leftovers","|-damage|p1a: Slowbro|287/394 brn|[from] brn","|-sideend|p1: Union Wevrm|Reflect","|turn|21","|","|switch|p2a: Latios|Latios, M|229/301","|move|p1a: Slowbro|Calm Mind|p1a: Slowbro","|-boost|p1a: Slowbro|spa|1","|-boost|p1a: Slowbro|spd|1","|","|-damage|p1a: Slowbro|238/394 brn|[from] brn","|turn|22","|","|move|p2a: Latios|Psychic|p1a: Slowbro","|-resisted|p1a: Slowbro","|-damage|p1a: Slowbro|169/394 brn","|move|p1a: Slowbro|Calm Mind|p1a: Slowbro","|-boost|p1a: Slowbro|spa|1","|-boost|p1a: Slowbro|spd|1","|","|-damage|p1a: Slowbro|120/394 brn|[from] brn","|turn|23","|","|move|p2a: Latios|Psychic|p1a: Slowbro","|-resisted|p1a: Slowbro","|-damage|p1a: Slowbro|75/394 brn","|move|p1a: Slowbro|Calm Mind|p1a: Slowbro","|-boost|p1a: Slowbro|spa|1","|-boost|p1a: Slowbro|spd|1","|","|-damage|p1a: Slowbro|26/394 brn|[from] brn","|turn|24","|","|move|p2a: Latios|Psychic|p1a: Slowbro","|-resisted|p1a: Slowbro","|-damage|p1a: Slowbro|0 fnt","|faint|p1a: Slowbro","|","|","|switch|p1a: Espeon|Espeon, F|271/271","|turn|25","|","|move|p1a: Espeon|Calm Mind|p1a: Espeon","|-boost|p1a: Espeon|spa|1","|-boost|p1a: Espeon|spd|1","|move|p2a: Latios|Psychic|p1a: Espeon","|-resisted|p1a: Espeon","|-damage|p1a: Espeon|212/271","|","|-heal|p1a: Espeon|228/271|[from] item: Leftovers","|turn|26","|","|move|p2a: Latios|Draco Meteor|p1a: Espeon","|-crit|p1a: Espeon","|-damage|p1a: Espeon|0 fnt","|-unboost|p2a: Latios|spa|2","|faint|p1a: Espeon","|","|","|switch|p1a: Gallade|Gallade-Mega, M|277/277","|turn|27","|","|switch|p2a: No Duh !!!|Slowbro, F|394/394","|move|p1a: Gallade|Swords Dance|p1a: Gallade","|-boost|p1a: Gallade|atk|2","|","|turn|28","|","|move|p1a: Gallade|Shadow Sneak|p2a: No Duh !!!","|-supereffective|p2a: No Duh !!!","|-damage|p2a: No Duh !!!|252/394","|move|p2a: No Duh !!!|Yawn|p1a: Gallade","|-start|p1a: Gallade|move: Yawn|[of] p2a: No Duh !!!","|","|-heal|p2a: No Duh !!!|276/394|[from] item: Leftovers","|turn|29","|","|move|p1a: Gallade|Swords Dance|p1a: Gallade","|-boost|p1a: Gallade|atk|2","|move|p2a: No Duh !!!|Scald|p1a: Gallade","|-damage|p1a: Gallade|186/277","|","|-end|p1a: Gallade|move: Yawn|[silent]","|-status|p1a: Gallade|slp","|-heal|p2a: No Duh !!!|300/394|[from] item: Leftovers","|turn|30","|","|switch|p2a: Asuna|Gardevoir-Mega, F|278/278","|cant|p1a: Gallade|slp","|","|turn|31","|","|cant|p1a: Gallade|slp","|move|p2a: Asuna|Hyper Voice|p1a: Gallade","|-supereffective|p1a: Gallade","|-damage|p1a: Gallade|0 fnt","|faint|p1a: Gallade","|","|win|Emg GL Test Tech"],"p1rating":{"entryid":"373318","serverid":"eos","formatid":"monotype","userid":"unionwevrm","username":"Union Wevrm","w":"17","l":18,"t":"0","gxe":48.4,"r":"1497.8852227557","rd":"59.960375022424","sigma":"0","rptime":"1440579600","rpr":1487.5858883326,"rprd":56.430755789628,"rpsigma":"0","acre":1075.4881242844,"lacre":1075.4881242844,"oldacre":"1100.0535820053"},"p2rating":{"entryid":"437770","serverid":"eos","formatid":"monotype","userid":"emggltesttech","username":"Emg GL Test Tech","w":4,"l":"1","t":"0","gxe":61,"r":"1543.9237951074","rd":"111.00780181906","sigma":"0","rptime":"1440579600","rpr":1587.9610785512,"rprd":102.3654196264,"rpsigma":"0","acre":1130.6586660598,"lacre":1130.6586660598,"oldacre":"1106.0932083389"},"endType":"normal"}