{"seed":[57691,43815,59804,63444],"turns":26,"p1":"Apex✦amb64","p2":"Fluffy Coconuts","p1team":[{"name":"Empoleon","species":"Empoleon","item":"leftovers","ability":"Torrent","moves":["stealthrock","surf","icebeam","defog"],"nature":"Modest","evs":{"hp":248,"atk":0,"def":0,"spa":252,"spd":8,"spe":0},"ivs":{"hp":31,"atk":31,"def":31,"spa":31,"spd":31,"spe":31}},{"name":"Lucario","species":"Lucario","item":"choicescarf","ability":"Justified","moves":["highjumpkick","blazekick","earthquake","stoneedge"],"nature":"Adamant","evs":{"hp":0,"atk":252,"def":0,"spa":0,"spd":4,"spe":252},"ivs":{"hp":31,"atk":31,"def":31,"spa":31,"spd":31,"spe":31}},{"name":"Bisharp","species":"Bisharp","item":"focussash","ability":"Defiant","moves":["ironhead","swordsdance","suckerpunch","thunderwave"],"nature":"Jolly","evs":{"hp":0,"atk":252,"def":0,"spa":0,"spd":4,"spe":252},"ivs":{"hp":31,"atk":31,"def":31,"spa":31,"spd":31,"spe":31}},{"name":"Scizor","species":"Scizor","item":"scizorite","ability":"Technician","moves":["bulletpunch","bugbite","swordsdance","roost"],"nature":"Adamant","evs":{"hp":248,"atk":252,"def":0,"spa":0,"spd":8,"spe":0},"ivs":{"hp":31,"atk":31,"def":31,"spa":31,"spd":31,"spe":31}},{"name":"Excadrill","species":"Excadrill","item":"choicescarf","ability":"Mold Breaker","moves":["brickbreak","earthquake","ironhead","rockslide"],"nature":"Jolly","evs":{"hp":0,"atk":252,"def":0,"spa":0,"spd":4,"spe":252},"ivs":{"hp":31,"atk":31,"def":31,"spa":31,"spd":31,"spe":31}},{"name":"Metagross","species":"Metagross","item":"weaknesspolicy","ability":"Clear Body","moves":["bulletpunch","zenheadbutt","thunderpunch","icepunch"],"nature":"Adamant","evs":{"hp":248,"atk":252,"def":0,"spa":0,"spd":8,"spe":0},"ivs":{"hp":31,"atk":31,"def":31,"spa":31,"spd":31,"spe":31}}],"p2team":[{"name":"Nappy","species":"gengar","item":"choicescarf","ability":"Levitate","moves":["shadowball","icywind","destinybond","sludgebomb"],"nature":"Timid","evs":{"hp":0,"atk":0,"def":0,"spa":252,"spd":6,"spe":252},"gender":"M","shiny":true,"ivs":{"hp":31,"atk":31,"def":31,"spa":31,"spd":31,"spe":31}},{"name":"Kaiju","species":"nidoking","item":"lifeorb","ability":"Sheer Force","moves":["sludgewave","flamethrower","icebeam","earthpower"],"nature":"Timid","evs":{"hp":0,"atk":0,"def":0,"spa":252,"spd":6,"spe":252},"shiny":true,"ivs":{"hp":31,"atk":31,"def":31,"spa":31,"spd":31,"spe":31}},{"name":"Sting","species":"beedrill","item":"beedrillite","ability":"Swarm","moves":["protect","xscissor","poisonjab","drillrun"],"nature":"Jolly","evs":{"hp":0,"atk":252,"def":0,"spa":0,"spd":6,"spe":252},"shiny":true,"ivs":{"hp":31,"atk":31,"def":31,"spa":31,"spd":31,"spe":31}},{"name":"Huntress","species":"drapion","item":"lumberry","ability":"Battle Armor","moves":["swordsdance","knockoff","aquatail","poisonjab"],"nature":"Jolly","evs":{"hp":0,"atk":252,"def":6,"spa":0,"spd":0,"spe":252},"gender":"F","shiny":true,"ivs":{"hp":31,"atk":31,"def":31,"spa":31,"spd":31,"spe":31}},{"name":"WIWDTS","species":"muk","item":"blacksludge","ability":"Poison Touch","moves":["poweruppunch","stockpile","gunkshot","protect"],"nature":"Careful","evs":{"hp":242,"atk":0,"def":252,"spa":0,"spd":16,"spe":0},"shiny":true,"ivs":{"hp":31,"atk":31,"def":31,"spa":31,"spd":31,"spe":31}},{"name":"Nightwing","species":"crobat","item":"blacksludge","ability":"Infiltrator","moves":["bravebird","uturn","defog","roost"],"nature":"Jolly","evs":{"hp":248,"atk":0,"def":50,"spa":0,"spd":0,"spe":212},"ivs":{"hp":31,"atk":31,"def":31,"spa":31,"spd":31,"spe":31}}],"log":["|player|p1|Apex✦amb64|153","|player|p2|Fluffy Coconuts|11","|gametype|singles","|gen|6","|tier|Monotype","|rated","|rule|Baton Pass Clause: Limit one Baton Passer, can't pass Spe and other stats simultaneously","|rule|Swagger Clause: Swagger is banned","|rule|Same Type Clause: Pokémon in a team must share a type","|clearpoke","|poke|p1|Empoleon, F","|poke|p1|Lucario, F","|poke|p1|Bisharp, M","|poke|p1|Scizor, F","|poke|p1|Excadrill, M","|poke|p1|Metagross","|poke|p2|Gengar, M, shiny","|poke|p2|Nidoking, M, shiny","|poke|p2|Beedrill, F, shiny","|poke|p2|Drapion, F, shiny","|poke|p2|Muk, F, shiny","|poke|p2|Crobat, F","|rule|Sleep Clause Mod: Limit one foe put to sleep","|rule|Species Clause: Limit one of each Pokémon","|rule|OHKO Clause: OHKO moves are banned","|rule|Moody Clause: Moody is banned","|rule|Evasion Moves Clause: Evasion moves are banned","|rule|Endless Battle Clause: Forcing endless battles is banned","|rule|HP Percentage Mod: HP is shown in percentages","|teampreview","|","|start","|switch|p1a: Empoleon|Empoleon, F|371/371","|switch|p2a: Nappy|Gengar, M, shiny|261/261","|turn|1","|","|switch|p2a: WIWDTS|Muk, F, shiny|411/411","|move|p1a: Empoleon|Stealth Rock|p2a: WIWDTS","|-sidestart|p2: Fluffy Coconuts|move: Stealth Rock","|","|turn|2","|","|move|p1a: Empoleon|Surf|p2a: WIWDTS","|-damage|p2a: WIWDTS|257/411","|move|p2a: WIWDTS|Stockpile|p2a: WIWDTS","|-start|p2a: WIWDTS|stockpile1","|-boost|p2a: WIWDTS|def|1","|-boost|p2a: WIWDTS|spd|1","|","|-heal|p2a: WIWDTS|282/411|[from] item: Black Sludge","|turn|3","|","|move|p2a: WIWDTS|Protect|p2a: WIWDTS","|-singleturn|p2a: WIWDTS|Protect","|move|p1a: Empoleon|Surf|p2a: WIWDTS","|-activate|p2a: WIWDTS|Protect","|","|-heal|p2a: WIWDTS|307/411|[from] item: Black Sludge","|turn|4","|","|move|p1a: Empoleon|Surf|p2a: WIWDTS","|-damage|p2a: WIWDTS|208/411","|move|p2a: WIWDTS|Stockpile|p2a: WIWDTS","|-start|p2a: WIWDTS|stockpile2","|-boost|p2a: WIWDTS|def|1","|-boost|p2a: WIWDTS|spd|1","|","|-heal|p2a: WIWDTS|233/411|[from] item: Black Sludge","|turn|5","|","|move|p2a: WIWDTS|Protect|p2a: WIWDTS","|-singleturn|p2a: WIWDTS|Protect","|move|p1a: Empoleon|Surf|p2a: WIWDTS","|-activate|p2a: WIWDTS|Protect","|","|-heal|p2a: WIWDTS|258/411|[from] item: Black Sludge","|turn|6","|","|move|p1a: Empoleon|Surf|p2a: WIWDTS","|-damage|p2a: WIWDTS|192/411","|move|p2a: WIWDTS|Stockpile|p2a: WIWDTS","|-start|p2a: WIWDTS|stockpile3","|-boost|p2a: WIWDTS|def|1","|-boost|p2a: WIWDTS|spd|1","|","|-heal|p2a: WIWDTS|217/411|[from] item: Black Sludge","|turn|7","|","|move|p2a: WIWDTS|Protect|p2a: WIWDTS","|-singleturn|p2a: WIWDTS|Protect","|move|p1a: Empoleon|Surf|p2a: WIWDTS","|-activate|p2a: WIWDTS|Protect","|","|-heal|p2a: WIWDTS|242/411|[from] item: Black Sludge","|turn|8","|","|move|p1a: Empoleon|Surf|p2a: WIWDTS","|-damage|p2a: WIWDTS|179/411","|move|p2a: WIWDTS|Power-Up Punch|p1a: Empoleon","|-supereffective|p1a: Empoleon","|-damage|p1a: Empoleon|295/371","|-boost|p2a: WIWDTS|atk|1","|","|-heal|p1a: Empoleon|318/371|[from] item: Leftovers","|-heal|p2a: WIWDTS|204/411|[from] item: Black Sludge","|turn|9","|","|move|p2a: WIWDTS|Protect|p2a: WIWDTS","|-singleturn|p2a: WIWDTS|Protect","|move|p1a: Empoleon|Ice Beam|p2a: WIWDTS","|-activate|p2a: WIWDTS|Protect","|","|-heal|p1a: Empoleon|341/371|[from] item: Leftovers","|-heal|p2a: WIWDTS|229/411|[from] item: Black Sludge","|turn|10","|","|move|p1a: Empoleon|Surf|p2a: WIWDTS","|-damage|p2a: WIWDTS|169/411","|move|p2a: WIWDTS|Power-Up Punch|p1a: Empoleon","|-supereffective|p1a: Empoleon","|-damage|p1a: Empoleon|227/371","|-boost|p2a: WIWDTS|atk|1","|","|-heal|p1a: Empoleon|250/371|[from] item: Leftovers","|-heal|p2a: WIWDTS|194/411|[from] item: Black Sludge","|turn|11","|","|move|p2a: WIWDTS|Protect|p2a: WIWDTS","|-singleturn|p2a: WIWDTS|Protect","|move|p1a: Empoleon|Stealth Rock|p2a: WIWDTS","|-fail|p2a: WIWDTS","|","|-heal|p1a: Empoleon|273/371|[from] item: Leftovers","|-heal|p2a: WIWDTS|219/411|[from] item: Black Sludge","|turn|12","|","|move|p1a: Empoleon|Surf|p2a: WIWDTS","|-damage|p2a: WIWDTS|165/411","|move|p2a: WIWDTS|Power-Up Punch|p1a: Empoleon","|-supereffective|p1a: Empoleon","|-damage|p1a: Empoleon|133/371","|-boost|p2a: WIWDTS|atk|1","|","|-heal|p1a: Empoleon|156/371|[from] item: Leftovers","|-heal|p2a: WIWDTS|190/411|[from] item: Black Sludge","|turn|13","|","|move|p2a: WIWDTS|Protect|p2a: WIWDTS","|-singleturn|p2a: WIWDTS|Protect","|move|p1a: Empoleon|Surf|p2a: WIWDTS","|-activate|p2a: WIWDTS|Protect","|","|-heal|p1a: Empoleon|179/371|[from] item: Leftovers","|-heal|p2a: WIWDTS|215/411|[from] item: Black Sludge","|turn|14","|","|move|p1a: Empoleon|Surf|p2a: WIWDTS","|-damage|p2a: WIWDTS|158/411","|move|p2a: WIWDTS|Power-Up Punch|p1a: Empoleon","|-supereffective|p1a: Empoleon","|-damage|p1a: Empoleon|0 fnt","|-boost|p2a: WIWDTS|atk|1","|faint|p1a: Empoleon","|","|-heal|p2a: WIWDTS|183/411|[from] item: Black Sludge","|","|switch|p1a: Bisharp|Bisharp, M|271/271","|turn|15","|","|move|p1a: Bisharp|Swords Dance|p1a: Bisharp","|-boost|p1a: Bisharp|atk|2","|move|p2a: WIWDTS|Power-Up Punch|p1a: Bisharp","|-supereffective|p1a: Bisharp","|-enditem|p1a: Bisharp|Focus Sash","|-damage|p1a: Bisharp|1/271","|-boost|p2a: WIWDTS|atk|1","|","|-heal|p2a: WIWDTS|208/411|[from] item: Black Sludge","|turn|16","|","|move|p2a: WIWDTS|Protect|p2a: WIWDTS","|-singleturn|p2a: WIWDTS|Protect","|move|p1a: Bisharp|Sucker Punch|p2a: WIWDTS","|-fail|p1a: Bisharp","|","|-heal|p2a: WIWDTS|233/411|[from] item: Black Sludge","|turn|17","|","|move|p1a: Bisharp|Iron Head|p2a: WIWDTS","|-damage|p2a: WIWDTS|131/411","|move|p2a: WIWDTS|Power-Up Punch|p1a: Bisharp","|-supereffective|p1a: Bisharp","|-damage|p1a: Bisharp|0 fnt","|-boost|p2a: WIWDTS|atk|1","|faint|p1a: Bisharp","|","|-heal|p2a: WIWDTS|156/411|[from] item: Black Sludge","|","|switch|p1a: Excadrill|Excadrill, M|361/361","|-ability|p1a: Excadrill|Mold Breaker","|turn|18","|","|move|p2a: WIWDTS|Protect|p2a: WIWDTS","|-singleturn|p2a: WIWDTS|Protect","|move|p1a: Excadrill|Earthquake|p2a: WIWDTS","|-activate|p2a: WIWDTS|Protect","|","|-heal|p2a: WIWDTS|181/411|[from] item: Black Sludge","|turn|19","|","|move|p1a: Excadrill|Earthquake|p2a: WIWDTS","|-supereffective|p2a: WIWDTS","|-damage|p2a: WIWDTS|49/411","|move|p2a: WIWDTS|Power-Up Punch|p1a: Excadrill","|-supereffective|p1a: Excadrill","|-damage|p1a: Excadrill|0 fnt","|faint|p1a: Excadrill","|","|-heal|p2a: WIWDTS|74/411|[from] item: Black Sludge","|","|switch|p1a: Scizor|Scizor, F|343/343","|turn|20","|","|detailschange|p1a: Scizor|Scizor-Mega, F","|-mega|p1a: Scizor|Scizor|Scizorite","|move|p2a: WIWDTS|Protect|p2a: WIWDTS","|-singleturn|p2a: WIWDTS|Protect","|move|p1a: Scizor|Swords Dance|p1a: Scizor","|-boost|p1a: Scizor|atk|2","|","|-heal|p2a: WIWDTS|99/411|[from] item: Black Sludge","|turn|21","|","|move|p1a: Scizor|Bullet Punch|p2a: WIWDTS","|-damage|p2a: WIWDTS|3/411","|move|p2a: WIWDTS|Power-Up Punch|p1a: Scizor","|-damage|p1a: Scizor|246/343","|","|-heal|p2a: WIWDTS|28/411|[from] item: Black Sludge","|turn|22","|","|move|p1a: Scizor|Bullet Punch|p2a: WIWDTS","|-damage|p2a: WIWDTS|0 fnt","|faint|p2a: WIWDTS","|","|","|switch|p2a: Kaiju|Nidoking, M, shiny|303/303","|-damage|p2a: Kaiju|285/303|[from] Stealth Rock","|turn|23","|","|move|p1a: Scizor|Bullet Punch|p2a: Kaiju","|-damage|p2a: Kaiju|0 fnt","|faint|p2a: Kaiju","|","|","|switch|p2a: Sting|Beedrill, F, shiny|271/271","|-damage|p2a: Sting|204/271|[from] Stealth Rock","|turn|24","|","|detailschange|p2a: Sting|Beedrill-Mega, F, shiny","|-mega|p2a: Sting|Beedrill|Beedrillite","|move|p2a: Sting|Protect|p2a: Sting","|-singleturn|p2a: Sting|Protect","|move|p1a: Scizor|Bullet Punch|p2a: Sting","|-activate|p2a: Sting|Protect","|","|turn|25","|","|move|p1a: Scizor|Bullet Punch|p2a: Sting","|-crit|p2a: Sting","|-damage|p2a: Sting|0 fnt","|faint|p2a: Sting","|","|","|switch|p2a: Nightwing|Crobat, F|373/373","|-damage|p2a: Nightwing|280/373|[from] Stealth Rock","|turn|26","|","|move|p1a: Scizor|Bullet Punch|p2a: Nightwing","|-damage|p2a: Nightwing|0 fnt","|faint|p2a: Nightwing","|","|","|win|Apex✦amb64"],"p1rating":{"entryid":"469110","serverid":"eos","formatid":"monotype","userid":"apexamb64","username":"Apex✦amb64","w":2,"l":"0","t":"0","gxe":61.6,"r":"1500","rd":"130","sigma":"0","rptime":"1440493200","rpr":1593.6857198646,"rprd":116.29030464409,"rpsigma":"0","acre":1094.1547674245,"lacre":1094.1547674245,"oldacre":"1055.4340497175"},"p2rating":{"entryid":"421976","serverid":"eos","formatid":"monotype","userid":"fluffycoconuts","username":"Fluffy Coconuts","w":"9","l":5,"t":"0","gxe":60.3,"r":"1570.1362342246","rd":"98.454096830134","sigma":"0","rptime":"1440493200","rpr":1580.8159013914,"rprd":78.995450838817,"rpsigma":"0","acre":1103.3398086806,"lacre":1103.3398086806,"oldacre":"1133.8912123624"},"endType":"forfeit"}