{"seed":[11312,7840,1778,51260],"turns":20,"p1":"Adviser♕Dooms","p2":"GTX♅Bzumzum","p1team":[{"name":"Armaldo","species":"Armaldo","item":"assaultvest","ability":"Battle Armor","moves":["rapidspin","stoneedge","earthquake","knockoff"],"nature":"Adamant","evs":{"hp":240,"atk":16,"def":0,"spa":0,"spd":252,"spe":0},"gender":"M","shiny":true,"ivs":{"hp":31,"atk":31,"def":31,"spa":31,"spd":31,"spe":31}},{"name":"Forretress","species":"Forretress","item":"rockyhelmet","ability":"Sturdy","moves":["gyroball","stealthrock","voltswitch","rapidspin"],"nature":"Relaxed","evs":{"hp":252,"atk":0,"def":252,"spa":0,"spd":4,"spe":0},"gender":"M","ivs":{"hp":31,"atk":31,"def":31,"spa":31,"spd":31,"spe":0},"shiny":true},{"name":"Heracross","species":"Heracross","item":"choicescarf","ability":"Moxie","moves":["closecombat","stoneedge","knockoff","megahorn"],"nature":"Jolly","evs":{"hp":32,"atk":252,"def":0,"spa":0,"spd":0,"spe":224},"gender":"M","shiny":true,"ivs":{"hp":31,"atk":31,"def":31,"spa":31,"spd":31,"spe":31}},{"name":"Pinsir","species":"Pinsir","item":"pinsirite","ability":"Mold Breaker","moves":["earthquake","quickattack","return","swordsdance"],"nature":"Jolly","evs":{"hp":0,"atk":252,"def":0,"spa":0,"spd":4,"spe":252},"gender":"M","shiny":true,"ivs":{"hp":31,"atk":31,"def":31,"spa":31,"spd":31,"spe":31}},{"name":"Volcarona","species":"Volcarona","item":"leftovers","ability":"Flame Body","moves":["quiverdance","gigadrain","fierydance","hiddenpowerground"],"nature":"Timid","evs":{"hp":120,"atk":0,"def":136,"spa":0,"spd":0,"spe":252},"gender":"M","ivs":{"hp":31,"atk":0,"def":31,"spa":30,"spd":30,"spe":31},"shiny":true},{"name":"Shuckle","species":"Shuckle","item":"leftovers","ability":"Contrary","moves":["shellsmash","infestation","toxic","rest"],"nature":"Sassy","evs":{"hp":252,"atk":0,"def":236,"spa":0,"spd":20,"spe":0},"gender":"M","shiny":true,"ivs":{"hp":31,"atk":31,"def":31,"spa":31,"spd":31,"spe":31}}],"p2team":[{"name":"Thorns","species":"ferrothorn","item":"focussash","ability":"Iron Barbs","moves":["stealthrock","gyroball","leechseed","protect"],"nature":"Jolly","evs":{"hp":128,"atk":100,"def":116,"spa":0,"spd":120,"spe":44},"gender":"M","ivs":{"hp":31,"atk":31,"def":31,"spa":31,"spd":31,"spe":0}},{"name":"Brawloom","species":"breloom","item":"focussash","ability":"Technician","moves":["swordsdance","rocktomb","machpunch","spore"],"nature":"Jolly","evs":{"hp":4,"atk":252,"def":0,"spa":0,"spd":0,"spe":252},"gender":"M","shiny":true,"ivs":{"hp":31,"atk":31,"def":31,"spa":31,"spd":31,"spe":31}},{"name":"Healer","species":"shaymin","item":"leftovers","ability":"Natural Cure","moves":["aromatherapy","earthpower","airslash","seedflare"],"nature":"Calm","evs":{"hp":0,"atk":0,"def":0,"spa":252,"spd":4,"spe":252},"shiny":true,"ivs":{"hp":31,"atk":31,"def":31,"spa":31,"spd":31,"spe":31}},{"name":"Ludicool","species":"ludicolo","item":"leftovers","ability":"Swift Swim","moves":["icebeam","scald","gigadrain","raindance"],"nature":"Modest","evs":{"hp":200,"atk":0,"def":0,"spa":184,"spd":4,"spe":120},"gender":"M","shiny":true,"ivs":{"hp":31,"atk":31,"def":31,"spa":31,"spd":31,"spe":31}},{"name":"Great-ily","species":"cradily","item":"leftovers","ability":"Storm Drain","moves":["ancientpower","earthpower","recover","toxic"],"nature":"Calm","evs":{"hp":232,"atk":24,"def":0,"spa":0,"spd":252,"spe":0},"gender":"M","shiny":true,"ivs":{"hp":31,"atk":31,"def":31,"spa":31,"spd":31,"spe":31}},{"name":"Plantasaurus","species":"venusaur","item":"venusaurite","ability":"Chlorophyll","moves":["gigadrain","hiddenpowerrock","sludgebomb","synthesis"],"nature":"Modest","evs":{"hp":0,"atk":0,"def":68,"spa":188,"spd":0,"spe":252},"gender":"M","ivs":{"hp":31,"atk":31,"def":30,"spa":31,"spd":30,"spe":30},"shiny":true}],"log":["|player|p1|Adviser♕Dooms|66","|player|p2|GTX♅Bzumzum|225","|gametype|singles","|gen|6","|tier|Monotype","|rated","|rule|Baton Pass Clause: Limit one Baton Passer, can't pass Spe and other stats simultaneously","|rule|Swagger Clause: Swagger is banned","|rule|Same Type Clause: Pokémon in a team must share a type","|clearpoke","|poke|p1|Armaldo, M, shiny","|poke|p1|Forretress, M, shiny","|poke|p1|Heracross, M, shiny","|poke|p1|Pinsir, M, shiny","|poke|p1|Volcarona, M, shiny","|poke|p1|Shuckle, M, shiny","|poke|p2|Ferrothorn, M","|poke|p2|Breloom, M, shiny","|poke|p2|Shaymin, shiny","|poke|p2|Ludicolo, M, shiny","|poke|p2|Cradily, M, shiny","|poke|p2|Venusaur, M, shiny","|rule|Sleep Clause Mod: Limit one foe put to sleep","|rule|Species Clause: Limit one of each Pokémon","|rule|OHKO Clause: OHKO moves are banned","|rule|Moody Clause: Moody is banned","|rule|Evasion Moves Clause: Evasion moves are banned","|rule|Endless Battle Clause: Forcing endless battles is banned","|rule|HP Percentage Mod: HP is shown in percentages","|teampreview","|","|start","|switch|p1a: Volcarona|Volcarona, M, shiny|341/341","|switch|p2a: Ludicool|Ludicolo, M, shiny|351/351","|turn|1","|","|move|p1a: Volcarona|Quiver Dance|p1a: Volcarona","|-boost|p1a: Volcarona|spa|1","|-boost|p1a: Volcarona|spd|1","|-boost|p1a: Volcarona|spe|1","|move|p2a: Ludicool|Rain Dance|p2a: Ludicool","|-weather|RainDance","|","|-weather|RainDance|[upkeep]","|turn|2","|","|move|p1a: Volcarona|Giga Drain|p2a: Ludicool","|-damage|p2a: Ludicool|236/351","|move|p2a: Ludicool|Scald|p1a: Volcarona","|-supereffective|p1a: Volcarona","|-damage|p1a: Volcarona|117/341","|","|-weather|RainDance|[upkeep]","|-heal|p1a: Volcarona|138/341|[from] item: Leftovers","|-heal|p2a: Ludicool|257/351|[from] item: Leftovers","|turn|3","|","|move|p1a: Volcarona|Fiery Dance|p2a: Ludicool","|-damage|p2a: Ludicool|167/351","|-boost|p1a: Volcarona|spa|1","|move|p2a: Ludicool|Scald|p1a: Volcarona","|-supereffective|p1a: Volcarona","|-damage|p1a: Volcarona|0 fnt","|faint|p1a: Volcarona","|","|-weather|RainDance|[upkeep]","|-heal|p2a: Ludicool|188/351|[from] item: Leftovers","|","|switch|p1a: Shuckle|Shuckle, M, shiny|244/244","|turn|4","|","|move|p2a: Ludicool|Scald|p1a: Shuckle","|-crit|p1a: Shuckle","|-supereffective|p1a: Shuckle","|-damage|p1a: Shuckle|38/244","|move|p1a: Shuckle|Shell Smash|p1a: Shuckle","|-boost|p1a: Shuckle|def|1","|-boost|p1a: Shuckle|spd|1","|-unboost|p1a: Shuckle|atk|2","|-unboost|p1a: Shuckle|spa|2","|-unboost|p1a: Shuckle|spe|2","|","|-weather|RainDance|[upkeep]","|-heal|p2a: Ludicool|209/351|[from] item: Leftovers","|-heal|p1a: Shuckle|53/244|[from] item: Leftovers","|turn|5","|","|move|p2a: Ludicool|Giga Drain|p1a: Shuckle","|-damage|p1a: Shuckle|20/244","|-heal|p2a: Ludicool|226/351|[from] drain|[of] p1a: Shuckle","|move|p1a: Shuckle|Rest|p1a: Shuckle","|-status|p1a: Shuckle|slp","|-heal|p1a: Shuckle|244/244 slp|[silent]","|-status|p1a: Shuckle|slp|[from] move: Rest","|","|-weather|none","|-heal|p2a: Ludicool|247/351|[from] item: Leftovers","|turn|6","|","|switch|p2a: Thorns|Ferrothorn, M|321/321","|cant|p1a: Shuckle|slp","|","|turn|7","|","|move|p2a: Thorns|Leech Seed|p1a: Shuckle","|-start|p1a: Shuckle|move: Leech Seed","|cant|p1a: Shuckle|slp","|","|-damage|p1a: Shuckle|214/244 slp|[from] Leech Seed|[of] p2a: Thorns","|turn|8","|","|switch|p1a: Forretress|Forretress, M, shiny|354/354","|move|p2a: Thorns|Stealth Rock|p1a: Forretress","|-sidestart|p1: Adviser♕Dooms|move: Stealth Rock","|","|turn|9","|","|move|p2a: Thorns|Protect|p2a: Thorns","|-singleturn|p2a: Thorns|Protect","|move|p1a: Forretress|Stealth Rock|p2a: Thorns","|-sidestart|p2: GTX♅Bzumzum|move: Stealth Rock","|","|turn|10","|","|move|p1a: Forretress|Rapid Spin|p2a: Thorns","|-resisted|p2a: Thorns","|-damage|p2a: Thorns|316/321","|-damage|p1a: Forretress|310/354|[from] ability: Iron Barbs|[of] p2a: Thorns","|-sideend|p1: Adviser♕Dooms|Stealth Rock|[from] move: Rapid Spin|[of] p1a: Forretress","|move|p2a: Thorns|Leech Seed|p1a: Forretress","|-start|p1a: Forretress|move: Leech Seed","|","|-damage|p1a: Forretress|266/354|[from] Leech Seed|[of] p2a: Thorns","|-heal|p2a: Thorns|321/321|[silent]","|turn|11","|","|switch|p2a: Brawloom|Breloom, M, shiny|262/262","|-damage|p2a: Brawloom|246/262|[from] Stealth Rock","|move|p1a: Forretress|Volt Switch|p2a: Brawloom","|-resisted|p2a: Brawloom","|-damage|p2a: Brawloom|218/262","|","|switch|p1a: Heracross|Heracross, M, shiny|309/309","|","|turn|12","|","|move|p1a: Heracross|Megahorn|p2a: Brawloom","|-damage|p2a: Brawloom|0 fnt","|faint|p2a: Brawloom","|-boost|p1a: Heracross|atk|1|[from] ability: Moxie","|","|","|switch|p2a: Thorns|Ferrothorn, M|321/321","|-damage|p2a: Thorns|301/321|[from] Stealth Rock","|turn|13","|","|move|p1a: Heracross|Megahorn|p2a: Thorns","|-damage|p2a: Thorns|70/321","|-damage|p1a: Heracross|271/309|[from] ability: Iron Barbs|[of] p2a: Thorns","|move|p2a: Thorns|Leech Seed|p1a: Heracross","|-start|p1a: Heracross|move: Leech Seed","|","|-damage|p1a: Heracross|233/309|[from] Leech Seed|[of] p2a: Thorns","|-heal|p2a: Thorns|108/321|[silent]","|turn|14","|","|move|p2a: Thorns|Protect|p2a: Thorns","|-singleturn|p2a: Thorns|Protect","|move|p1a: Heracross|Megahorn|p2a: Thorns","|-activate|p2a: Thorns|Protect","|","|-damage|p1a: Heracross|195/309|[from] Leech Seed|[of] p2a: Thorns","|-heal|p2a: Thorns|146/321|[silent]","|turn|15","|","|move|p2a: Thorns|Protect|p2a: Thorns","|-fail|p2a: Thorns","|move|p1a: Heracross|Megahorn|p2a: Thorns","|-crit|p2a: Thorns","|-damage|p2a: Thorns|0 fnt","|-damage|p1a: Heracross|157/309|[from] ability: Iron Barbs|[of] p2a: Thorns","|faint|p2a: Thorns","|-boost|p1a: Heracross|atk|1|[from] ability: Moxie","|","|","|switch|p2a: Great-ily|Cradily, M, shiny|371/371","|-damage|p2a: Great-ily|325/371|[from] Stealth Rock","|turn|16","|","|move|p1a: Heracross|Megahorn|p2a: Great-ily","|-supereffective|p2a: Great-ily","|-damage|p2a: Great-ily|0 fnt","|faint|p2a: Great-ily","|-boost|p1a: Heracross|atk|1|[from] ability: Moxie","|","|","|switch|p2a: Healer|Shaymin, shiny|341/341","|-damage|p2a: Healer|299/341|[from] Stealth Rock","|turn|17","|","|move|p1a: Heracross|Megahorn|p2a: Healer","|-supereffective|p2a: Healer","|-damage|p2a: Healer|0 fnt","|faint|p2a: Healer","|-boost|p1a: Heracross|atk|1|[from] ability: Moxie","|","|","|switch|p2a: Ludicool|Ludicolo, M, shiny|247/351","|-damage|p2a: Ludicool|204/351|[from] Stealth Rock","|turn|18","|","|move|p1a: Heracross|Megahorn|p2a: Ludicool","|-supereffective|p2a: Ludicool","|-damage|p2a: Ludicool|0 fnt","|faint|p2a: Ludicool","|-boost|p1a: Heracross|atk|1|[from] ability: Moxie","|","|","|switch|p2a: Plantasaurus|Venusaur, M, shiny|301/301","|-damage|p2a: Plantasaurus|264/301|[from] Stealth Rock","|turn|19","|","|detailschange|p2a: Plantasaurus|Venusaur-Mega, M, shiny","|-mega|p2a: Plantasaurus|Venusaur|Venusaurite","|move|p1a: Heracross|Megahorn|p2a: Plantasaurus|[miss]","|-miss|p1a: Heracross|p2a: Plantasaurus","|move|p2a: Plantasaurus|Hidden Power|p1a: Heracross","|-damage|p1a: Heracross|85/309","|","|-damage|p1a: Heracross|47/309|[from] Leech Seed|[of] p2a: Plantasaurus","|-heal|p2a: Plantasaurus|301/301|[silent]","|turn|20","|","|move|p1a: Heracross|Megahorn|p2a: Plantasaurus","|-damage|p2a: Plantasaurus|0 fnt","|faint|p2a: Plantasaurus","|-boost|p1a: Heracross|atk|1|[from] ability: Moxie","|","|win|Adviser♕Dooms"],"p1rating":{"entryid":"117867","serverid":"eos","formatid":"monotype","userid":"adviserdooms","username":"Adviser♕Dooms","w":15,"l":"21","t":"0","gxe":43.7,"r":"1445.6083825168","rd":"57.816529029688","sigma":"0","rptime":"1440579600","rpr":1451.9105983117,"rprd":57.126210420426,"rpsigma":"0","acre":1074.362196559,"lacre":1074.362196559,"oldacre":"1039.3073227569"},"p2rating":{"entryid":"1463","serverid":"eos","formatid":"monotype","userid":"gtxbzumzum","username":"GTX♅Bzumzum","w":"19","l":51,"t":"0","gxe":28.8,"r":"1328.3658327694","rd":"45.392264038716","sigma":"0","rptime":"1440579600","rpr":1328.622222043,"rprd":44.4696036219,"rpsigma":"0","acre":1031.164445811,"lacre":1031.164445811,"oldacre":"1048.9979225882"},"endType":"normal"}