{"seed":[21383,8007,41521,5193],"turns":23,"p1":"Twizz","p2":"V Icarus","p1team":[{"name":"0.F.U","species":"magnezone","item":"leftovers","ability":"Sturdy","moves":["flashcannon","thunderbolt","protect","hiddenpowerice"],"nature":"Modest","evs":{"hp":76,"atk":0,"def":180,"spa":252,"spd":0,"spe":0},"ivs":{"hp":31,"atk":30,"def":30,"spa":31,"spd":31,"spe":31}},{"name":"Nope","species":"zapdos","item":"leftovers","ability":"Pressure","moves":["discharge","heatwave","toxic","roost"],"nature":"Bold","evs":{"hp":4,"atk":0,"def":252,"spa":56,"spd":196,"spe":0},"ivs":{"hp":31,"atk":31,"def":31,"spa":31,"spd":31,"spe":31}},{"name":"Amphabulous","species":"ampharos","item":"ampharosite","ability":"Static","moves":["cottonguard","rest","sleeptalk","dragonpulse"],"nature":"Bold","evs":{"hp":0,"atk":0,"def":252,"spa":136,"spd":120,"spe":0},"ivs":{"hp":31,"atk":31,"def":31,"spa":31,"spd":31,"spe":31}},{"name":"Raikou","species":"Raikou","item":"leftovers","ability":"Pressure","moves":["calmmind","substitute","thunderbolt","extrasensory"],"nature":"Timid","evs":{"hp":0,"atk":0,"def":0,"spa":252,"spd":4,"spe":252},"ivs":{"hp":31,"atk":30,"def":30,"spa":31,"spd":31,"spe":31}},{"name":"Fuck you","species":"rotomwash","item":"choicescarf","ability":"Levitate","moves":["voltswitch","hydropump","willowisp","trick"],"nature":"Timid","evs":{"hp":0,"atk":0,"def":0,"spa":252,"spd":4,"spe":252},"ivs":{"hp":31,"atk":31,"def":31,"spa":31,"spd":31,"spe":31}},{"name":"Thundurus","species":"Thundurus","item":"lifeorb","ability":"Prankster","moves":["thunderwave","thunderbolt","uturn","psychic"],"nature":"Serious","evs":{"hp":4,"atk":96,"def":0,"spa":156,"spd":0,"spe":252},"ivs":{"hp":31,"atk":31,"def":31,"spa":31,"spd":31,"spe":31}}],"p2team":[{"name":"Glalie","species":"Glalie","item":"glalitite","ability":"Inner Focus","moves":["iceshard","bodyslam","protect","earthquake"],"nature":"Jolly","evs":{"hp":4,"atk":252,"def":0,"spa":0,"spd":0,"spe":252},"shiny":true,"ivs":{"hp":31,"atk":31,"def":31,"spa":31,"spd":31,"spe":31}},{"name":"Regice","species":"Regice","item":"leftovers","ability":"Clear Body","moves":["blizzard","thunderbolt","hail","toxic"],"nature":"Modest","evs":{"hp":112,"atk":0,"def":156,"spa":240,"spd":0,"spe":0},"shiny":true,"ivs":{"hp":31,"atk":31,"def":31,"spa":31,"spd":31,"spe":31}},{"name":"Avalugg","species":"Avalugg","item":"leftovers","ability":"Sturdy","moves":["gyroball","rapidspin","recover","roar"],"nature":"Brave","evs":{"hp":236,"atk":0,"def":184,"spa":0,"spd":88,"spe":0},"ivs":{"hp":31,"atk":31,"def":31,"spa":31,"spd":31,"spe":0}},{"name":"Kyurem-Black","species":"Kyurem-Black","item":"lifeorb","ability":"Teravolt","moves":["roost","substitute","icebeam","earthpower"],"nature":"Modest","evs":{"hp":168,"atk":0,"def":36,"spa":188,"spd":116,"spe":0},"shiny":true,"ivs":{"hp":31,"atk":31,"def":31,"spa":31,"spd":31,"spe":31}},{"name":"Mamoswine","species":"Mamoswine","item":"focussash","ability":"Thick Fat","moves":["earthquake","iciclecrash","knockoff","stealthrock"],"nature":"Jolly","evs":{"hp":36,"atk":216,"def":4,"spa":0,"spd":0,"spe":252},"shiny":true,"ivs":{"hp":31,"atk":31,"def":31,"spa":31,"spd":31,"spe":31}},{"name":"Weavile","species":"Weavile","item":"focussash","ability":"Pickpocket","moves":["iciclecrash","knockoff","lowkick","swordsdance"],"nature":"Jolly","evs":{"hp":0,"atk":216,"def":40,"spa":0,"spd":0,"spe":252},"shiny":true,"ivs":{"hp":31,"atk":31,"def":31,"spa":31,"spd":31,"spe":31}}],"log":["|player|p1|Twizz|264","|player|p2|V Icarus|vicarus.png","|gametype|singles","|gen|6","|tier|Monotype","|rated","|rule|Baton Pass Clause: Limit one Baton Passer, can't pass Spe and other stats simultaneously","|rule|Swagger Clause: Swagger is banned","|rule|Same Type Clause: Pokémon in a team must share a type","|clearpoke","|poke|p1|Magnezone","|poke|p1|Zapdos","|poke|p1|Ampharos, M","|poke|p1|Raikou","|poke|p1|Rotom-Wash","|poke|p1|Thundurus, M","|poke|p2|Glalie, M, shiny","|poke|p2|Regice, shiny","|poke|p2|Avalugg, M","|poke|p2|Kyurem-Black, shiny","|poke|p2|Mamoswine, M, shiny","|poke|p2|Weavile, F, shiny","|rule|Sleep Clause Mod: Limit one foe put to sleep","|rule|Species Clause: Limit one of each Pokémon","|rule|OHKO Clause: OHKO moves are banned","|rule|Moody Clause: Moody is banned","|rule|Evasion Moves Clause: Evasion moves are banned","|rule|Endless Battle Clause: Forcing endless battles is banned","|rule|HP Percentage Mod: HP is shown in percentages","|teampreview","|","|start","|switch|p1a: Fuck you|Rotom-Wash|241/241","|switch|p2a: Mamoswine|Mamoswine, M, shiny|370/370","|turn|1","|","|move|p1a: Fuck you|Hydro Pump|p2a: Mamoswine","|-crit|p2a: Mamoswine","|-supereffective|p2a: Mamoswine","|-enditem|p2a: Mamoswine|Focus Sash","|-damage|p2a: Mamoswine|1/370","|move|p2a: Mamoswine|Stealth Rock|p1a: Fuck you","|-sidestart|p1: Twizz|move: Stealth Rock","|","|turn|2","|","|switch|p1a: 0.F.U|Magnezone|300/300","|-damage|p1a: 0.F.U|282/300|[from] Stealth Rock","|switch|p2a: Regice|Regice, shiny|329/329","|","|-heal|p1a: 0.F.U|300/300|[from] item: Leftovers","|turn|3","|","|switch|p2a: Avalugg|Avalugg, M|390/390","|move|p1a: 0.F.U|Flash Cannon|p2a: Avalugg","|-supereffective|p2a: Avalugg","|-ability|p2a: Avalugg|Sturdy","|-damage|p2a: Avalugg|1/390","|","|-heal|p2a: Avalugg|25/390|[from] item: Leftovers","|turn|4","|","|move|p1a: 0.F.U|Flash Cannon|p2a: Avalugg","|-supereffective|p2a: Avalugg","|-damage|p2a: Avalugg|0 fnt","|faint|p2a: Avalugg","|","|","|switch|p2a: Weavile|Weavile, F, shiny|281/281","|turn|5","|","|move|p1a: 0.F.U|Protect|p1a: 0.F.U","|-singleturn|p1a: 0.F.U|Protect","|move|p2a: Weavile|Swords Dance|p2a: Weavile","|-boost|p2a: Weavile|atk|2","|","|turn|6","|","|move|p2a: Weavile|Low Kick|p1a: 0.F.U","|-supereffective|p1a: 0.F.U","|-ability|p1a: 0.F.U|Sturdy","|-damage|p1a: 0.F.U|1/300","|move|p1a: 0.F.U|Flash Cannon|p2a: Weavile","|-supereffective|p2a: Weavile","|-enditem|p2a: Weavile|Focus Sash","|-damage|p2a: Weavile|1/281","|","|-heal|p1a: 0.F.U|19/300|[from] item: Leftovers","|turn|7","|","|move|p1a: 0.F.U|Protect|p1a: 0.F.U","|-singleturn|p1a: 0.F.U|Protect","|move|p2a: Weavile|Low Kick|p1a: 0.F.U","|-activate|p1a: 0.F.U|Protect","|","|-heal|p1a: 0.F.U|37/300|[from] item: Leftovers","|turn|8","|","|move|p2a: Weavile|Low Kick|p1a: 0.F.U","|-supereffective|p1a: 0.F.U","|-damage|p1a: 0.F.U|0 fnt","|faint|p1a: 0.F.U","|","|","|switch|p1a: Thundurus|Thundurus, M|300/300","|-damage|p1a: Thundurus|225/300|[from] Stealth Rock","|turn|9","|","|move|p1a: Thundurus|Thunder Wave|p2a: Weavile","|-status|p2a: Weavile|par","|move|p2a: Weavile|Icicle Crash|p1a: Thundurus","|-supereffective|p1a: Thundurus","|-damage|p1a: Thundurus|0 fnt","|faint|p1a: Thundurus","|","|","|switch|p1a: Amphabulous|Ampharos, M|321/321","|-damage|p1a: Amphabulous|281/321|[from] Stealth Rock","|turn|10","|","|move|p1a: Amphabulous|Cotton Guard|p1a: Amphabulous","|-boost|p1a: Amphabulous|def|3","|move|p2a: Weavile|Icicle Crash|p1a: Amphabulous","|-damage|p1a: Amphabulous|187/321","|","|turn|11","|","|detailschange|p1a: Amphabulous|Ampharos-Mega, M","|-mega|p1a: Amphabulous|Ampharos|Ampharosite","|-ability|p1a: Amphabulous|Mold Breaker","|move|p1a: Amphabulous|Dragon Pulse|p2a: Weavile","|-damage|p2a: Weavile|0 fnt","|faint|p2a: Weavile","|","|","|switch|p2a: Regice|Regice, shiny|329/329","|turn|12","|","|switch|p1a: Fuck you|Rotom-Wash|241/241","|-damage|p1a: Fuck you|211/241|[from] Stealth Rock","|move|p2a: Regice|Hail|p2a: Regice","|-weather|Hail","|","|-weather|Hail|[upkeep]","|-damage|p1a: Fuck you|196/241|[from] hail","|turn|13","|","|move|p1a: Fuck you|Trick|p2a: Regice","|-activate|p1a: Fuck you|move: Trick|[of] p2a: Regice","|-item|p2a: Regice|Choice Scarf|[from] move: Trick","|-item|p1a: Fuck you|Leftovers|[from] move: Trick","|move|p2a: Regice|Toxic|p1a: Fuck you","|-status|p1a: Fuck you|tox","|","|-weather|Hail|[upkeep]","|-damage|p1a: Fuck you|181/241 tox|[from] hail","|-heal|p1a: Fuck you|196/241 tox|[from] item: Leftovers","|-damage|p1a: Fuck you|181/241 tox|[from] psn","|turn|14","|","|switch|p2a: Mamoswine|Mamoswine, M, shiny|1/370","|move|p1a: Fuck you|Will-O-Wisp|p2a: Mamoswine","|-status|p2a: Mamoswine|brn","|","|-weather|Hail|[upkeep]","|-damage|p1a: Fuck you|166/241 tox|[from] hail","|-heal|p1a: Fuck you|181/241 tox|[from] item: Leftovers","|-damage|p1a: Fuck you|151/241 tox|[from] psn","|-damage|p2a: Mamoswine|0 fnt|[from] brn","|faint|p2a: Mamoswine","|","|switch|p2a: Regice|Regice, shiny|329/329","|turn|15","|","|move|p1a: Fuck you|Will-O-Wisp|p2a: Regice","|-status|p2a: Regice|brn","|move|p2a: Regice|Thunderbolt|p1a: Fuck you","|-damage|p1a: Fuck you|56/241 tox","|","|-weather|Hail|[upkeep]","|-damage|p1a: Fuck you|41/241 tox|[from] hail","|-heal|p1a: Fuck you|56/241 tox|[from] item: Leftovers","|-damage|p1a: Fuck you|11/241 tox|[from] psn","|-damage|p2a: Regice|288/329 brn|[from] brn","|turn|16","|","|move|p1a: Fuck you|Volt Switch|p2a: Regice","|-damage|p2a: Regice|233/329 brn","|","|switch|p1a: Raikou|Raikou|321/321","|-damage|p1a: Raikou|281/321|[from] Stealth Rock","|-ability|p1a: Raikou|Pressure","|move|p2a: Regice|Thunderbolt|p1a: Raikou","|-resisted|p1a: Raikou","|-damage|p1a: Raikou|229/321","|","|-weather|none","|-heal|p1a: Raikou|249/321|[from] item: Leftovers","|-damage|p2a: Regice|192/329 brn|[from] brn","|turn|17","|","|switch|p2a: Kyurem-Black|Kyurem-Black, shiny|433/433","|-ability|p2a: Kyurem-Black|Teravolt","|move|p1a: Raikou|Calm Mind|p1a: Raikou","|-boost|p1a: Raikou|spa|1","|-boost|p1a: Raikou|spd|1","|","|-heal|p1a: Raikou|269/321|[from] item: Leftovers","|turn|18","|","|move|p1a: Raikou|Substitute|p1a: Raikou","|-start|p1a: Raikou|Substitute","|-damage|p1a: Raikou|189/321","|move|p2a: Kyurem-Black|Earth Power|p1a: Raikou","|-supereffective|p1a: Raikou","|-end|p1a: Raikou|Substitute","|-damage|p2a: Kyurem-Black|390/433|[from] item: Life Orb","|","|-heal|p1a: Raikou|209/321|[from] item: Leftovers","|turn|19","|","|switch|p1a: Fuck you|Rotom-Wash|11/241 tox","|-damage|p1a: Fuck you|0 fnt|[from] Stealth Rock","|faint|p1a: Fuck you","|switch|p2a: Glalie|Glalie, M, shiny|302/302","|","|","|switch|p1a: Nope|Zapdos|322/322","|-damage|p1a: Nope|242/322|[from] Stealth Rock","|-ability|p1a: Nope|Pressure","|turn|20","|","|switch|p1a: Amphabulous|Ampharos-Mega, M|187/321","|-damage|p1a: Amphabulous|147/321|[from] Stealth Rock","|-ability|p1a: Amphabulous|Mold Breaker","|detailschange|p2a: Glalie|Glalie-Mega, M, shiny","|-mega|p2a: Glalie|Glalie|Glalitite","|move|p2a: Glalie|Protect|p2a: Glalie","|-fail|p2a: Glalie","|","|turn|21","|","|move|p2a: Glalie|Body Slam|p1a: Amphabulous","|-supereffective|p1a: Amphabulous","|-damage|p1a: Amphabulous|0 fnt","|faint|p1a: Amphabulous","|","|","|switch|p1a: Raikou|Raikou|209/321","|-damage|p1a: Raikou|169/321|[from] Stealth Rock","|-ability|p1a: Raikou|Pressure","|turn|22","|","|move|p1a: Raikou|Thunderbolt|p2a: Glalie","|-damage|p2a: Glalie|134/302","|move|p2a: Glalie|Earthquake|p1a: Raikou","|-supereffective|p1a: Raikou","|-damage|p1a: Raikou|0 fnt","|faint|p1a: Raikou","|","|","|switch|p1a: Nope|Zapdos|242/322","|-damage|p1a: Nope|162/322|[from] Stealth Rock","|-ability|p1a: Nope|Pressure","|turn|23","|","|move|p2a: Glalie|Body Slam|p1a: Nope","|-supereffective|p1a: Nope","|-damage|p1a: Nope|0 fnt","|faint|p1a: Nope","|","|win|V Icarus"],"p1rating":{"entryid":"66045","serverid":"eos","formatid":"monotype","userid":"twizz","username":"Twizz","w":"17","l":14,"t":"0","gxe":50.9,"r":"1525.1968451177","rd":"62.413904376267","sigma":"0","rptime":"1440579600","rpr":1507.2067733292,"rprd":60.672080174269,"rpsigma":"0","acre":1054.882021319,"lacre":1054.882021319,"oldacre":"1075.4302509544"},"p2rating":{"entryid":"312374","serverid":"eos","formatid":"monotype","userid":"vicarus","username":"V Icarus","w":3,"l":"0","t":"0","gxe":61.7,"r":"1563.3279781395","rd":"116.31455219011","sigma":"0","rptime":"1440579600","rpr":1594.1439678205,"rprd":110.57006744409,"rpsigma":"0","acre":1113.773834128,"lacre":1113.773834128,"oldacre":"1087.9267675354"},"endType":"normal"}