{"seed":[23227,31697,64125,46818],"turns":28,"p1":"SL~Kingdra","p2":"Union Entropy","p1team":[{"name":"Ambipom","species":"Ambipom","item":"lifeorb","ability":"Technician","moves":["fakeout","lastresort"],"nature":"Jolly","evs":{"hp":4,"atk":252,"def":0,"spa":0,"spd":0,"spe":252},"ivs":{"hp":31,"atk":31,"def":31,"spa":31,"spd":31,"spe":31}},{"name":"Lopunny","species":"Lopunny","item":"lopunnite","ability":"Limber","moves":["fakeout","highjumpkick","firepunch","return"],"nature":"Adamant","evs":{"hp":4,"atk":252,"def":0,"spa":0,"spd":0,"spe":252},"ivs":{"hp":31,"atk":31,"def":31,"spa":31,"spd":31,"spe":31}},{"name":"Mel-B","species":"meloetta","item":"leftovers","ability":"Serene Grace","moves":["psychic","shadowball","hypervoice","calmmind"],"nature":"Calm","evs":{"hp":252,"atk":0,"def":0,"spa":4,"spd":252,"spe":0},"ivs":{"hp":31,"atk":31,"def":30,"spa":30,"spd":30,"spe":31}},{"name":"Demolition","species":"diggersby","item":"lifeorb","ability":"Huge Power","moves":["earthquake","quickattack","return","firepunch"],"nature":"Adamant","evs":{"hp":4,"atk":252,"def":0,"spa":0,"spd":0,"spe":252},"ivs":{"hp":31,"atk":31,"def":31,"spa":31,"spd":31,"spe":31}},{"name":"Cute Blob","species":"ditto","item":"choicescarf","ability":"Imposter","moves":["transform"],"nature":"Timid","evs":{"hp":252,"atk":0,"def":4,"spa":0,"spd":0,"spe":252},"ivs":{"hp":31,"atk":31,"def":31,"spa":31,"spd":31,"spe":31}},{"name":"Corey","species":"porygonz","item":"focussash","ability":"Adaptability","moves":["triattack","icebeam","hiddenpowerfire","nastyplot"],"nature":"Timid","evs":{"hp":4,"atk":0,"def":0,"spa":252,"spd":0,"spe":252},"ivs":{"hp":31,"atk":30,"def":31,"spa":30,"spd":31,"spe":30}}],"p2team":[{"name":"Cofagrigus","species":"Cofagrigus","item":"leftovers","ability":"Mummy","moves":["shadowball","trickroom","destinybond","willowisp"],"nature":"Sassy","evs":{"hp":252,"atk":0,"def":0,"spa":4,"spd":252,"spe":0},"ivs":{"hp":31,"atk":31,"def":31,"spa":31,"spd":31,"spe":0}},{"name":"Aegislash","species":"Aegislash","item":"weaknesspolicy","ability":"Stance Change","moves":["shadowball","sacredsword","kingsshield","shadowsneak"],"nature":"Gentle","evs":{"hp":248,"atk":8,"def":0,"spa":0,"spd":252,"spe":0},"ivs":{"hp":31,"atk":31,"def":31,"spa":31,"spd":31,"spe":31}},{"name":"Trevenant","species":"Trevenant","item":"sitrusberry","ability":"Harvest","moves":["hornleech","substitute","willowisp","leechseed"],"nature":"Careful","evs":{"hp":252,"atk":4,"def":0,"spa":0,"spd":252,"spe":0},"ivs":{"hp":31,"atk":31,"def":31,"spa":31,"spd":31,"spe":31}},{"name":"Jellicent","species":"Jellicent","item":"leftovers","ability":"Cursed Body","moves":["trickroom","scald","recover","toxic"],"nature":"Relaxed","evs":{"hp":252,"atk":0,"def":252,"spa":0,"spd":4,"spe":0},"ivs":{"hp":31,"atk":31,"def":31,"spa":31,"spd":31,"spe":0}},{"name":"Sableye","species":"Sableye","item":"sablenite","ability":"Prankster","moves":["calmmind","darkpulse","willowisp","recover"],"nature":"Calm","evs":{"hp":248,"atk":0,"def":0,"spa":8,"spd":252,"spe":0},"ivs":{"hp":31,"atk":31,"def":31,"spa":31,"spd":31,"spe":31}},{"name":"Hoopa","species":"Hoopa","item":"choicespecs","ability":"Magician","moves":["hyperspacehole","shadowball","focusblast","psyshock"],"nature":"Quiet","evs":{"hp":248,"atk":0,"def":0,"spa":252,"spd":8,"spe":0},"ivs":{"hp":31,"atk":31,"def":31,"spa":31,"spd":31,"spe":0}}],"log":["|player|p1|SL~Kingdra|122","|player|p2|Union Entropy|144","|gametype|singles","|gen|6","|tier|Monotype","|rated","|rule|Baton Pass Clause: Limit one Baton Passer, can't pass Spe and other stats simultaneously","|rule|Swagger Clause: Swagger is banned","|rule|Same Type Clause: Pokémon in a team must share a type","|clearpoke","|poke|p1|Ambipom, M","|poke|p1|Lopunny, F","|poke|p1|Meloetta","|poke|p1|Diggersby, M","|poke|p1|Ditto","|poke|p1|Porygon-Z","|poke|p2|Cofagrigus, M","|poke|p2|Aegislash, M","|poke|p2|Trevenant, F","|poke|p2|Jellicent, F","|poke|p2|Sableye, F","|poke|p2|Hoopa","|rule|Sleep Clause Mod: Limit one foe put to sleep","|rule|Species Clause: Limit one of each Pokémon","|rule|OHKO Clause: OHKO moves are banned","|rule|Moody Clause: Moody is banned","|rule|Evasion Moves Clause: Evasion moves are banned","|rule|Endless Battle Clause: Forcing endless battles is banned","|rule|HP Percentage Mod: HP is shown in percentages","|teampreview","|","|start","|switch|p1a: Corey|Porygon-Z|312/312","|switch|p2a: Jellicent|Jellicent, F|404/404","|turn|1","|","|move|p1a: Corey|Nasty Plot|p1a: Corey","|-boost|p1a: Corey|spa|2","|move|p2a: Jellicent|Trick Room|p2a: Jellicent","|-fieldstart|move: Trick Room|[of] p2a: Jellicent","|","|turn|2","|","|move|p2a: Jellicent|Toxic|p1a: Corey","|-status|p1a: Corey|tox","|move|p1a: Corey|Ice Beam|p2a: Jellicent","|-resisted|p2a: Jellicent","|-damage|p2a: Jellicent|303/404","|-start|p1a: Corey|Disable|Ice Beam","|","|-heal|p2a: Jellicent|328/404|[from] item: Leftovers","|-damage|p1a: Corey|293/312 tox|[from] psn","|turn|3","|","|move|p2a: Jellicent|Recover|p2a: Jellicent","|-heal|p2a: Jellicent|404/404","|move|p1a: Corey|Hidden Power|p2a: Jellicent","|-resisted|p2a: Jellicent","|-damage|p2a: Jellicent|337/404","|","|-heal|p2a: Jellicent|362/404|[from] item: Leftovers","|-damage|p1a: Corey|255/312 tox|[from] psn","|turn|4","|","|switch|p2a: Aegislash|Aegislash, M|323/323","|move|p1a: Corey|Hidden Power|p2a: Aegislash","|-supereffective|p2a: Aegislash","|-damage|p2a: Aegislash|165/323","|-enditem|p2a: Aegislash|Weakness Policy","|-boost|p2a: Aegislash|atk|2|[from] item: Weakness Policy","|-boost|p2a: Aegislash|spa|2|[from] item: Weakness Policy","|","|-damage|p1a: Corey|198/312 tox|[from] psn","|turn|5","|","|-formechange|p2a: Aegislash|Aegislash-Blade","|move|p2a: Aegislash|Sacred Sword|p1a: Corey","|-supereffective|p1a: Corey","|-damage|p1a: Corey|0 fnt","|faint|p1a: Corey","|","|-fieldend|move: Trick Room","|","|switch|p1a: Cute Blob|Ditto|300/300","|-transform|p1a: Cute Blob|p2a: Aegislash","|turn|6","|","|-formechange|p2a: Aegislash|Aegislash","|move|p2a: Aegislash|King's Shield|p2a: Aegislash","|-singleturn|p2a: Aegislash|Protect","|move|p1a: Cute Blob|Shadow Ball|p2a: Aegislash","|-activate|p2a: Aegislash|Protect","|","|turn|7","|","|-formechange|p2a: Aegislash|Aegislash-Blade","|move|p2a: Aegislash|Shadow Sneak|p1a: Cute Blob","|-supereffective|p1a: Cute Blob","|-damage|p1a: Cute Blob|0 fnt","|faint|p1a: Cute Blob","|","|","|switch|p1a: Lopunny|Lopunny, F|272/272","|turn|8","|","|switch|p1a: Demolition|Diggersby, M|312/312","|-formechange|p2a: Aegislash|Aegislash","|move|p2a: Aegislash|King's Shield|p2a: Aegislash","|-fail|p2a: Aegislash","|","|turn|9","|","|move|p2a: Aegislash|King's Shield|p2a: Aegislash","|-singleturn|p2a: Aegislash|Protect","|move|p1a: Demolition|Earthquake|p2a: Aegislash","|-activate|p2a: Aegislash|Protect","|","|turn|10","|","|switch|p2a: Trevenant|Trevenant, F|374/374","|move|p1a: Demolition|Fire Punch|p2a: Trevenant","|-supereffective|p2a: Trevenant","|-damage|p2a: Trevenant|0 fnt","|-damage|p1a: Demolition|281/312|[from] item: Life Orb","|faint|p2a: Trevenant","|","|","|switch|p2a: Cofagrigus|Cofagrigus, M|320/320","|turn|11","|","|move|p1a: Demolition|Earthquake|p2a: Cofagrigus","|-damage|p2a: Cofagrigus|112/320","|-damage|p1a: Demolition|250/312|[from] item: Life Orb","|move|p2a: Cofagrigus|Trick Room|p2a: Cofagrigus","|-fieldstart|move: Trick Room|[of] p2a: Cofagrigus","|","|-heal|p2a: Cofagrigus|132/320|[from] item: Leftovers","|turn|12","|","|move|p2a: Cofagrigus|Destiny Bond|p2a: Cofagrigus","|-singlemove|p2a: Cofagrigus|Destiny Bond","|move|p1a: Demolition|Earthquake|p2a: Cofagrigus","|-damage|p2a: Cofagrigus|0 fnt","|-damage|p1a: Demolition|219/312|[from] item: Life Orb","|faint|p2a: Cofagrigus","|-activate|p2a: Cofagrigus|Destiny Bond","|faint|p1a: Demolition","|","|","|switch|p1a: Mel-B|Meloetta|404/404","|switch|p2a: Hoopa|Hoopa|363/363","|turn|13","|","|move|p2a: Hoopa|Focus Blast|p1a: Mel-B|[miss]","|-miss|p2a: Hoopa|p1a: Mel-B","|move|p1a: Mel-B|Shadow Ball|p2a: Hoopa","|-supereffective|p2a: Hoopa","|-damage|p2a: Hoopa|135/363","|-unboost|p2a: Hoopa|spd|1","|","|turn|14","|","|move|p2a: Hoopa|Focus Blast|p1a: Mel-B","|-damage|p1a: Mel-B|251/404","|move|p1a: Mel-B|Calm Mind|p1a: Mel-B","|-boost|p1a: Mel-B|spa|1","|-boost|p1a: Mel-B|spd|1","|","|-heal|p1a: Mel-B|276/404|[from] item: Leftovers","|turn|15","|","|move|p2a: Hoopa|Focus Blast|p1a: Mel-B|[miss]","|-miss|p2a: Hoopa|p1a: Mel-B","|move|p1a: Mel-B|Shadow Ball|p2a: Hoopa","|-supereffective|p2a: Hoopa","|-damage|p2a: Hoopa|0 fnt","|faint|p2a: Hoopa","|","|-heal|p1a: Mel-B|301/404|[from] item: Leftovers","|-fieldend|move: Trick Room","|","|switch|p2a: Jellicent|Jellicent, F|362/404","|turn|16","|","|move|p1a: Mel-B|Shadow Ball|p2a: Jellicent","|-supereffective|p2a: Jellicent","|-damage|p2a: Jellicent|158/404","|-unboost|p2a: Jellicent|spd|1","|move|p2a: Jellicent|Toxic|p1a: Mel-B","|-status|p1a: Mel-B|tox","|","|-heal|p1a: Mel-B|326/404 tox|[from] item: Leftovers","|-heal|p2a: Jellicent|183/404|[from] item: Leftovers","|-damage|p1a: Mel-B|301/404 tox|[from] psn","|turn|17","|","|move|p1a: Mel-B|Shadow Ball|p2a: Jellicent","|-crit|p2a: Jellicent","|-supereffective|p2a: Jellicent","|-damage|p2a: Jellicent|0 fnt","|faint|p2a: Jellicent","|","|-heal|p1a: Mel-B|326/404 tox|[from] item: Leftovers","|-damage|p1a: Mel-B|276/404 tox|[from] psn","|","|switch|p2a: Aegislash|Aegislash, M|165/323","|turn|18","|","|move|p2a: Aegislash|King's Shield|p2a: Aegislash","|-singleturn|p2a: Aegislash|Protect","|move|p1a: Mel-B|Shadow Ball|p2a: Aegislash","|-activate|p2a: Aegislash|Protect","|","|-heal|p1a: Mel-B|301/404 tox|[from] item: Leftovers","|-damage|p1a: Mel-B|226/404 tox|[from] psn","|turn|19","|","|switch|p2a: Sableye|Sableye, F|303/303","|move|p1a: Mel-B|Shadow Ball|p2a: Sableye","|-crit|p2a: Sableye","|-damage|p2a: Sableye|129/303","|","|-heal|p1a: Mel-B|251/404 tox|[from] item: Leftovers","|-damage|p1a: Mel-B|151/404 tox|[from] psn","|turn|20","|","|detailschange|p2a: Sableye|Sableye-Mega, F","|-mega|p2a: Sableye|Sableye|Sablenite","|move|p2a: Sableye|Recover|p2a: Sableye","|-heal|p2a: Sableye|281/303","|move|p1a: Mel-B|Shadow Ball|p2a: Sableye","|-damage|p2a: Sableye|198/303","|","|-heal|p1a: Mel-B|176/404 tox|[from] item: Leftovers","|-damage|p1a: Mel-B|51/404 tox|[from] psn","|turn|21","|","|move|p1a: Mel-B|Shadow Ball|p2a: Sableye","|-damage|p2a: Sableye|115/303","|-unboost|p2a: Sableye|spd|1","|move|p2a: Sableye|Recover|p2a: Sableye","|-heal|p2a: Sableye|267/303","|","|-heal|p1a: Mel-B|76/404 tox|[from] item: Leftovers","|-damage|p1a: Mel-B|0 fnt|[from] psn","|faint|p1a: Mel-B","|","|switch|p1a: Lopunny|Lopunny, F|272/272","|turn|22","|","|detailschange|p1a: Lopunny|Lopunny-Mega, F","|-mega|p1a: Lopunny|Lopunny|Lopunnite","|move|p1a: Lopunny|High Jump Kick|p2a: Sableye|[miss]","|-miss|p1a: Lopunny|p2a: Sableye","|-damage|p1a: Lopunny|136/272|[from] highjumpkick","|move|p2a: Sableye|Will-O-Wisp|p1a: Lopunny","|-status|p1a: Lopunny|brn","|","|-damage|p1a: Lopunny|102/272 brn|[from] brn","|turn|23","|","|move|p1a: Lopunny|High Jump Kick|p2a: Sableye","|-supereffective|p2a: Sableye","|-damage|p2a: Sableye|59/303","|move|p2a: Sableye|Recover|p2a: Sableye","|-heal|p2a: Sableye|211/303","|","|-damage|p1a: Lopunny|68/272 brn|[from] brn","|turn|24","|","|move|p1a: Lopunny|High Jump Kick|p2a: Sableye","|-supereffective|p2a: Sableye","|-damage|p2a: Sableye|0 fnt","|faint|p2a: Sableye","|","|-damage|p1a: Lopunny|34/272 brn|[from] brn","|","|switch|p2a: Aegislash|Aegislash, M|165/323","|turn|25","|","|move|p2a: Aegislash|King's Shield|p2a: Aegislash","|-singleturn|p2a: Aegislash|Protect","|move|p1a: Lopunny|Fake Out|p2a: Aegislash","|-fail|p1a: Lopunny","|-hint|Fake Out only works on your first turn out.","|","|-damage|p1a: Lopunny|0 fnt|[from] brn","|faint|p1a: Lopunny","|","|switch|p1a: Ambipom|Ambipom, M|292/292","|turn|26","|","|move|p1a: Ambipom|Fake Out|p2a: Aegislash","|-immune|p2a: Aegislash|[msg]","|-formechange|p2a: Aegislash|Aegislash-Blade","|move|p2a: Aegislash|Sacred Sword|p1a: Ambipom","|-supereffective|p1a: Ambipom","|-damage|p1a: Ambipom|26/292","|","|turn|27","|","|-formechange|p2a: Aegislash|Aegislash","|move|p2a: Aegislash|King's Shield|p2a: Aegislash","|-singleturn|p2a: Aegislash|Protect","|move|p1a: Ambipom|Last Resort|p2a: Aegislash","|-immune|p2a: Aegislash|[msg]","|","|turn|28","|","|move|p1a: Ambipom|Last Resort|p2a: Aegislash","|-immune|p2a: Aegislash|[msg]","|-formechange|p2a: Aegislash|Aegislash-Blade","|move|p2a: Aegislash|Sacred Sword|p1a: Ambipom","|-supereffective|p1a: Ambipom","|-damage|p1a: Ambipom|0 fnt","|faint|p1a: Ambipom","|","|win|Union Entropy"],"p1rating":{"entryid":"101024","serverid":"eos","formatid":"monotype","userid":"slkingdra","username":"SL~Kingdra","w":"26","l":23,"t":"0","gxe":51.8,"r":"1511.6086407892","rd":"50.961042444273","sigma":"0","rptime":"1440579600","rpr":1513.9030631748,"rprd":49.63027052262,"rpsigma":"0","acre":1066.3727893485,"lacre":1066.3727893485,"oldacre":"1096.9711354727"},"p2rating":{"entryid":"154436","serverid":"eos","formatid":"monotype","userid":"unionentropy","username":"Union Entropy","w":3,"l":"10","t":"0","gxe":34.8,"r":"1392.6550137207","rd":"92.530116769873","sigma":"0","rptime":"1440579600","rpr":1378.8749402173,"rprd":83.341511088672,"rpsigma":"0","acre":1057.5829582596,"lacre":1057.5829582596,"oldacre":"1009.4948506379"},"endType":"normal"}