{"seed":[40718,12123,23252,17288],"turns":19,"p1":"Axis WillWolf","p2":"Emg GL Test Tech","p1team":[{"name":"Weavile","species":"Weavile","item":"lifeorb","ability":"Pressure","moves":["knockoff","iceshard","iciclecrash","poisonjab"],"nature":"Jolly","evs":{"hp":0,"atk":252,"def":0,"spa":0,"spd":4,"spe":252},"ivs":{"hp":31,"atk":31,"def":31,"spa":31,"spd":31,"spe":31}},{"name":"Bisharp","species":"Bisharp","item":"lifeorb","ability":"Defiant","moves":["suckerpunch","ironhead","knockoff","swordsdance"],"nature":"Adamant","evs":{"hp":252,"atk":252,"def":4,"spa":0,"spd":0,"spe":0},"ivs":{"hp":31,"atk":31,"def":31,"spa":31,"spd":31,"spe":31}},{"name":"Honchkrow","species":"Honchkrow","item":"choicescarf","ability":"Moxie","moves":["bravebird","superpower","nightslash","thunderwave"],"nature":"Jolly","evs":{"hp":0,"atk":252,"def":0,"spa":0,"spd":4,"spe":252},"ivs":{"hp":31,"atk":31,"def":31,"spa":31,"spd":31,"spe":31}},{"name":"Hydreigon","species":"Hydreigon","item":"lifeorb","ability":"Levitate","moves":["darkpulse","irontail","flamethrower","dracometeor"],"nature":"Hasty","evs":{"hp":0,"atk":4,"def":0,"spa":252,"spd":0,"spe":252},"ivs":{"hp":31,"atk":31,"def":31,"spa":31,"spd":31,"spe":31}},{"name":"Absol","species":"Absol","item":"absolite","ability":"Super Luck","moves":["swordsdance","suckerpunch","zenheadbutt","knockoff"],"nature":"Jolly","evs":{"hp":0,"atk":252,"def":0,"spa":0,"spd":4,"spe":252},"ivs":{"hp":31,"atk":31,"def":31,"spa":31,"spd":31,"spe":31}},{"name":"Drapion","species":"Drapion","item":"blacksludge","ability":"Sniper","moves":["poisonjab","earthquake","knockoff","firefang"],"nature":"Impish","evs":{"hp":252,"atk":4,"def":252,"spa":0,"spd":0,"spe":0},"ivs":{"hp":31,"atk":31,"def":31,"spa":31,"spd":31,"spe":31}}],"p2team":[{"name":"FingerTrap","species":"hoopaunbound","item":"lifeorb","ability":"Magician","moves":["gunkshot","focusblast","psychic","hyperspacefury"],"nature":"Hasty","evs":{"hp":0,"atk":88,"def":0,"spa":168,"spd":0,"spe":252},"ivs":{"hp":31,"atk":31,"def":31,"spa":31,"spd":31,"spe":31}},{"name":"Asuna","species":"gardevoir","item":"gardevoirite","ability":"Trace","moves":["hypervoice","taunt","focusblast","willowisp"],"nature":"Timid","evs":{"hp":4,"atk":0,"def":0,"spa":252,"spd":0,"spe":252},"ivs":{"hp":31,"atk":31,"def":31,"spa":31,"spd":31,"spe":31}},{"name":"Latios","species":"Latios","item":"choicescarf","ability":"Levitate","moves":["dracometeor","trick","psychic","surf"],"nature":"Timid","evs":{"hp":0,"atk":0,"def":0,"spa":252,"spd":4,"spe":252},"ivs":{"hp":31,"atk":31,"def":31,"spa":31,"spd":31,"spe":31}},{"name":"Miracle eye","species":"jirachi","item":"leftovers","ability":"Serene Grace","moves":["thunderwave","ironhead","healingwish","substitute"],"nature":"Careful","evs":{"hp":248,"atk":0,"def":0,"spa":0,"spd":228,"spe":32},"ivs":{"hp":31,"atk":31,"def":31,"spa":31,"spd":31,"spe":31}},{"name":"Bulky ORB","species":"deoxysdefense","item":"leftovers","ability":"Pressure","moves":["nightshade","recover","cosmicpower","toxic"],"nature":"Careful","evs":{"hp":252,"atk":0,"def":128,"spa":0,"spd":128,"spe":0},"ivs":{"hp":31,"atk":31,"def":31,"spa":31,"spd":31,"spe":31}},{"name":"No Duh !!!","species":"slowbro","item":"leftovers","ability":"Regenerator","moves":["scald","slackoff","fireblast","yawn"],"nature":"Bold","evs":{"hp":252,"atk":0,"def":200,"spa":0,"spd":56,"spe":0},"ivs":{"hp":31,"atk":31,"def":31,"spa":31,"spd":31,"spe":31}}],"log":["|player|p1|Axis WillWolf|54","|player|p2|Emg GL Test Tech|149","|gametype|singles","|gen|6","|tier|Monotype","|rated","|rule|Baton Pass Clause: Limit one Baton Passer, can't pass Spe and other stats simultaneously","|rule|Swagger Clause: Swagger is banned","|rule|Same Type Clause: Pokémon in a team must share a type","|clearpoke","|poke|p1|Weavile, M","|poke|p1|Bisharp, M","|poke|p1|Honchkrow, M","|poke|p1|Hydreigon, M","|poke|p1|Absol, M","|poke|p1|Drapion, M","|poke|p2|Hoopa-Unbound","|poke|p2|Gardevoir, M","|poke|p2|Latios, M","|poke|p2|Jirachi","|poke|p2|Deoxys-Defense","|poke|p2|Slowbro, M","|rule|Sleep Clause Mod: Limit one foe put to sleep","|rule|Species Clause: Limit one of each Pokémon","|rule|OHKO Clause: OHKO moves are banned","|rule|Moody Clause: Moody is banned","|rule|Evasion Moves Clause: Evasion moves are banned","|rule|Endless Battle Clause: Forcing endless battles is banned","|rule|HP Percentage Mod: HP is shown in percentages","|teampreview","|","|start","|switch|p1a: Drapion|Drapion, M|344/344","|switch|p2a: Asuna|Gardevoir, M|278/278","|-ability|p2a: Asuna|Sniper|[from] ability: Trace|[of] p1a: Drapion","|turn|1","|","|switch|p2a: No Duh !!!|Slowbro, M|394/394","|move|p1a: Drapion|Poison Jab|p2a: No Duh !!!","|-damage|p2a: No Duh !!!|334/394","|","|-heal|p2a: No Duh !!!|358/394|[from] item: Leftovers","|turn|2","|","|move|p1a: Drapion|Knock Off|p2a: No Duh !!!","|-supereffective|p2a: No Duh !!!","|-damage|p2a: No Duh !!!|212/394","|-enditem|p2a: No Duh !!!|Leftovers|[from] move: Knock Off|[of] p1a: Drapion","|move|p2a: No Duh !!!|Scald|p1a: Drapion","|-crit|p1a: Drapion","|-damage|p1a: Drapion|172/344","|","|-heal|p1a: Drapion|193/344|[from] item: Black Sludge","|turn|3","|","|move|p1a: Drapion|Poison Jab|p2a: No Duh !!!","|-damage|p2a: No Duh !!!|154/394","|-status|p2a: No Duh !!!|psn","|move|p2a: No Duh !!!|Scald|p1a: Drapion","|-damage|p1a: Drapion|73/344","|","|-heal|p1a: Drapion|94/344|[from] item: Black Sludge","|-damage|p2a: No Duh !!!|105/394 psn|[from] psn","|turn|4","|","|switch|p2a: Latios|Latios, M|301/301","|move|p1a: Drapion|Knock Off|p2a: Latios","|-supereffective|p2a: Latios","|-damage|p2a: Latios|59/301","|-enditem|p2a: Latios|Choice Scarf|[from] move: Knock Off|[of] p1a: Drapion","|","|-heal|p1a: Drapion|115/344|[from] item: Black Sludge","|turn|5","|","|move|p2a: Latios|Draco Meteor|p1a: Drapion|[miss]","|-miss|p2a: Latios|p1a: Drapion","|move|p1a: Drapion|Knock Off|p2a: Latios","|-crit|p2a: Latios","|-supereffective|p2a: Latios","|-damage|p2a: Latios|0 fnt","|faint|p2a: Latios","|","|-heal|p1a: Drapion|136/344|[from] item: Black Sludge","|","|switch|p2a: Asuna|Gardevoir, M|278/278","|-ability|p2a: Asuna|Sniper|[from] ability: Trace|[of] p1a: Drapion","|turn|6","|","|detailschange|p2a: Asuna|Gardevoir-Mega, M","|-mega|p2a: Asuna|Gardevoir|Gardevoirite","|move|p2a: Asuna|Hyper Voice|p1a: Drapion","|-damage|p1a: Drapion|0 fnt","|faint|p1a: Drapion","|","|","|switch|p1a: Bisharp|Bisharp, M|334/334","|turn|7","|","|move|p2a: Asuna|Will-O-Wisp|p1a: Bisharp","|-status|p1a: Bisharp|brn","|move|p1a: Bisharp|Knock Off|p2a: Asuna","|-damage|p2a: Asuna|174/278","|-damage|p1a: Bisharp|301/334 brn|[from] item: Life Orb","|","|-damage|p1a: Bisharp|260/334 brn|[from] brn","|turn|8","|","|switch|p1a: Hydreigon|Hydreigon, M|325/325","|move|p2a: Asuna|Hyper Voice|p1a: Hydreigon","|-supereffective|p1a: Hydreigon","|-damage|p1a: Hydreigon|0 fnt","|faint|p1a: Hydreigon","|","|","|switch|p1a: Honchkrow|Honchkrow, M|341/341","|turn|9","|","|move|p1a: Honchkrow|Brave Bird|p2a: Asuna","|-damage|p2a: Asuna|0 fnt","|-damage|p1a: Honchkrow|284/341|[from] recoil|[of] p2a: Asuna","|faint|p2a: Asuna","|-boost|p1a: Honchkrow|atk|1|[from] ability: Moxie","|","|","|switch|p2a: Miracle eye|Jirachi|403/403","|turn|10","|","|switch|p1a: Bisharp|Bisharp, M|260/334 brn","|move|p2a: Miracle eye|Thunder Wave|p1a: Bisharp","|-fail|p1a: Bisharp","|","|-damage|p1a: Bisharp|219/334 brn|[from] brn","|turn|11","|","|move|p2a: Miracle eye|Substitute|p2a: Miracle eye","|-start|p2a: Miracle eye|Substitute","|-damage|p2a: Miracle eye|303/403","|move|p1a: Bisharp|Knock Off|p2a: Miracle eye","|-supereffective|p2a: Miracle eye","|-end|p2a: Miracle eye|Substitute","|-damage|p1a: Bisharp|186/334 brn|[from] item: Life Orb","|","|-heal|p2a: Miracle eye|328/403|[from] item: Leftovers","|-damage|p1a: Bisharp|145/334 brn|[from] brn","|turn|12","|","|move|p2a: Miracle eye|Substitute|p2a: Miracle eye","|-start|p2a: Miracle eye|Substitute","|-damage|p2a: Miracle eye|228/403","|move|p1a: Bisharp|Knock Off|p2a: Miracle eye","|-supereffective|p2a: Miracle eye","|-end|p2a: Miracle eye|Substitute","|-damage|p1a: Bisharp|112/334 brn|[from] item: Life Orb","|","|-heal|p2a: Miracle eye|253/403|[from] item: Leftovers","|-damage|p1a: Bisharp|71/334 brn|[from] brn","|turn|13","|","|move|p2a: Miracle eye|Iron Head|p1a: Bisharp","|-resisted|p1a: Bisharp","|-damage|p1a: Bisharp|26/334 brn","|move|p1a: Bisharp|Knock Off|p2a: Miracle eye","|-supereffective|p2a: Miracle eye","|-damage|p2a: Miracle eye|14/403","|-enditem|p2a: Miracle eye|Leftovers|[from] move: Knock Off|[of] p1a: Bisharp","|-damage|p1a: Bisharp|0 fnt|[from] item: Life Orb","|faint|p1a: Bisharp","|","|","|switch|p1a: Honchkrow|Honchkrow, M|284/341","|turn|14","|","|move|p1a: Honchkrow|Brave Bird|p2a: Miracle eye","|-resisted|p2a: Miracle eye","|-damage|p2a: Miracle eye|0 fnt","|-damage|p1a: Honchkrow|279/341|[from] recoil|[of] p2a: Miracle eye","|faint|p2a: Miracle eye","|-boost|p1a: Honchkrow|atk|1|[from] ability: Moxie","|","|","|switch|p2a: Bulky ORB|Deoxys-Defense|304/304","|-ability|p2a: Bulky ORB|Pressure","|turn|15","|","|move|p1a: Honchkrow|Brave Bird|p2a: Bulky ORB","|-damage|p2a: Bulky ORB|120/304","|-damage|p1a: Honchkrow|218/341|[from] recoil|[of] p2a: Bulky ORB","|move|p2a: Bulky ORB|Toxic|p1a: Honchkrow","|-status|p1a: Honchkrow|tox","|","|-heal|p2a: Bulky ORB|139/304|[from] item: Leftovers","|-damage|p1a: Honchkrow|197/341 tox|[from] psn","|turn|16","|","|move|p1a: Honchkrow|Brave Bird|p2a: Bulky ORB","|-damage|p2a: Bulky ORB|0 fnt","|-damage|p1a: Honchkrow|151/341 tox|[from] recoil|[of] p2a: Bulky ORB","|faint|p2a: Bulky ORB","|-boost|p1a: Honchkrow|atk|1|[from] ability: Moxie","|","|-damage|p1a: Honchkrow|109/341 tox|[from] psn","|","|switch|p2a: No Duh !!!|Slowbro, M|236/394 psn","|turn|17","|","|move|p1a: Honchkrow|Brave Bird|p2a: No Duh !!!","|-damage|p2a: No Duh !!!|0 fnt","|-damage|p1a: Honchkrow|31/341 tox|[from] recoil|[of] p2a: No Duh !!!","|faint|p2a: No Duh !!!","|-boost|p1a: Honchkrow|atk|1|[from] ability: Moxie","|","|-damage|p1a: Honchkrow|0 fnt|[from] psn","|faint|p1a: Honchkrow","|","|switch|p2a: FingerTrap|Hoopa-Unbound|301/301","|switch|p1a: Absol|Absol, M|271/271","|turn|18","|","|detailschange|p1a: Absol|Absol-Mega, M","|-mega|p1a: Absol|Absol|Absolite","|move|p1a: Absol|Sucker Punch|p2a: FingerTrap","|-damage|p2a: FingerTrap|39/301","|move|p2a: FingerTrap|Focus Blast|p1a: Absol","|-supereffective|p1a: Absol","|-damage|p1a: Absol|0 fnt","|-damage|p2a: FingerTrap|9/301|[from] item: Life Orb","|faint|p1a: Absol","|","|","|switch|p1a: Weavile|Weavile, M|281/281","|-ability|p1a: Weavile|Pressure","|turn|19","|","|move|p1a: Weavile|Ice Shard|p2a: FingerTrap","|-damage|p2a: FingerTrap|0 fnt","|-damage|p1a: Weavile|253/281|[from] item: Life Orb","|faint|p2a: FingerTrap","|","|win|Axis WillWolf"],"p1rating":{"entryid":"468203","serverid":"eos","formatid":"monotype","userid":"axiswillwolf","username":"Axis WillWolf","w":10,"l":"12","t":"0","gxe":50.3,"r":"1535.9522996752","rd":"122.33358662183","sigma":"0","rptime":"1440579600","rpr":1502.5456332446,"rprd":67.517620699806,"rpsigma":"0","acre":1123.380545862,"lacre":1123.380545862,"oldacre":"1098.9637556447"},"p2rating":{"entryid":"437770","serverid":"eos","formatid":"monotype","userid":"emggltesttech","username":"Emg GL Test Tech","w":"11","l":9,"t":"0","gxe":56,"r":"1543.9237951074","rd":"111.00780181906","sigma":"0","rptime":"1440579600","rpr":1546.0568597576,"rprd":70.108998259289,"rpsigma":"0","acre":1066.129695328,"lacre":1066.129695328,"oldacre":"1088.758969498"},"endType":"normal"}