{"seed":[12723,37251,34174,44880],"turns":33,"p1":"Apex✦Reborn","p2":"Primal GT DuckSoup","p1team":[{"name":"Shuckle","species":"Shuckle","item":"leftovers","ability":"Sturdy","moves":["stickyweb","encore","toxic","stealthrock"],"nature":"Calm","evs":{"hp":252,"atk":0,"def":56,"spa":0,"spd":200,"spe":0},"ivs":{"hp":31,"atk":31,"def":31,"spa":31,"spd":31,"spe":31}},{"name":"Scizor","species":"Scizor","item":"choiceband","ability":"Technician","moves":["bulletpunch","uturn","aerialace","pursuit"],"nature":"Adamant","evs":{"hp":176,"atk":164,"def":156,"spa":0,"spd":12,"spe":0},"ivs":{"hp":31,"atk":31,"def":31,"spa":31,"spd":31,"spe":31}},{"name":"Volcarona","species":"Volcarona","item":"leftovers","ability":"Flame Body","moves":["fierydance","roost","bugbuzz","quiverdance"],"nature":"Timid","evs":{"hp":56,"atk":0,"def":176,"spa":252,"spd":8,"spe":16},"ivs":{"hp":31,"atk":31,"def":31,"spa":30,"spd":30,"spe":31}},{"name":"Crustle","species":"Crustle","item":"salacberry","ability":"Sturdy","moves":["xscissor","rockslide","earthquake","shellsmash"],"nature":"Jolly","evs":{"hp":0,"atk":252,"def":0,"spa":0,"spd":12,"spe":244},"ivs":{"hp":31,"atk":31,"def":31,"spa":31,"spd":31,"spe":31}},{"name":"Pinsir","species":"Pinsir","item":"pinsirite","ability":"Moxie","moves":["earthquake","swordsdance","frustration","closecombat"],"nature":"Jolly","evs":{"hp":0,"atk":252,"def":0,"spa":0,"spd":4,"spe":252},"happiness":0,"ivs":{"hp":31,"atk":31,"def":31,"spa":31,"spd":31,"spe":31}},{"name":"Heracross","species":"Heracross","item":"assaultvest","ability":"Guts","moves":["closecombat","rockslide","knockoff","megahorn"],"nature":"Adamant","evs":{"hp":124,"atk":148,"def":0,"spa":0,"spd":236,"spe":0},"ivs":{"hp":31,"atk":31,"def":31,"spa":31,"spd":31,"spe":31}}],"p2team":[{"name":"Porygon2","species":"Porygon2","item":"eviolite","ability":"Trace","moves":["foulplay","trickroom","recover","recycle"],"nature":"Relaxed","evs":{"hp":252,"atk":0,"def":192,"spa":0,"spd":64,"spe":0},"ivs":{"hp":31,"atk":31,"def":31,"spa":31,"spd":31,"spe":0}},{"name":"Exploud","species":"Exploud","item":"choicespecs","ability":"Scrappy","moves":["boomburst","overheat","focusblast","surf"],"nature":"Quiet","evs":{"hp":248,"atk":0,"def":0,"spa":252,"spd":8,"spe":0},"ivs":{"hp":31,"atk":31,"def":31,"spa":31,"spd":31,"spe":31}},{"name":"Audino","species":"Audino","item":"audinite","ability":"Regenerator","moves":["drainingkiss","calmmind","healbell","trickroom"],"nature":"Quiet","evs":{"hp":56,"atk":0,"def":100,"spa":252,"spd":100,"spe":0},"ivs":{"hp":31,"atk":31,"def":31,"spa":31,"spd":31,"spe":0}},{"name":"Meloetta","species":"Meloetta","item":"ironball","ability":"Serene Grace","moves":["dazzlinggleam","thunderbolt","psyshock","trickroom"],"nature":"Quiet","evs":{"hp":248,"atk":0,"def":0,"spa":108,"spd":152,"spe":0},"ivs":{"hp":31,"atk":31,"def":31,"spa":31,"spd":31,"spe":0}},{"name":"Snorlax","species":"Snorlax","item":"chestoberry","ability":"Immunity","moves":["curse","rest","amnesia","return"],"nature":"Relaxed","evs":{"hp":248,"atk":8,"def":252,"spa":0,"spd":0,"spe":0},"ivs":{"hp":31,"atk":31,"def":31,"spa":31,"spd":31,"spe":31}},{"name":"Ditto","species":"Ditto","item":"ironball","ability":"Imposter","moves":["transform"],"nature":"Bold","evs":{"hp":248,"atk":0,"def":252,"spa":0,"spd":8,"spe":0},"ivs":{"hp":31,"atk":31,"def":31,"spa":31,"spd":31,"spe":31}}],"log":["|player|p1|Apex✦Reborn|169","|player|p2|Primal GT DuckSoup|121","|gametype|singles","|gen|6","|tier|Monotype","|rated","|rule|Baton Pass Clause: Limit one Baton Passer, can't pass Spe and other stats simultaneously","|rule|Swagger Clause: Swagger is banned","|rule|Same Type Clause: Pokémon in a team must share a type","|clearpoke","|poke|p1|Shuckle, F","|poke|p1|Scizor, F","|poke|p1|Volcarona, M","|poke|p1|Crustle, M","|poke|p1|Pinsir, M","|poke|p1|Heracross, M","|poke|p2|Porygon2","|poke|p2|Exploud, F","|poke|p2|Audino, F","|poke|p2|Meloetta","|poke|p2|Snorlax, F","|poke|p2|Ditto","|rule|Sleep Clause Mod: Limit one foe put to sleep","|rule|Species Clause: Limit one of each Pokémon","|rule|OHKO Clause: OHKO moves are banned","|rule|Moody Clause: Moody is banned","|rule|Evasion Moves Clause: Evasion moves are banned","|rule|Endless Battle Clause: Forcing endless battles is banned","|rule|HP Percentage Mod: HP is shown in percentages","|teampreview","|","|start","|switch|p1a: Shuckle|Shuckle, F|244/244","|switch|p2a: Audino|Audino, F|361/361","|turn|1","|","|detailschange|p2a: Audino|Audino-Mega, F","|-mega|p2a: Audino|Audino|Audinite","|move|p1a: Shuckle|Encore|p2a: Audino","|-fail|p2a: Audino","|move|p2a: Audino|Trick Room|p2a: Audino","|-fieldstart|move: Trick Room|[of] p2a: Audino","|","|turn|2","|","|switch|p2a: Exploud|Exploud, F|411/411","|move|p1a: Shuckle|Toxic|p2a: Exploud","|-status|p2a: Exploud|tox","|","|-damage|p2a: Exploud|386/411 tox|[from] psn","|turn|3","|","|move|p1a: Shuckle|Sticky Web|p2a: Exploud","|-sidestart|p2: Primal GT DuckSoup|move: Sticky Web","|move|p2a: Exploud|Focus Blast|p1a: Shuckle","|-damage|p1a: Shuckle|165/244","|","|-heal|p1a: Shuckle|180/244|[from] item: Leftovers","|-damage|p2a: Exploud|336/411 tox|[from] psn","|turn|4","|","|move|p1a: Shuckle|Stealth Rock|p2a: Exploud","|-sidestart|p2: Primal GT DuckSoup|move: Stealth Rock","|move|p2a: Exploud|Focus Blast|p1a: Shuckle","|-damage|p1a: Shuckle|109/244","|","|-heal|p1a: Shuckle|124/244|[from] item: Leftovers","|-damage|p2a: Exploud|261/411 tox|[from] psn","|turn|5","|","|switch|p2a: Audino|Audino-Mega, F|361/361","|-activate|p2a: Audino|move: Sticky Web","|-unboost|p2a: Audino|spe|1","|-damage|p2a: Audino|316/361|[from] Stealth Rock","|move|p1a: Shuckle|Encore|p2a: Audino","|-fail|p2a: Audino","|","|-heal|p1a: Shuckle|139/244|[from] item: Leftovers","|-fieldend|move: Trick Room","|turn|6","|","|move|p2a: Audino|Heal Bell|p2a: Audino","|-cureteam|p2a: Audino|[from] move: HealBell","|move|p1a: Shuckle|Toxic|p2a: Audino","|-status|p2a: Audino|tox","|","|-heal|p1a: Shuckle|154/244|[from] item: Leftovers","|-damage|p2a: Audino|294/361 tox|[from] psn","|turn|7","|","|switch|p1a: Heracross|Heracross, M|332/332","|move|p2a: Audino|Trick Room|p2a: Audino","|-fieldstart|move: Trick Room|[of] p2a: Audino","|","|-damage|p2a: Audino|250/361 tox|[from] psn","|turn|8","|","|move|p2a: Audino|Heal Bell|p2a: Audino","|-cureteam|p2a: Audino|[from] move: HealBell","|move|p1a: Heracross|Knock Off|p2a: Audino","|-resisted|p2a: Audino","|-damage|p2a: Audino|223/361","|","|turn|9","|","|move|p2a: Audino|Calm Mind|p2a: Audino","|-boost|p2a: Audino|spa|1","|-boost|p2a: Audino|spd|1","|move|p1a: Heracross|Close Combat|p2a: Audino","|-damage|p2a: Audino|63/361","|-unboost|p1a: Heracross|def|1","|-unboost|p1a: Heracross|spd|1","|","|turn|10","|","|switch|p1a: Shuckle|Shuckle, F|154/244","|move|p2a: Audino|Draining Kiss|p1a: Shuckle","|-damage|p1a: Shuckle|115/244","|-heal|p2a: Audino|93/361|[from] drain|[of] p1a: Shuckle","|","|-heal|p1a: Shuckle|130/244|[from] item: Leftovers","|turn|11","|","|move|p1a: Shuckle|Encore|p2a: Audino","|-start|p2a: Audino|Encore","|move|p2a: Audino|Draining Kiss|p1a: Shuckle","|-damage|p1a: Shuckle|87/244","|-heal|p2a: Audino|126/361|[from] drain|[of] p1a: Shuckle","|","|-heal|p1a: Shuckle|102/244|[from] item: Leftovers","|-fieldend|move: Trick Room","|turn|12","|","|move|p2a: Audino|Draining Kiss|p1a: Shuckle","|-damage|p1a: Shuckle|62/244","|-heal|p2a: Audino|156/361|[from] drain|[of] p1a: Shuckle","|move|p1a: Shuckle|Toxic|p2a: Audino","|-status|p2a: Audino|tox","|","|-heal|p1a: Shuckle|77/244|[from] item: Leftovers","|-damage|p2a: Audino|134/361 tox|[from] psn","|turn|13","|","|switch|p1a: Crustle|Crustle, M|281/281","|move|p2a: Audino|Draining Kiss|p1a: Crustle","|-damage|p1a: Crustle|145/281","|-heal|p2a: Audino|236/361 tox|[from] drain|[of] p1a: Crustle","|","|-damage|p2a: Audino|192/361 tox|[from] psn","|-end|p2a: Audino|Encore","|turn|14","|","|move|p1a: Crustle|Shell Smash|p1a: Crustle","|-unboost|p1a: Crustle|def|1","|-unboost|p1a: Crustle|spd|1","|-boost|p1a: Crustle|atk|2","|-boost|p1a: Crustle|spa|2","|-boost|p1a: Crustle|spe|2","|move|p2a: Audino|Heal Bell|p2a: Audino","|-cureteam|p2a: Audino|[from] move: HealBell","|","|turn|15","|","|move|p1a: Crustle|Earthquake|p2a: Audino","|-crit|p2a: Audino","|-damage|p2a: Audino|0 fnt","|faint|p2a: Audino","|","|","|switch|p2a: Porygon2|Porygon2|374/374","|-damage|p2a: Porygon2|328/374|[from] Stealth Rock","|-activate|p2a: Porygon2|move: Sticky Web","|-unboost|p2a: Porygon2|spe|1","|-ability|p2a: Porygon2|Sturdy|[from] ability: Trace|[of] p1a: Crustle","|turn|16","|","|move|p1a: Crustle|X-Scissor|p2a: Porygon2","|-damage|p2a: Porygon2|213/374","|move|p2a: Porygon2|Trick Room|p2a: Porygon2","|-fieldstart|move: Trick Room|[of] p2a: Porygon2","|","|turn|17","|","|move|p2a: Porygon2|Foul Play|p1a: Crustle","|-damage|p1a: Crustle|0 fnt","|faint|p1a: Crustle","|","|","|switch|p1a: Shuckle|Shuckle, F|77/244","|turn|18","|","|switch|p2a: Exploud|Exploud, F|261/411","|-activate|p2a: Exploud|move: Sticky Web","|-unboost|p2a: Exploud|spe|1","|-damage|p2a: Exploud|210/411|[from] Stealth Rock","|move|p1a: Shuckle|Toxic|p2a: Exploud|[miss]","|-miss|p1a: Shuckle|p2a: Exploud","|","|-heal|p1a: Shuckle|92/244|[from] item: Leftovers","|turn|19","|","|move|p1a: Shuckle|Toxic|p2a: Exploud","|-status|p2a: Exploud|tox","|move|p2a: Exploud|Focus Blast|p1a: Shuckle","|-damage|p1a: Shuckle|24/244","|","|-heal|p1a: Shuckle|39/244|[from] item: Leftovers","|-damage|p2a: Exploud|185/411 tox|[from] psn","|turn|20","|","|switch|p1a: Scizor|Scizor, F|325/325","|move|p2a: Exploud|Focus Blast|p1a: Scizor|[miss]","|-miss|p2a: Exploud|p1a: Scizor","|","|-damage|p2a: Exploud|135/411 tox|[from] psn","|-fieldend|move: Trick Room","|turn|21","|","|switch|p2a: Porygon2|Porygon2|213/374","|-activate|p2a: Porygon2|move: Sticky Web","|-unboost|p2a: Porygon2|spe|1","|-damage|p2a: Porygon2|167/374|[from] Stealth Rock","|-ability|p2a: Porygon2|Technician|[from] ability: Trace|[of] p1a: Scizor","|move|p1a: Scizor|Bullet Punch|p2a: Porygon2","|-damage|p2a: Porygon2|73/374","|","|turn|22","|","|switch|p2a: Ditto|Ditto|299/299","|-damage|p2a: Ditto|262/299|[from] Stealth Rock","|-activate|p2a: Ditto|move: Sticky Web","|-unboost|p2a: Ditto|spe|1","|-transform|p2a: Ditto|p1a: Scizor","|move|p1a: Scizor|Bullet Punch|p2a: Ditto","|-resisted|p2a: Ditto","|-damage|p2a: Ditto|195/299","|","|turn|23","|","|switch|p1a: Volcarona|Volcarona, M|325/325","|move|p2a: Ditto|U-turn|p1a: Volcarona","|-resisted|p1a: Volcarona","|-damage|p1a: Volcarona|256/325","|-status|p2a: Ditto|brn","|","|switch|p2a: Snorlax|Snorlax, F|523/523","|-damage|p2a: Snorlax|458/523|[from] Stealth Rock","|-activate|p2a: Snorlax|move: Sticky Web","|-unboost|p2a: Snorlax|spe|1","|","|-heal|p1a: Volcarona|276/325|[from] item: Leftovers","|turn|24","|","|switch|p1a: Shuckle|Shuckle, F|39/244","|move|p2a: Snorlax|Amnesia|p2a: Snorlax","|-boost|p2a: Snorlax|spd|2","|","|-heal|p1a: Shuckle|54/244|[from] item: Leftovers","|turn|25","|","|move|p2a: Snorlax|Curse|p2a: Snorlax","|-unboost|p2a: Snorlax|spe|1","|-boost|p2a: Snorlax|atk|1","|-boost|p2a: Snorlax|def|1","|move|p1a: Shuckle|Toxic|p2a: Snorlax|[miss]","|-miss|p1a: Shuckle|p2a: Snorlax","|","|-heal|p1a: Shuckle|69/244|[from] item: Leftovers","|turn|26","|","|move|p1a: Shuckle|Toxic|p2a: Snorlax","|-immune|p2a: Snorlax|[msg]","|move|p2a: Snorlax|Curse|p2a: Snorlax","|-unboost|p2a: Snorlax|spe|1","|-boost|p2a: Snorlax|atk|1","|-boost|p2a: Snorlax|def|1","|","|-heal|p1a: Shuckle|84/244|[from] item: Leftovers","|turn|27","|","|move|p1a: Shuckle|Encore|p2a: Snorlax","|-start|p2a: Snorlax|Encore","|move|p2a: Snorlax|Curse|p2a: Snorlax","|-unboost|p2a: Snorlax|spe|1","|-boost|p2a: Snorlax|atk|1","|-boost|p2a: Snorlax|def|1","|","|-heal|p1a: Shuckle|99/244|[from] item: Leftovers","|turn|28","|","|switch|p1a: Pinsir|Pinsir, M|271/271","|move|p2a: Snorlax|Curse|p2a: Snorlax","|-unboost|p2a: Snorlax|spe|1","|-boost|p2a: Snorlax|atk|1","|-boost|p2a: Snorlax|def|1","|","|turn|29","|","|move|p1a: Pinsir|Swords Dance|p1a: Pinsir","|-boost|p1a: Pinsir|atk|2","|move|p2a: Snorlax|Curse|p2a: Snorlax","|-unboost|p2a: Snorlax|spe|1","|-boost|p2a: Snorlax|atk|1","|-boost|p2a: Snorlax|def|1","|","|-end|p2a: Snorlax|Encore","|turn|30","|","|detailschange|p1a: Pinsir|Pinsir-Mega, M","|-mega|p1a: Pinsir|Pinsir|Pinsirite","|move|p1a: Pinsir|Close Combat|p2a: Snorlax","|-supereffective|p2a: Snorlax","|-damage|p2a: Snorlax|272/523","|-unboost|p1a: Pinsir|def|1","|-unboost|p1a: Pinsir|spd|1","|move|p2a: Snorlax|Return|p1a: Pinsir","|-damage|p1a: Pinsir|0 fnt","|faint|p1a: Pinsir","|","|","|switch|p1a: Heracross|Heracross, M|332/332","|turn|31","|","|move|p1a: Heracross|Close Combat|p2a: Snorlax","|-supereffective|p2a: Snorlax","|-damage|p2a: Snorlax|162/523","|-unboost|p1a: Heracross|def|1","|-unboost|p1a: Heracross|spd|1","|move|p2a: Snorlax|Return|p1a: Heracross","|-damage|p1a: Heracross|0 fnt","|faint|p1a: Heracross","|","|","|switch|p1a: Volcarona|Volcarona, M|276/325","|turn|32","|","|move|p1a: Volcarona|Bug Buzz|p2a: Snorlax","|-damage|p2a: Snorlax|86/523","|move|p2a: Snorlax|Rest|p2a: Snorlax","|-status|p2a: Snorlax|slp","|-heal|p2a: Snorlax|523/523 slp|[silent]","|-status|p2a: Snorlax|slp|[from] move: Rest","|-enditem|p2a: Snorlax|Chesto Berry|[eat]","|-curestatus|p2a: Snorlax|slp","|","|-heal|p1a: Volcarona|296/325|[from] item: Leftovers","|turn|33","|","|win|Primal GT DuckSoup"],"p1rating":{"entryid":"473409","serverid":"eos","formatid":"monotype","userid":"apexreborn","username":"Apex✦Reborn","w":"3","l":10,"t":"0","gxe":36,"r":"1405.6817314087","rd":"111.14572742551","sigma":"0","rptime":"1440579600","rpr":1389.1266390987,"rprd":81.965634625003,"rpsigma":"0","acre":1049.3214744999,"lacre":1049.3214744999,"oldacre":"1063.8208270399"},"p2rating":{"entryid":"432064","serverid":"eos","formatid":"monotype","userid":"primalgtducksoup","username":"Primal GT DuckSoup","w":8,"l":"1","t":"0","gxe":65.3,"r":"1598.1099218965","rd":"95.268143340899","sigma":"0","rptime":"1440579600","rpr":1623.0135063424,"rprd":90.485321246152,"rpsigma":"0","acre":1174.5057396467,"lacre":1174.5057396467,"oldacre":"1155.9862732363"},"endType":"forfeit"}