{"seed":[44052,57026,25980,5656],"turns":22,"p1":"Vin Pyre","p2":"Spacial-ArcanineA","p1team":[{"name":"Venusaur","species":"Venusaur","item":"venusaurite","ability":"Chlorophyll","moves":["sludgebomb","gigadrain","synthesis","hiddenpowerfire"],"nature":"Bold","evs":{"hp":252,"atk":0,"def":140,"spa":28,"spd":88,"spe":0},"ivs":{"hp":31,"atk":30,"def":31,"spa":30,"spd":31,"spe":30}},{"name":"Tentacruel","species":"Tentacruel","item":"blacksludge","ability":"Liquid Ooze","moves":["acidspray","haze","scald","rapidspin"],"nature":"Calm","evs":{"hp":252,"atk":0,"def":0,"spa":4,"spd":252,"spe":0},"shiny":true,"ivs":{"hp":31,"atk":31,"def":31,"spa":31,"spd":31,"spe":31}},{"name":"Toxicroak","species":"Toxicroak","item":"lifeorb","ability":"Dry Skin","moves":["drainpunch","gunkshot","icepunch","suckerpunch"],"nature":"Jolly","evs":{"hp":4,"atk":252,"def":0,"spa":0,"spd":0,"spe":252},"ivs":{"hp":31,"atk":30,"def":30,"spa":31,"spd":31,"spe":31},"shiny":true},{"name":"Nidoking","species":"Nidoking","item":"focussash","ability":"Sheer Force","moves":["earthpower","icebeam","stealthrock","taunt"],"nature":"Timid","evs":{"hp":4,"atk":0,"def":0,"spa":252,"spd":0,"spe":252},"ivs":{"hp":31,"atk":31,"def":31,"spa":31,"spd":31,"spe":31}},{"name":"Gengar","species":"Gengar","item":"choicescarf","ability":"Levitate","moves":["shadowball","sludgewave","hiddenpowerice","dazzlinggleam"],"nature":"Timid","evs":{"hp":4,"atk":0,"def":0,"spa":252,"spd":0,"spe":252},"ivs":{"hp":31,"atk":30,"def":30,"spa":31,"spd":31,"spe":31}},{"name":"Skuntank","species":"Skuntank","item":"airballoon","ability":"Aftermath","moves":["pursuit","suckerpunch","poisonjab","fireblast"],"nature":"Brave","evs":{"hp":240,"atk":236,"def":4,"spa":0,"spd":28,"spe":0},"ivs":{"hp":31,"atk":31,"def":31,"spa":31,"spd":31,"spe":31}}],"p2team":[{"name":"Kréose","species":"garchomp","item":"garchompite","ability":"Rough Skin","moves":["crunch","stoneedge","earthquake","dragonclaw"],"nature":"Jolly","evs":{"hp":0,"atk":252,"def":0,"spa":0,"spd":4,"spe":252},"gender":"M","ivs":{"hp":31,"atk":31,"def":31,"spa":31,"spd":31,"spe":31}},{"name":"Krère","species":"hippowdon","item":"leftovers","ability":"Sand Stream","moves":["stealthrock","earthquake","slackoff","roar"],"nature":"Impish","evs":{"hp":252,"atk":4,"def":252,"spa":0,"spd":0,"spe":0},"gender":"M","shiny":true,"ivs":{"hp":31,"atk":31,"def":31,"spa":31,"spd":31,"spe":31}},{"name":"Króce","species":"excadrill","item":"choiceband","ability":"Sand Rush","moves":["ironhead","earthquake","poisonjab","brickbreak"],"nature":"Adamant","evs":{"hp":0,"atk":252,"def":0,"spa":0,"spd":4,"spe":252},"gender":"M","shiny":true,"ivs":{"hp":31,"atk":31,"def":31,"spa":31,"spd":31,"spe":31}},{"name":"Kúre","species":"landorus","item":"choicespecs","ability":"Sheer Force","moves":["sludgewave","earthpower","focusblast","extrasensory"],"nature":"Timid","evs":{"hp":0,"atk":0,"def":0,"spa":252,"spd":4,"spe":252},"shiny":true,"ivs":{"hp":31,"atk":31,"def":31,"spa":31,"spd":31,"spe":31}},{"name":"Króasion","species":"mamoswine","item":"focussash","ability":"Thick Fat","moves":["iceshard","earthquake","iciclecrash","knockoff"],"nature":"Adamant","evs":{"hp":248,"atk":252,"def":0,"spa":0,"spd":8,"spe":0},"gender":"M","ivs":{"hp":31,"atk":31,"def":31,"spa":31,"spd":31,"spe":31}},{"name":"Koyá","species":"seismitoad","item":"leftovers","ability":"Water Absorb","moves":["sludgewave","scald","earthpower","grassknot"],"nature":"Modest","evs":{"hp":252,"atk":0,"def":0,"spa":252,"spd":4,"spe":0},"gender":"F","ivs":{"hp":31,"atk":31,"def":31,"spa":31,"spd":31,"spe":31}}],"log":["|player|p1|Vin Pyre|158","|player|p2|Spacial-ArcanineA|153","|gametype|singles","|gen|6","|tier|Monotype","|rated","|rule|Baton Pass Clause: Limit one Baton Passer, can't pass Spe and other stats simultaneously","|rule|Swagger Clause: Swagger is banned","|rule|Same Type Clause: Pokémon in a team must share a type","|clearpoke","|poke|p1|Venusaur, M","|poke|p1|Tentacruel, M, shiny","|poke|p1|Toxicroak, F, shiny","|poke|p1|Nidoking, M","|poke|p1|Gengar, M","|poke|p1|Skuntank, M","|poke|p2|Garchomp, M","|poke|p2|Hippowdon, M, shiny","|poke|p2|Excadrill, M, shiny","|poke|p2|Landorus, M, shiny","|poke|p2|Mamoswine, M","|poke|p2|Seismitoad, F","|rule|Sleep Clause Mod: Limit one foe put to sleep","|rule|Species Clause: Limit one of each Pokémon","|rule|OHKO Clause: OHKO moves are banned","|rule|Moody Clause: Moody is banned","|rule|Evasion Moves Clause: Evasion moves are banned","|rule|Endless Battle Clause: Forcing endless battles is banned","|rule|HP Percentage Mod: HP is shown in percentages","|teampreview","|","|start","|switch|p1a: Nidoking|Nidoking, M|304/304","|switch|p2a: Krère|Hippowdon, M, shiny|420/420","|-weather|Sandstorm","|turn|1","|","|move|p1a: Nidoking|Ice Beam|p2a: Krère","|-supereffective|p2a: Krère","|-damage|p2a: Krère|130/420","|move|p2a: Krère|Stealth Rock|p1a: Nidoking","|-sidestart|p1: Vin Pyre|move: Stealth Rock","|","|-weather|Sandstorm|[upkeep]","|-heal|p2a: Krère|156/420|[from] item: Leftovers","|turn|2","|","|move|p1a: Nidoking|Stealth Rock|p2a: Krère","|-sidestart|p2: Spacial-ArcanineA|move: Stealth Rock","|move|p2a: Krère|Roar|p1a: Nidoking","|drag|p1a: Gengar|Gengar, M|262/262","|-damage|p1a: Gengar|230/262|[from] Stealth Rock","|","|-weather|Sandstorm|[upkeep]","|-damage|p1a: Gengar|214/262|[from] sandstorm","|-heal|p2a: Krère|182/420|[from] item: Leftovers","|turn|3","|","|move|p1a: Gengar|Shadow Ball|p2a: Krère","|-damage|p2a: Krère|0 fnt","|faint|p2a: Krère","|","|-weather|Sandstorm|[upkeep]","|-damage|p1a: Gengar|198/262|[from] sandstorm","|","|switch|p2a: Kréose|Garchomp, M|357/357","|-damage|p2a: Kréose|335/357|[from] Stealth Rock","|turn|4","|","|switch|p1a: Venusaur|Venusaur, M|364/364","|-damage|p1a: Venusaur|319/364|[from] Stealth Rock","|detailschange|p2a: Kréose|Garchomp-Mega, M","|-mega|p2a: Kréose|Garchomp|Garchompite","|move|p2a: Kréose|Crunch|p1a: Venusaur","|-damage|p1a: Venusaur|221/364","|","|-weather|Sandstorm|[upkeep]","|-damage|p1a: Venusaur|199/364|[from] sandstorm","|turn|5","|","|detailschange|p1a: Venusaur|Venusaur-Mega, M","|-mega|p1a: Venusaur|Venusaur|Venusaurite","|move|p2a: Kréose|Dragon Claw|p1a: Venusaur","|-damage|p1a: Venusaur|90/364","|move|p1a: Venusaur|Giga Drain|p2a: Kréose","|-crit|p2a: Kréose","|-damage|p2a: Kréose|167/357","|-heal|p1a: Venusaur|174/364|[from] drain|[of] p2a: Kréose","|","|-weather|none","|turn|6","|","|move|p2a: Kréose|Dragon Claw|p1a: Venusaur","|-damage|p1a: Venusaur|54/364","|move|p1a: Venusaur|Synthesis|p1a: Venusaur","|-heal|p1a: Venusaur|236/364","|","|turn|7","|","|move|p2a: Kréose|Dragon Claw|p1a: Venusaur","|-damage|p1a: Venusaur|122/364","|move|p1a: Venusaur|Synthesis|p1a: Venusaur","|-heal|p1a: Venusaur|304/364","|","|turn|8","|","|move|p2a: Kréose|Dragon Claw|p1a: Venusaur","|-damage|p1a: Venusaur|186/364","|move|p1a: Venusaur|Giga Drain|p2a: Kréose","|-damage|p2a: Kréose|55/357","|-heal|p1a: Venusaur|242/364|[from] drain|[of] p2a: Kréose","|","|turn|9","|","|move|p2a: Kréose|Dragon Claw|p1a: Venusaur","|-damage|p1a: Venusaur|125/364","|move|p1a: Venusaur|Giga Drain|p2a: Kréose","|-crit|p2a: Kréose","|-damage|p2a: Kréose|0 fnt","|-heal|p1a: Venusaur|153/364|[from] drain|[of] p2a: Kréose","|faint|p2a: Kréose","|","|","|switch|p2a: Kúre|Landorus, M, shiny|319/319","|-damage|p2a: Kúre|280/319|[from] Stealth Rock","|turn|10","|","|switch|p1a: Skuntank|Skuntank, M|407/407","|-damage|p1a: Skuntank|357/407|[from] Stealth Rock","|-item|p1a: Skuntank|Air Balloon","|move|p2a: Kúre|Extrasensory|p1a: Skuntank","|-immune|p1a: Skuntank|[msg]","|","|turn|11","|","|switch|p2a: Króce|Excadrill, M, shiny|361/361","|-damage|p2a: Króce|350/361|[from] Stealth Rock","|move|p1a: Skuntank|Sucker Punch|p2a: Króce","|-fail|p1a: Skuntank","|","|turn|12","|","|switch|p1a: Tentacruel|Tentacruel, M, shiny|364/364","|-damage|p1a: Tentacruel|319/364|[from] Stealth Rock","|move|p2a: Króce|Earthquake|p1a: Tentacruel","|-supereffective|p1a: Tentacruel","|-damage|p1a: Tentacruel|0 fnt","|faint|p1a: Tentacruel","|","|","|switch|p1a: Gengar|Gengar, M|198/262","|-damage|p1a: Gengar|166/262|[from] Stealth Rock","|turn|13","|","|switch|p2a: Króasion|Mamoswine, M|423/423","|-damage|p2a: Króasion|371/423|[from] Stealth Rock","|move|p1a: Gengar|Shadow Ball|p2a: Króasion","|-damage|p2a: Króasion|152/423","|","|turn|14","|","|move|p1a: Gengar|Shadow Ball|p2a: Króasion","|-damage|p2a: Króasion|0 fnt","|faint|p2a: Króasion","|","|","|switch|p2a: Kúre|Landorus, M, shiny|280/319","|-damage|p2a: Kúre|241/319|[from] Stealth Rock","|turn|15","|","|switch|p1a: Nidoking|Nidoking, M|304/304","|-damage|p1a: Nidoking|285/304|[from] Stealth Rock","|move|p2a: Kúre|Extrasensory|p1a: Nidoking","|-supereffective|p1a: Nidoking","|-damage|p1a: Nidoking|0 fnt","|faint|p1a: Nidoking","|","|","|switch|p1a: Skuntank|Skuntank, M|357/407","|-damage|p1a: Skuntank|307/407|[from] Stealth Rock","|-item|p1a: Skuntank|Air Balloon","|turn|16","|","|move|p1a: Skuntank|Pursuit|p2a: Kúre|[from]Pursuit","|-damage|p2a: Kúre|117/319","|switch|p2a: Króce|Excadrill, M, shiny|350/361","|-damage|p2a: Króce|339/361|[from] Stealth Rock","|","|turn|17","|","|move|p1a: Skuntank|Sucker Punch|p2a: Króce","|-damage|p2a: Króce|164/361","|move|p2a: Króce|Earthquake|p1a: Skuntank","|-immune|p1a: Skuntank|[msg]","|","|turn|18","|","|move|p1a: Skuntank|Pursuit|p2a: Króce|[from]Pursuit","|-damage|p2a: Króce|0 fnt","|faint|p2a: Króce","|","|","|switch|p2a: Kúre|Landorus, M, shiny|117/319","|-damage|p2a: Kúre|78/319|[from] Stealth Rock","|turn|19","|","|move|p1a: Skuntank|Sucker Punch|p2a: Kúre","|-damage|p2a: Kúre|0 fnt","|faint|p2a: Kúre","|","|","|switch|p2a: Koyá|Seismitoad, F|414/414","|-damage|p2a: Koyá|389/414|[from] Stealth Rock","|turn|20","|","|move|p1a: Skuntank|Sucker Punch|p2a: Koyá","|-damage|p2a: Koyá|245/414","|move|p2a: Koyá|Scald|p1a: Skuntank","|-damage|p1a: Skuntank|129/407","|-enditem|p1a: Skuntank|Air Balloon","|-status|p1a: Skuntank|brn","|","|-heal|p2a: Koyá|270/414|[from] item: Leftovers","|-damage|p1a: Skuntank|79/407 brn|[from] brn","|turn|21","|","|move|p1a: Skuntank|Sucker Punch|p2a: Koyá","|-damage|p2a: Koyá|190/414","|move|p2a: Koyá|Earth Power|p1a: Skuntank","|-supereffective|p1a: Skuntank","|-damage|p1a: Skuntank|0 fnt","|faint|p1a: Skuntank","|","|-heal|p2a: Koyá|215/414|[from] item: Leftovers","|","|switch|p1a: Venusaur|Venusaur-Mega, M|153/364","|-damage|p1a: Venusaur|108/364|[from] Stealth Rock","|turn|22","|","|move|p1a: Venusaur|Giga Drain|p2a: Koyá","|-supereffective|p2a: Koyá","|-damage|p2a: Koyá|0 fnt","|-heal|p1a: Venusaur|216/364|[from] drain|[of] p2a: Koyá","|faint|p2a: Koyá","|","|win|Vin Pyre"],"p1rating":{"entryid":470016,"formatid":"monotype","userid":"vinpyre","username":"Vin Pyre","r":1500,"rd":130,"sigma":0,"rpr":1540.1606143388,"rprd":122.8583080769,"rpsigma":0,"rptime":1440493200,"w":1,"l":0,"t":0,"gxe":55,"acre":1040,"lacre":1040,"oldacre":1000},"p2rating":{"entryid":470017,"formatid":"monotype","userid":"spacialarcaninea","username":"Spacial-ArcanineA","r":1500,"rd":130,"sigma":0,"rpr":1459.8393856612,"rprd":122.8583080769,"rpsigma":0,"rptime":1440493200,"w":0,"l":1,"t":0,"gxe":45,"acre":1000,"lacre":1000,"oldacre":1000},"endType":"normal"}