{"seed":[47882,59335,14221,26637],"turns":77,"p1":"Scrub172","p2":"Void Neo","p1team":[{"name":"Venusaur","species":"Venusaur","item":"venusaurite","ability":"Chlorophyll","moves":["sludgebomb","gigadrain","hiddenpowerfire","synthesis"],"nature":"Modest","evs":{"hp":232,"atk":0,"def":0,"spa":252,"spd":0,"spe":24},"ivs":{"hp":31,"atk":0,"def":31,"spa":30,"spd":31,"spe":30}},{"name":"Ferrothorn","species":"Ferrothorn","item":"rockyhelmet","ability":"Iron Barbs","moves":["gyroball","stealthrock","spikes","leechseed"],"nature":"Relaxed","evs":{"hp":248,"atk":0,"def":252,"spa":0,"spd":8,"spe":0},"ivs":{"hp":31,"atk":31,"def":31,"spa":31,"spd":31,"spe":0}},{"name":"Cradily","species":"Cradily","item":"leftovers","ability":"Storm Drain","moves":["earthquake","rockslide","recover","curse"],"nature":"Careful","evs":{"hp":248,"atk":0,"def":8,"spa":0,"spd":252,"spe":0},"ivs":{"hp":31,"atk":31,"def":31,"spa":31,"spd":31,"spe":31}},{"name":"Whimsicott","species":"Whimsicott","item":"lifeorb","ability":"Prankster","moves":["gigadrain","moonblast","hiddenpowerfire","taunt"],"nature":"Timid","evs":{"hp":0,"atk":0,"def":0,"spa":252,"spd":4,"spe":252},"gender":"M","ivs":{"hp":31,"atk":30,"def":31,"spa":30,"spd":31,"spe":30},"shiny":true},{"name":"Celebi","species":"Celebi","item":"choicescarf","ability":"Natural Cure","moves":["psychic","earthpower","energyball","dazzlinggleam"],"nature":"Timid","evs":{"hp":0,"atk":0,"def":0,"spa":252,"spd":4,"spe":252},"ivs":{"hp":31,"atk":0,"def":31,"spa":31,"spd":31,"spe":31}},{"name":"Breloom","species":"Breloom","item":"focussash","ability":"Technician","moves":["machpunch","bulletseed","rocktomb","spore"],"nature":"Jolly","evs":{"hp":0,"atk":252,"def":0,"spa":0,"spd":4,"spe":252},"ivs":{"hp":31,"atk":31,"def":31,"spa":31,"spd":31,"spe":31}}],"p2team":[{"name":"Miller","species":"skarmory","item":"rockyhelmet","ability":"Sturdy","moves":["stealthrock","whirlwind","roost","bravebird"],"nature":"Impish","evs":{"hp":248,"atk":0,"def":252,"spa":0,"spd":0,"spe":8},"ivs":{"hp":31,"atk":31,"def":31,"spa":31,"spd":31,"spe":31}},{"name":"Andrea","species":"togekiss","item":"leftovers","ability":"Serene Grace","moves":["dazzlinggleam","airslash","toxic","roost"],"nature":"Calm","evs":{"hp":252,"atk":0,"def":0,"spa":4,"spd":252,"spe":0},"ivs":{"hp":31,"atk":31,"def":31,"spa":31,"spd":31,"spe":31}},{"name":"Ohnta","species":"gyarados","item":"leftovers","ability":"Moxie","moves":["dragondance","substitute","icefang","earthquake"],"nature":"Jolly","evs":{"hp":0,"atk":252,"def":0,"spa":0,"spd":4,"spe":252},"ivs":{"hp":31,"atk":31,"def":31,"spa":31,"spd":31,"spe":31}},{"name":"Rafique","species":"landorustherian","item":"choicescarf","ability":"Intimidate","moves":["uturn","earthquake","stoneedge","knockoff"],"nature":"Jolly","evs":{"hp":0,"atk":252,"def":0,"spa":0,"spd":4,"spe":252},"ivs":{"hp":31,"atk":31,"def":31,"spa":31,"spd":31,"spe":31}},{"name":"Zapdos","species":"Zapdos","item":"leftovers","ability":"Pressure","moves":["discharge","heatwave","defog","roost"],"nature":"Calm","evs":{"hp":252,"atk":0,"def":0,"spa":4,"spd":252,"spe":0},"ivs":{"hp":31,"atk":31,"def":31,"spa":31,"spd":31,"spe":31}},{"name":"Cyron","species":"dragonite","item":"choiceband","ability":"Multiscale","moves":["outrage","extremespeed","firepunch","brickbreak"],"nature":"Adamant","evs":{"hp":0,"atk":252,"def":0,"spa":0,"spd":8,"spe":248},"ivs":{"hp":31,"atk":31,"def":31,"spa":31,"spd":31,"spe":31}}],"log":["|player|p1|Scrub172|165","|player|p2|Void Neo|1","|gametype|singles","|gen|6","|tier|Monotype","|rated","|rule|Baton Pass Clause: Limit one Baton Passer, can't pass Spe and other stats simultaneously","|rule|Swagger Clause: Swagger is banned","|rule|Same Type Clause: Pokémon in a team must share a type","|clearpoke","|poke|p1|Venusaur, M","|poke|p1|Ferrothorn, M","|poke|p1|Cradily, F","|poke|p1|Whimsicott, M, shiny","|poke|p1|Celebi","|poke|p1|Breloom, F","|poke|p2|Skarmory, F","|poke|p2|Togekiss, F","|poke|p2|Gyarados, M","|poke|p2|Landorus-Therian, M","|poke|p2|Zapdos","|poke|p2|Dragonite, M","|rule|Sleep Clause Mod: Limit one foe put to sleep","|rule|Species Clause: Limit one of each Pokémon","|rule|OHKO Clause: OHKO moves are banned","|rule|Moody Clause: Moody is banned","|rule|Evasion Moves Clause: Evasion moves are banned","|rule|Endless Battle Clause: Forcing endless battles is banned","|rule|HP Percentage Mod: HP is shown in percentages","|teampreview","|","|start","|switch|p1a: Whimsicott|Whimsicott, M, shiny|261/261","|switch|p2a: Zapdos|Zapdos|384/384","|-ability|p2a: Zapdos|Pressure","|turn|1","|","|switch|p1a: Cradily|Cradily, F|375/375","|move|p2a: Zapdos|Heat Wave|p1a: Cradily","|-damage|p1a: Cradily|307/375","|","|-heal|p1a: Cradily|330/375|[from] item: Leftovers","|turn|2","|","|switch|p2a: Rafique|Landorus-Therian, M|319/319","|-ability|p2a: Rafique|Intimidate","|-unboost|p1a: Cradily|atk|1","|move|p1a: Cradily|Curse|p1a: Cradily","|-unboost|p1a: Cradily|spe|1","|-boost|p1a: Cradily|atk|1","|-boost|p1a: Cradily|def|1","|","|-heal|p1a: Cradily|353/375|[from] item: Leftovers","|turn|3","|","|move|p2a: Rafique|U-turn|p1a: Cradily","|-supereffective|p1a: Cradily","|-damage|p1a: Cradily|223/375","|","|switch|p2a: Cyron|Dragonite, M|323/323","|move|p1a: Cradily|Curse|p1a: Cradily","|-unboost|p1a: Cradily|spe|1","|-boost|p1a: Cradily|atk|1","|-boost|p1a: Cradily|def|1","|","|-heal|p1a: Cradily|246/375|[from] item: Leftovers","|turn|4","|","|move|p2a: Cyron|Brick Break|p1a: Cradily","|-supereffective|p1a: Cradily","|-damage|p1a: Cradily|84/375","|move|p1a: Cradily|Rock Slide|p2a: Cyron","|-supereffective|p2a: Cyron","|-damage|p2a: Cyron|206/323","|","|-heal|p1a: Cradily|107/375|[from] item: Leftovers","|turn|5","|","|switch|p1a: Whimsicott|Whimsicott, M, shiny|261/261","|move|p2a: Cyron|Brick Break|p1a: Whimsicott","|-crit|p1a: Whimsicott","|-resisted|p1a: Whimsicott","|-damage|p1a: Whimsicott|135/261","|","|turn|6","|","|switch|p2a: Zapdos|Zapdos|384/384","|-ability|p2a: Zapdos|Pressure","|move|p1a: Whimsicott|Moonblast|p2a: Zapdos","|-damage|p2a: Zapdos|267/384","|-damage|p1a: Whimsicott|109/261|[from] item: Life Orb","|","|-heal|p2a: Zapdos|291/384|[from] item: Leftovers","|turn|7","|","|move|p1a: Whimsicott|Moonblast|p2a: Zapdos","|-damage|p2a: Zapdos|177/384","|-damage|p1a: Whimsicott|83/261|[from] item: Life Orb","|move|p2a: Zapdos|Heat Wave|p1a: Whimsicott","|-supereffective|p1a: Whimsicott","|-damage|p1a: Whimsicott|0 fnt","|faint|p1a: Whimsicott","|","|-heal|p2a: Zapdos|201/384|[from] item: Leftovers","|","|switch|p1a: Cradily|Cradily, F|107/375","|turn|8","|","|switch|p2a: Cyron|Dragonite, M|206/323","|move|p1a: Cradily|Recover|p1a: Cradily","|-heal|p1a: Cradily|295/375","|","|-heal|p1a: Cradily|318/375|[from] item: Leftovers","|turn|9","|","|switch|p1a: Celebi|Celebi|341/341","|move|p2a: Cyron|Fire Punch|p1a: Celebi","|-crit|p1a: Celebi","|-supereffective|p1a: Celebi","|-damage|p1a: Celebi|0 fnt","|faint|p1a: Celebi","|","|","|switch|p1a: Breloom|Breloom, F|261/261","|turn|10","|","|switch|p2a: Ohnta|Gyarados, M|331/331","|move|p1a: Breloom|Rock Tomb|p2a: Ohnta","|-supereffective|p2a: Ohnta","|-damage|p2a: Ohnta|55/331","|-unboost|p2a: Ohnta|spe|1","|","|-heal|p2a: Ohnta|75/331|[from] item: Leftovers","|turn|11","|","|switch|p1a: Ferrothorn|Ferrothorn, M|351/351","|switch|p2a: Rafique|Landorus-Therian, M|319/319","|-ability|p2a: Rafique|Intimidate","|-unboost|p1a: Ferrothorn|atk|1","|","|turn|12","|","|move|p2a: Rafique|U-turn|p1a: Ferrothorn","|-damage|p1a: Ferrothorn|300/351","|-damage|p2a: Rafique|280/319|[from] ability: Iron Barbs|[of] p1a: Ferrothorn","|-damage|p2a: Rafique|227/319|[from] item: Rocky Helmet|[of] p1a: Ferrothorn","|","|switch|p2a: Zapdos|Zapdos|201/384","|-ability|p2a: Zapdos|Pressure","|move|p1a: Ferrothorn|Stealth Rock|p2a: Zapdos","|-sidestart|p2: Void Neo|move: Stealth Rock","|","|-heal|p2a: Zapdos|225/384|[from] item: Leftovers","|turn|13","|","|switch|p1a: Cradily|Cradily, F|318/375","|move|p2a: Zapdos|Heat Wave|p1a: Cradily","|-damage|p1a: Cradily|251/375","|","|-heal|p2a: Zapdos|249/384|[from] item: Leftovers","|-heal|p1a: Cradily|274/375|[from] item: Leftovers","|turn|14","|","|move|p2a: Zapdos|Defog|p1a: Cradily","|-unboost|p1a: Cradily|evasion|1","|-sideend|p2: Void Neo|Stealth Rock|[from] move: Defog|[of] p2a: Zapdos","|move|p1a: Cradily|Rock Slide|p2a: Zapdos","|-crit|p2a: Zapdos","|-supereffective|p2a: Zapdos","|-damage|p2a: Zapdos|3/384","|","|-heal|p2a: Zapdos|27/384|[from] item: Leftovers","|-heal|p1a: Cradily|297/375|[from] item: Leftovers","|turn|15","|","|switch|p1a: Venusaur|Venusaur, M|359/359","|move|p2a: Zapdos|Roost|p2a: Zapdos","|-heal|p2a: Zapdos|219/384","|","|-heal|p2a: Zapdos|243/384|[from] item: Leftovers","|turn|16","|","|switch|p2a: Andrea|Togekiss, F|374/374","|detailschange|p1a: Venusaur|Venusaur-Mega, M","|-mega|p1a: Venusaur|Venusaur|Venusaurite","|move|p1a: Venusaur|Sludge Bomb|p2a: Andrea","|-supereffective|p2a: Andrea","|-damage|p2a: Andrea|140/374","|-status|p2a: Andrea|psn","|","|-heal|p2a: Andrea|163/374 psn|[from] item: Leftovers","|-damage|p2a: Andrea|117/374 psn|[from] psn","|turn|17","|","|move|p1a: Venusaur|Giga Drain|p2a: Andrea","|-resisted|p2a: Andrea","|-damage|p2a: Andrea|73/374 psn","|move|p2a: Andrea|Air Slash|p1a: Venusaur","|-supereffective|p1a: Venusaur","|-damage|p1a: Venusaur|183/359","|","|-heal|p2a: Andrea|96/374 psn|[from] item: Leftovers","|-damage|p2a: Andrea|50/374 psn|[from] psn","|turn|18","|","|move|p1a: Venusaur|Synthesis|p1a: Venusaur","|-heal|p1a: Venusaur|359/359","|move|p2a: Andrea|Air Slash|p1a: Venusaur","|-supereffective|p1a: Venusaur","|-damage|p1a: Venusaur|183/359","|","|-heal|p2a: Andrea|73/374 psn|[from] item: Leftovers","|-damage|p2a: Andrea|27/374 psn|[from] psn","|turn|19","|","|move|p1a: Venusaur|Synthesis|p1a: Venusaur","|-heal|p1a: Venusaur|359/359","|move|p2a: Andrea|Air Slash|p1a: Venusaur","|-crit|p1a: Venusaur","|-supereffective|p1a: Venusaur","|-damage|p1a: Venusaur|95/359","|","|-heal|p2a: Andrea|50/374 psn|[from] item: Leftovers","|-damage|p2a: Andrea|4/374 psn|[from] psn","|turn|20","|","|move|p1a: Venusaur|Synthesis|p1a: Venusaur","|-heal|p1a: Venusaur|274/359","|move|p2a: Andrea|Air Slash|p1a: Venusaur","|-supereffective|p1a: Venusaur","|-damage|p1a: Venusaur|80/359","|","|-heal|p2a: Andrea|27/374 psn|[from] item: Leftovers","|-damage|p2a: Andrea|0 fnt|[from] psn","|faint|p2a: Andrea","|","|switch|p2a: Cyron|Dragonite, M|206/323","|turn|21","|","|move|p2a: Cyron|Fire Punch|p1a: Venusaur","|-supereffective|p1a: Venusaur","|-damage|p1a: Venusaur|0 fnt","|faint|p1a: Venusaur","|","|","|switch|p1a: Breloom|Breloom, F|261/261","|turn|22","|","|switch|p2a: Ohnta|Gyarados, M|75/331","|move|p1a: Breloom|Spore|p2a: Ohnta","|-status|p2a: Ohnta|slp","|","|-heal|p2a: Ohnta|95/331 slp|[from] item: Leftovers","|turn|23","|","|switch|p2a: Rafique|Landorus-Therian, M|227/319","|-ability|p2a: Rafique|Intimidate","|-unboost|p1a: Breloom|atk|1","|move|p1a: Breloom|Bullet Seed|p2a: Rafique","|-damage|p2a: Rafique|175/319","|-damage|p2a: Rafique|124/319","|-damage|p2a: Rafique|75/319","|-damage|p2a: Rafique|26/319","|-hitcount|p2a: Rafique|4","|","|turn|24","|","|switch|p2a: Miller|Skarmory, F|333/333","|switch|p1a: Ferrothorn|Ferrothorn, M|300/351","|","|turn|25","|","|switch|p2a: Zapdos|Zapdos|243/384","|-ability|p2a: Zapdos|Pressure","|move|p1a: Ferrothorn|Stealth Rock|p2a: Zapdos","|-sidestart|p2: Void Neo|move: Stealth Rock","|","|-heal|p2a: Zapdos|267/384|[from] item: Leftovers","|turn|26","|","|switch|p1a: Cradily|Cradily, F|297/375","|move|p2a: Zapdos|Heat Wave|p1a: Cradily","|-miss|p2a: Zapdos|p1a: Cradily","|","|-heal|p2a: Zapdos|291/384|[from] item: Leftovers","|-heal|p1a: Cradily|320/375|[from] item: Leftovers","|turn|27","|","|move|p2a: Zapdos|Defog|p1a: Cradily","|-unboost|p1a: Cradily|evasion|1","|-sideend|p2: Void Neo|Stealth Rock|[from] move: Defog|[of] p2a: Zapdos","|move|p1a: Cradily|Curse|p1a: Cradily","|-unboost|p1a: Cradily|spe|1","|-boost|p1a: Cradily|atk|1","|-boost|p1a: Cradily|def|1","|","|-heal|p2a: Zapdos|315/384|[from] item: Leftovers","|-heal|p1a: Cradily|343/375|[from] item: Leftovers","|turn|28","|","|switch|p2a: Rafique|Landorus-Therian, M|26/319","|-ability|p2a: Rafique|Intimidate","|-unboost|p1a: Cradily|atk|1","|move|p1a: Cradily|Curse|p1a: Cradily","|-unboost|p1a: Cradily|spe|1","|-boost|p1a: Cradily|atk|1","|-boost|p1a: Cradily|def|1","|","|-heal|p1a: Cradily|366/375|[from] item: Leftovers","|turn|29","|","|move|p2a: Rafique|U-turn|p1a: Cradily","|-supereffective|p1a: Cradily","|-damage|p1a: Cradily|276/375","|","|switch|p2a: Cyron|Dragonite, M|206/323","|move|p1a: Cradily|Rock Slide|p2a: Cyron","|-supereffective|p2a: Cyron","|-damage|p2a: Cyron|0 fnt","|faint|p2a: Cyron","|","|-heal|p1a: Cradily|299/375|[from] item: Leftovers","|","|switch|p2a: Miller|Skarmory, F|333/333","|turn|30","|","|move|p1a: Cradily|Rock Slide|p2a: Miller","|-damage|p2a: Miller|272/333","|move|p2a: Miller|Whirlwind|p1a: Cradily","|drag|p1a: Ferrothorn|Ferrothorn, M|300/351","|","|turn|31","|","|switch|p2a: Zapdos|Zapdos|315/384","|-ability|p2a: Zapdos|Pressure","|move|p1a: Ferrothorn|Leech Seed|p2a: Zapdos|[miss]","|-miss|p1a: Ferrothorn|p2a: Zapdos","|","|-heal|p2a: Zapdos|339/384|[from] item: Leftovers","|turn|32","|","|switch|p1a: Cradily|Cradily, F|299/375","|move|p2a: Zapdos|Heat Wave|p1a: Cradily","|-damage|p1a: Cradily|231/375","|","|-heal|p2a: Zapdos|363/384|[from] item: Leftovers","|-heal|p1a: Cradily|254/375|[from] item: Leftovers","|turn|33","|","|move|p2a: Zapdos|Heat Wave|p1a: Cradily","|-damage|p1a: Cradily|195/375","|move|p1a: Cradily|Rock Slide|p2a: Zapdos","|-supereffective|p2a: Zapdos","|-damage|p2a: Zapdos|207/384","|","|-heal|p2a: Zapdos|231/384|[from] item: Leftovers","|-heal|p1a: Cradily|218/375|[from] item: Leftovers","|turn|34","|","|switch|p2a: Miller|Skarmory, F|272/333","|move|p1a: Cradily|Recover|p1a: Cradily","|-heal|p1a: Cradily|375/375","|","|turn|35","|","|move|p2a: Miller|Stealth Rock|p1a: Cradily","|-sidestart|p1: Scrub172|move: Stealth Rock","|move|p1a: Cradily|Rock Slide|p2a: Miller","|-damage|p2a: Miller|229/333","|","|turn|36","|","|switch|p1a: Ferrothorn|Ferrothorn, M|300/351","|-damage|p1a: Ferrothorn|279/351|[from] Stealth Rock","|move|p2a: Miller|Brave Bird|p1a: Ferrothorn","|-damage|p1a: Ferrothorn|215/351","|-damage|p2a: Miller|188/333|[from] ability: Iron Barbs|[of] p1a: Ferrothorn","|-damage|p2a: Miller|133/333|[from] item: Rocky Helmet|[of] p1a: Ferrothorn","|-damage|p2a: Miller|112/333|[from] recoil|[of] p1a: Ferrothorn","|","|turn|37","|","|switch|p2a: Zapdos|Zapdos|231/384","|-ability|p2a: Zapdos|Pressure","|move|p1a: Ferrothorn|Stealth Rock|p2a: Zapdos","|-sidestart|p2: Void Neo|move: Stealth Rock","|","|-heal|p2a: Zapdos|255/384|[from] item: Leftovers","|turn|38","|","|switch|p1a: Cradily|Cradily, F|375/375","|-damage|p1a: Cradily|329/375|[from] Stealth Rock","|move|p2a: Zapdos|Heat Wave|p1a: Cradily","|-damage|p1a: Cradily|267/375","|","|-heal|p2a: Zapdos|279/384|[from] item: Leftovers","|-heal|p1a: Cradily|290/375|[from] item: Leftovers","|turn|39","|","|move|p2a: Zapdos|Defog|p1a: Cradily","|-unboost|p1a: Cradily|evasion|1","|-sideend|p1: Scrub172|Stealth Rock|[from] move: Defog|[of] p1a: Cradily","|-sideend|p2: Void Neo|Stealth Rock|[from] move: Defog|[of] p2a: Zapdos","|move|p1a: Cradily|Curse|p1a: Cradily","|-unboost|p1a: Cradily|spe|1","|-boost|p1a: Cradily|atk|1","|-boost|p1a: Cradily|def|1","|","|-heal|p2a: Zapdos|303/384|[from] item: Leftovers","|-heal|p1a: Cradily|313/375|[from] item: Leftovers","|turn|40","|","|switch|p2a: Miller|Skarmory, F|112/333","|move|p1a: Cradily|Rock Slide|p2a: Miller","|-damage|p2a: Miller|49/333","|","|-heal|p1a: Cradily|336/375|[from] item: Leftovers","|turn|41","|","|move|p2a: Miller|Roost|p2a: Miller","|-heal|p2a: Miller|216/333","|move|p1a: Cradily|Rock Slide|p2a: Miller","|-resisted|p2a: Miller","|-damage|p2a: Miller|187/333","|","|-heal|p1a: Cradily|359/375|[from] item: Leftovers","|turn|42","|","|move|p1a: Cradily|Curse|p1a: Cradily","|-unboost|p1a: Cradily|spe|1","|-boost|p1a: Cradily|atk|1","|-boost|p1a: Cradily|def|1","|move|p2a: Miller|Whirlwind|p1a: Cradily","|drag|p1a: Ferrothorn|Ferrothorn, M|215/351","|","|turn|43","|","|switch|p2a: Zapdos|Zapdos|303/384","|-ability|p2a: Zapdos|Pressure","|move|p1a: Ferrothorn|Leech Seed|p2a: Zapdos","|-start|p2a: Zapdos|move: Leech Seed","|","|-heal|p2a: Zapdos|327/384|[from] item: Leftovers","|-damage|p2a: Zapdos|279/384|[from] Leech Seed|[of] p1a: Ferrothorn","|-heal|p1a: Ferrothorn|263/351|[silent]","|turn|44","|","|switch|p1a: Cradily|Cradily, F|359/375","|move|p2a: Zapdos|Heat Wave|p1a: Cradily","|-damage|p1a: Cradily|291/375","|","|-heal|p2a: Zapdos|303/384|[from] item: Leftovers","|-heal|p1a: Cradily|314/375|[from] item: Leftovers","|-damage|p2a: Zapdos|255/384|[from] Leech Seed|[of] p1a: Cradily","|-heal|p1a: Cradily|362/375|[silent]","|turn|45","|","|switch|p2a: Miller|Skarmory, F|187/333","|move|p1a: Cradily|Curse|p1a: Cradily","|-unboost|p1a: Cradily|spe|1","|-boost|p1a: Cradily|atk|1","|-boost|p1a: Cradily|def|1","|","|-heal|p1a: Cradily|375/375|[from] item: Leftovers","|turn|46","|","|move|p2a: Miller|Roost|p2a: Miller","|-heal|p2a: Miller|333/333","|move|p1a: Cradily|Earthquake|p2a: Miller","|-supereffective|p2a: Miller","|-damage|p2a: Miller|227/333","|","|turn|47","|","|move|p2a: Miller|Stealth Rock|p1a: Cradily","|-sidestart|p1: Scrub172|move: Stealth Rock","|move|p1a: Cradily|Earthquake|p2a: Miller","|-immune|p2a: Miller|[msg]","|","|turn|48","|","|move|p2a: Miller|Brave Bird|p1a: Cradily","|-damage|p1a: Cradily|302/375","|-damage|p2a: Miller|203/333|[from] recoil|[of] p1a: Cradily","|move|p1a: Cradily|Earthquake|p2a: Miller","|-immune|p2a: Miller|[msg]","|","|-heal|p1a: Cradily|325/375|[from] item: Leftovers","|turn|49","|","|move|p2a: Miller|Roost|p2a: Miller","|-heal|p2a: Miller|333/333","|move|p1a: Cradily|Earthquake|p2a: Miller","|-supereffective|p2a: Miller","|-damage|p2a: Miller|227/333","|","|-heal|p1a: Cradily|348/375|[from] item: Leftovers","|turn|50","|","|move|p2a: Miller|Brave Bird|p1a: Cradily","|-damage|p1a: Cradily|275/375","|-damage|p2a: Miller|203/333|[from] recoil|[of] p1a: Cradily","|move|p1a: Cradily|Earthquake|p2a: Miller","|-immune|p2a: Miller|[msg]","|","|-heal|p1a: Cradily|298/375|[from] item: Leftovers","|turn|51","|","|move|p2a: Miller|Brave Bird|p1a: Cradily","|-damage|p1a: Cradily|219/375","|-damage|p2a: Miller|177/333|[from] recoil|[of] p1a: Cradily","|move|p1a: Cradily|Curse|p1a: Cradily","|-unboost|p1a: Cradily|spe|1","|-boost|p1a: Cradily|atk|1","|-boost|p1a: Cradily|def|1","|","|-heal|p1a: Cradily|242/375|[from] item: Leftovers","|turn|52","|","|move|p2a: Miller|Roost|p2a: Miller","|-heal|p2a: Miller|333/333","|move|p1a: Cradily|Earthquake|p2a: Miller","|-supereffective|p2a: Miller","|-damage|p2a: Miller|189/333","|","|-heal|p1a: Cradily|265/375|[from] item: Leftovers","|turn|53","|","|move|p2a: Miller|Roost|p2a: Miller","|-heal|p2a: Miller|333/333","|move|p1a: Cradily|Recover|p1a: Cradily","|-heal|p1a: Cradily|375/375","|","|turn|54","|","|move|p1a: Cradily|Curse|p1a: Cradily","|-unboost|p1a: Cradily|spe|1","|-boost|p1a: Cradily|atk|1","|-boost|p1a: Cradily|def|1","|move|p2a: Miller|Whirlwind|p1a: Cradily","|drag|p1a: Ferrothorn|Ferrothorn, M|263/351","|-damage|p1a: Ferrothorn|242/351|[from] Stealth Rock","|","|turn|55","|","|switch|p2a: Zapdos|Zapdos|255/384","|-ability|p2a: Zapdos|Pressure","|move|p1a: Ferrothorn|Stealth Rock|p2a: Zapdos","|-sidestart|p2: Void Neo|move: Stealth Rock","|","|-heal|p2a: Zapdos|279/384|[from] item: Leftovers","|turn|56","|","|switch|p1a: Cradily|Cradily, F|375/375","|-damage|p1a: Cradily|329/375|[from] Stealth Rock","|move|p2a: Zapdos|Defog|p1a: Cradily","|-unboost|p1a: Cradily|evasion|1","|-sideend|p1: Scrub172|Stealth Rock|[from] move: Defog|[of] p1a: Cradily","|-sideend|p2: Void Neo|Stealth Rock|[from] move: Defog|[of] p2a: Zapdos","|","|-heal|p2a: Zapdos|303/384|[from] item: Leftovers","|-heal|p1a: Cradily|352/375|[from] item: Leftovers","|turn|57","|","|move|p2a: Zapdos|Heat Wave|p1a: Cradily","|-damage|p1a: Cradily|293/375","|move|p1a: Cradily|Rock Slide|p2a: Zapdos","|-supereffective|p2a: Zapdos","|-damage|p2a: Zapdos|145/384","|","|-heal|p2a: Zapdos|169/384|[from] item: Leftovers","|-heal|p1a: Cradily|316/375|[from] item: Leftovers","|turn|58","|","|move|p2a: Zapdos|Roost|p2a: Zapdos","|-heal|p2a: Zapdos|361/384","|move|p1a: Cradily|Earthquake|p2a: Zapdos","|-supereffective|p2a: Zapdos","|-damage|p2a: Zapdos|207/384","|","|-heal|p2a: Zapdos|231/384|[from] item: Leftovers","|-heal|p1a: Cradily|339/375|[from] item: Leftovers","|turn|59","|","|move|p2a: Zapdos|Heat Wave|p1a: Cradily","|-damage|p1a: Cradily|274/375","|move|p1a: Cradily|Curse|p1a: Cradily","|-unboost|p1a: Cradily|spe|1","|-boost|p1a: Cradily|atk|1","|-boost|p1a: Cradily|def|1","|","|-heal|p2a: Zapdos|255/384|[from] item: Leftovers","|-heal|p1a: Cradily|297/375|[from] item: Leftovers","|turn|60","|","|switch|p2a: Miller|Skarmory, F|333/333","|move|p1a: Cradily|Curse|p1a: Cradily","|-unboost|p1a: Cradily|spe|1","|-boost|p1a: Cradily|atk|1","|-boost|p1a: Cradily|def|1","|","|-heal|p1a: Cradily|320/375|[from] item: Leftovers","|turn|61","|","|move|p1a: Cradily|Earthquake|p2a: Miller","|-immune|p2a: Miller|[msg]","|move|p2a: Miller|Whirlwind|p1a: Cradily","|drag|p1a: Ferrothorn|Ferrothorn, M|242/351","|","|turn|62","|","|switch|p2a: Zapdos|Zapdos|255/384","|-ability|p2a: Zapdos|Pressure","|move|p1a: Ferrothorn|Leech Seed|p2a: Zapdos","|-start|p2a: Zapdos|move: Leech Seed","|","|-heal|p2a: Zapdos|279/384|[from] item: Leftovers","|-damage|p2a: Zapdos|231/384|[from] Leech Seed|[of] p1a: Ferrothorn","|-heal|p1a: Ferrothorn|290/351|[silent]","|turn|63","|","|switch|p1a: Cradily|Cradily, F|320/375","|move|p2a: Zapdos|Heat Wave|p1a: Cradily","|-damage|p1a: Cradily|259/375","|-status|p1a: Cradily|brn","|","|-heal|p2a: Zapdos|255/384|[from] item: Leftovers","|-heal|p1a: Cradily|282/375 brn|[from] item: Leftovers","|-damage|p2a: Zapdos|207/384|[from] Leech Seed|[of] p1a: Cradily","|-heal|p1a: Cradily|330/375 brn|[silent]","|-damage|p1a: Cradily|284/375 brn|[from] brn","|turn|64","|","|switch|p2a: Miller|Skarmory, F|333/333","|switch|p1a: Breloom|Breloom, F|261/261","|","|turn|65","|","|switch|p1a: Ferrothorn|Ferrothorn, M|290/351","|move|p2a: Miller|Brave Bird|p1a: Ferrothorn","|-damage|p1a: Ferrothorn|218/351","|-damage|p2a: Miller|292/333|[from] ability: Iron Barbs|[of] p1a: Ferrothorn","|-damage|p2a: Miller|237/333|[from] item: Rocky Helmet|[of] p1a: Ferrothorn","|-damage|p2a: Miller|213/333|[from] recoil|[of] p1a: Ferrothorn","|","|turn|66","|","|switch|p2a: Zapdos|Zapdos|207/384","|-ability|p2a: Zapdos|Pressure","|move|p1a: Ferrothorn|Leech Seed|p2a: Zapdos","|-start|p2a: Zapdos|move: Leech Seed","|","|-heal|p2a: Zapdos|231/384|[from] item: Leftovers","|-damage|p2a: Zapdos|183/384|[from] Leech Seed|[of] p1a: Ferrothorn","|-heal|p1a: Ferrothorn|266/351|[silent]","|turn|67","|","|switch|p1a: Cradily|Cradily, F|284/375 brn","|move|p2a: Zapdos|Roost|p2a: Zapdos","|-heal|p2a: Zapdos|375/384","|","|-heal|p2a: Zapdos|384/384|[from] item: Leftovers","|-heal|p1a: Cradily|307/375 brn|[from] item: Leftovers","|-damage|p2a: Zapdos|336/384|[from] Leech Seed|[of] p1a: Cradily","|-heal|p1a: Cradily|355/375 brn|[silent]","|-damage|p1a: Cradily|309/375 brn|[from] brn","|turn|68","|","|switch|p2a: Rafique|Landorus-Therian, M|26/319","|-ability|p2a: Rafique|Intimidate","|-unboost|p1a: Cradily|atk|1","|move|p1a: Cradily|Earthquake|p2a: Rafique","|-immune|p2a: Rafique|[msg]","|","|-heal|p1a: Cradily|332/375 brn|[from] item: Leftovers","|-damage|p1a: Cradily|286/375 brn|[from] brn","|turn|69","|","|switch|p1a: Ferrothorn|Ferrothorn, M|266/351","|move|p2a: Rafique|Earthquake|p1a: Ferrothorn","|-damage|p1a: Ferrothorn|157/351","|","|turn|70","|","|move|p2a: Rafique|Earthquake|p1a: Ferrothorn","|-damage|p1a: Ferrothorn|48/351","|move|p1a: Ferrothorn|Leech Seed|p2a: Rafique","|-start|p2a: Rafique|move: Leech Seed","|","|-damage|p2a: Rafique|0 fnt|[from] Leech Seed|[of] p1a: Ferrothorn","|-heal|p1a: Ferrothorn|74/351|[silent]","|faint|p2a: Rafique","|","|switch|p2a: Zapdos|Zapdos|336/384","|-ability|p2a: Zapdos|Pressure","|turn|71","|","|switch|p1a: Cradily|Cradily, F|286/375 brn","|move|p2a: Zapdos|Heat Wave|p1a: Cradily","|-damage|p1a: Cradily|224/375 brn","|","|-heal|p2a: Zapdos|360/384|[from] item: Leftovers","|-heal|p1a: Cradily|247/375 brn|[from] item: Leftovers","|-damage|p1a: Cradily|201/375 brn|[from] brn","|turn|72","|","|switch|p2a: Miller|Skarmory, F|213/333","|move|p1a: Cradily|Recover|p1a: Cradily","|-heal|p1a: Cradily|375/375 brn","|","|-damage|p1a: Cradily|329/375 brn|[from] brn","|turn|73","|","|move|p2a: Miller|Brave Bird|p1a: Cradily","|-damage|p1a: Cradily|212/375 brn","|-damage|p2a: Miller|174/333|[from] recoil|[of] p1a: Cradily","|move|p1a: Cradily|Curse|p1a: Cradily","|-unboost|p1a: Cradily|spe|1","|-boost|p1a: Cradily|atk|1","|-boost|p1a: Cradily|def|1","|","|-heal|p1a: Cradily|235/375 brn|[from] item: Leftovers","|-damage|p1a: Cradily|189/375 brn|[from] brn","|turn|74","|player|p1","|player|p1|Scrub172|165","|","|move|p1a: Cradily|Recover|p1a: Cradily","|-heal|p1a: Cradily|375/375 brn","|move|p2a: Miller|Whirlwind|p1a: Cradily","|drag|p1a: Ferrothorn|Ferrothorn, M|74/351","|","|turn|75","|","|move|p2a: Miller|Brave Bird|p1a: Ferrothorn","|-damage|p1a: Ferrothorn|1/351","|-damage|p2a: Miller|133/333|[from] ability: Iron Barbs|[of] p1a: Ferrothorn","|-damage|p2a: Miller|78/333|[from] item: Rocky Helmet|[of] p1a: Ferrothorn","|-damage|p2a: Miller|54/333|[from] recoil|[of] p1a: Ferrothorn","|move|p1a: Ferrothorn|Leech Seed|p2a: Miller","|-start|p2a: Miller|move: Leech Seed","|","|-damage|p2a: Miller|13/333|[from] Leech Seed|[of] p1a: Ferrothorn","|-heal|p1a: Ferrothorn|42/351|[silent]","|turn|76","|","|move|p2a: Miller|Roost|p2a: Miller","|-heal|p2a: Miller|180/333","|move|p1a: Ferrothorn|Stealth Rock|p2a: Miller","|-sidestart|p2: Void Neo|move: Stealth Rock","|","|-damage|p2a: Miller|139/333|[from] Leech Seed|[of] p1a: Ferrothorn","|-heal|p1a: Ferrothorn|83/351|[silent]","|turn|77","|","|win|Scrub172"],"p1rating":{"entryid":"498016","serverid":"eos","formatid":"monotype","userid":"scrub172","username":"Scrub172","w":3,"l":"1","t":"0","gxe":59.4,"r":"1500","rd":"130","sigma":"0","rptime":"1440579600","rpr":1574.8370387028,"rprd":106.94259733251,"rpsigma":"0","acre":1101.1334862707,"lacre":1101.1334862707,"oldacre":"1060.8163832606"},"p2rating":{"entryid":"413977","serverid":"eos","formatid":"monotype","userid":"voidneo","username":"Void Neo","w":"6","l":2,"t":"0","gxe":63.4,"r":"1638.070411937","rd":"95.310152303328","sigma":"0","rptime":"1440579600","rpr":1607.143668738,"rprd":92.733028031702,"rpsigma":"0","acre":1137.8958102458,"lacre":1137.8958102458,"oldacre":"1170.5385497027"},"endType":"forfeit"}