{"seed":[18364,33317,42757,53294],"turns":31,"p1":"Void Who","p2":"Guard Quilluminati","p1team":[{"name":"Sableye","species":"Sableye","item":"sablenite","ability":"Prankster","moves":["willowisp","recover","dazzlinggleam","calmmind"],"nature":"Calm","evs":{"hp":248,"atk":0,"def":0,"spa":8,"spd":252,"spe":0},"ivs":{"hp":31,"atk":31,"def":31,"spa":31,"spd":31,"spe":31}},{"name":"Bisharp","species":"Bisharp","item":"focussash","ability":"Defiant","moves":["knockoff","suckerpunch","ironhead","stealthrock"],"nature":"Adamant","evs":{"hp":248,"atk":252,"def":0,"spa":0,"spd":8,"spe":0},"ivs":{"hp":31,"atk":31,"def":31,"spa":31,"spd":31,"spe":31}},{"name":"Hoopa-Unbound","species":"Hoopa-Unbound","item":"focussash","ability":"Magician","moves":["hyperspacehole","focusblast","firepunch","hyperspacefury"],"nature":"Mild","evs":{"hp":248,"atk":8,"def":0,"spa":252,"spd":0,"spe":0},"ivs":{"hp":31,"atk":31,"def":31,"spa":31,"spd":31,"spe":31}},{"name":"Hydreigon","species":"Hydreigon","item":"choicescarf","ability":"Levitate","moves":["dracometeor","darkpulse","flamethrower","superpower"],"nature":"Hasty","evs":{"hp":0,"atk":4,"def":0,"spa":252,"spd":0,"spe":252},"ivs":{"hp":31,"atk":31,"def":31,"spa":31,"spd":31,"spe":31}},{"name":"Mandibuzz","species":"Mandibuzz","item":"leftovers","ability":"Overcoat","moves":["bravebird","foulplay","roost","defog"],"nature":"Impish","evs":{"hp":252,"atk":4,"def":252,"spa":0,"spd":0,"spe":0},"ivs":{"hp":31,"atk":31,"def":31,"spa":31,"spd":31,"spe":31}},{"name":"Tyranitar","species":"Tyranitar","item":"assaultvest","ability":"Sand Stream","moves":["crunch","stoneedge","fireblast","earthquake"],"nature":"Naughty","evs":{"hp":248,"atk":252,"def":0,"spa":8,"spd":0,"spe":0},"ivs":{"hp":31,"atk":31,"def":31,"spa":31,"spd":31,"spe":31}}],"p2team":[{"name":"Aggron","species":"Aggron","item":"aggronite","ability":"Sturdy","moves":["heavyslam","curse","rest","sleeptalk"],"nature":"Impish","evs":{"hp":252,"atk":0,"def":16,"spa":0,"spd":240,"spe":0},"shiny":true,"ivs":{"hp":31,"atk":31,"def":31,"spa":31,"spd":31,"spe":31}},{"name":"Aerodactyl","species":"Aerodactyl","item":"focussash","ability":"Rock Head","moves":["aerialace","honeclaws","stoneedge","firefang"],"nature":"Jolly","evs":{"hp":0,"atk":252,"def":0,"spa":0,"spd":4,"spe":252},"ivs":{"hp":31,"atk":31,"def":31,"spa":31,"spd":31,"spe":31}},{"name":"Cradily","species":"Cradily","item":"rockyhelmet","ability":"Storm Drain","moves":["gigadrain","stockpile","recover","toxic"],"nature":"Calm","evs":{"hp":44,"atk":0,"def":216,"spa":48,"spd":140,"spe":60},"ivs":{"hp":31,"atk":31,"def":31,"spa":31,"spd":31,"spe":31}},{"name":"Tyranitar","species":"Tyranitar","item":"assaultvest","ability":"Sand Stream","moves":["fireblast","crunch","earthquake","stoneedge"],"nature":"Naughty","evs":{"hp":252,"atk":152,"def":0,"spa":104,"spd":0,"spe":0},"ivs":{"hp":31,"atk":31,"def":31,"spa":31,"spd":31,"spe":31}},{"name":"Terrakion","species":"Terrakion","item":"choicescarf","ability":"Justified","moves":["closecombat","earthquake","ironhead","stoneedge"],"nature":"Jolly","evs":{"hp":0,"atk":252,"def":0,"spa":0,"spd":4,"spe":252},"ivs":{"hp":31,"atk":31,"def":31,"spa":31,"spd":31,"spe":31}},{"name":"Omastar","species":"Omastar","item":"focussash","ability":"Shell Armor","moves":["shellsmash","icebeam","surf","earthpower"],"nature":"Modest","evs":{"hp":0,"atk":0,"def":0,"spa":252,"spd":4,"spe":252},"ivs":{"hp":31,"atk":31,"def":31,"spa":31,"spd":31,"spe":31}}],"log":["|player|p1|Void Who|voidwho.gif","|player|p2|Guard Quilluminati|80","|gametype|singles","|gen|6","|tier|Monotype","|rated","|rule|Baton Pass Clause: Limit one Baton Passer, can't pass Spe and other stats simultaneously","|rule|Swagger Clause: Swagger is banned","|rule|Same Type Clause: Pokémon in a team must share a type","|clearpoke","|poke|p1|Sableye, F","|poke|p1|Bisharp, F","|poke|p1|Hoopa-Unbound","|poke|p1|Hydreigon, F","|poke|p1|Mandibuzz, F","|poke|p1|Tyranitar, M","|poke|p2|Aggron, M, shiny","|poke|p2|Aerodactyl, F","|poke|p2|Cradily, F","|poke|p2|Tyranitar, F","|poke|p2|Terrakion","|poke|p2|Omastar, F","|rule|Sleep Clause Mod: Limit one foe put to sleep","|rule|Species Clause: Limit one of each Pokémon","|rule|OHKO Clause: OHKO moves are banned","|rule|Moody Clause: Moody is banned","|rule|Evasion Moves Clause: Evasion moves are banned","|rule|Endless Battle Clause: Forcing endless battles is banned","|rule|HP Percentage Mod: HP is shown in percentages","|teampreview","|","|start","|switch|p1a: Bisharp|Bisharp, F|333/333","|switch|p2a: Aggron|Aggron, M, shiny|344/344","|turn|1","|","|detailschange|p2a: Aggron|Aggron-Mega, M, shiny","|-mega|p2a: Aggron|Aggron|Aggronite","|move|p1a: Bisharp|Knock Off|p2a: Aggron","|-damage|p2a: Aggron|284/344","|move|p2a: Aggron|Curse|p2a: Aggron","|-unboost|p2a: Aggron|spe|1","|-boost|p2a: Aggron|atk|1","|-boost|p2a: Aggron|def|1","|","|turn|2","|","|switch|p1a: Hoopa-Unbound|Hoopa-Unbound|363/363","|move|p2a: Aggron|Curse|p2a: Aggron","|-unboost|p2a: Aggron|spe|1","|-boost|p2a: Aggron|atk|1","|-boost|p2a: Aggron|def|1","|","|turn|3","|","|move|p1a: Hoopa-Unbound|Focus Blast|p2a: Aggron","|-supereffective|p2a: Aggron","|-damage|p2a: Aggron|4/344","|move|p2a: Aggron|Heavy Slam|p1a: Hoopa-Unbound","|-damage|p1a: Hoopa-Unbound|141/363","|","|turn|4","|","|move|p1a: Hoopa-Unbound|Hyperspace Hole|p2a: Aggron","|-resisted|p2a: Aggron","|-damage|p2a: Aggron|0 fnt","|faint|p2a: Aggron","|","|","|switch|p2a: Tyranitar|Tyranitar, F|404/404","|-weather|Sandstorm","|turn|5","|","|move|p1a: Hoopa-Unbound|Focus Blast|p2a: Tyranitar","|-supereffective|p2a: Tyranitar","|-damage|p2a: Tyranitar|16/404","|move|p2a: Tyranitar|Crunch|p1a: Hoopa-Unbound","|-damage|p1a: Hoopa-Unbound|0 fnt","|faint|p1a: Hoopa-Unbound","|","|-weather|Sandstorm|[upkeep]","|","|switch|p1a: Bisharp|Bisharp, F|333/333","|turn|6","|","|move|p1a: Bisharp|Iron Head|p2a: Tyranitar","|-supereffective|p2a: Tyranitar","|-damage|p2a: Tyranitar|0 fnt","|faint|p2a: Tyranitar","|","|-weather|Sandstorm|[upkeep]","|","|switch|p2a: Terrakion|Terrakion|323/323","|turn|7","|","|move|p2a: Terrakion|Close Combat|p1a: Bisharp","|-supereffective|p1a: Bisharp","|-enditem|p1a: Bisharp|Focus Sash","|-damage|p1a: Bisharp|1/333","|-unboost|p2a: Terrakion|def|1","|-unboost|p2a: Terrakion|spd|1","|move|p1a: Bisharp|Knock Off|p2a: Terrakion","|-resisted|p2a: Terrakion","|-damage|p2a: Terrakion|173/323","|-boost|p2a: Terrakion|atk|1|[from] ability: Justified","|-enditem|p2a: Terrakion|Choice Scarf|[from] move: Knock Off|[of] p1a: Bisharp","|","|-weather|Sandstorm|[upkeep]","|turn|8","|","|move|p1a: Bisharp|Sucker Punch|p2a: Terrakion","|-resisted|p2a: Terrakion","|-damage|p2a: Terrakion|58/323","|-boost|p2a: Terrakion|atk|1|[from] ability: Justified","|move|p2a: Terrakion|Earthquake|p1a: Bisharp","|-supereffective|p1a: Bisharp","|-damage|p1a: Bisharp|0 fnt","|faint|p1a: Bisharp","|","|-weather|Sandstorm|[upkeep]","|","|switch|p1a: Hydreigon|Hydreigon, F|325/325","|turn|9","|","|move|p1a: Hydreigon|Superpower|p2a: Terrakion","|-crit|p2a: Terrakion","|-supereffective|p2a: Terrakion","|-damage|p2a: Terrakion|0 fnt","|-unboost|p1a: Hydreigon|atk|1","|-unboost|p1a: Hydreigon|def|1","|faint|p2a: Terrakion","|","|-weather|none","|","|switch|p2a: Omastar|Omastar, F|281/281","|turn|10","|","|move|p1a: Hydreigon|Superpower|p2a: Omastar","|-supereffective|p2a: Omastar","|-damage|p2a: Omastar|165/281","|-unboost|p1a: Hydreigon|atk|1","|-unboost|p1a: Hydreigon|def|1","|move|p2a: Omastar|Shell Smash|p2a: Omastar","|-unboost|p2a: Omastar|def|1","|-unboost|p2a: Omastar|spd|1","|-boost|p2a: Omastar|atk|2","|-boost|p2a: Omastar|spa|2","|-boost|p2a: Omastar|spe|2","|","|turn|11","|","|switch|p1a: Mandibuzz|Mandibuzz, F|424/424","|move|p2a: Omastar|Ice Beam|p1a: Mandibuzz","|-supereffective|p1a: Mandibuzz","|-damage|p1a: Mandibuzz|0 fnt","|faint|p1a: Mandibuzz","|","|","|switch|p1a: Tyranitar|Tyranitar, M|403/403","|-weather|Sandstorm","|turn|12","|","|move|p2a: Omastar|Surf|p1a: Tyranitar","|-supereffective|p1a: Tyranitar","|-damage|p1a: Tyranitar|67/403","|move|p1a: Tyranitar|Earthquake|p2a: Omastar","|-supereffective|p2a: Omastar","|-damage|p2a: Omastar|0 fnt","|faint|p2a: Omastar","|","|-weather|Sandstorm|[upkeep]","|","|switch|p2a: Cradily|Cradily, F|324/324","|turn|13","|","|move|p1a: Tyranitar|Earthquake|p2a: Cradily","|-damage|p2a: Cradily|211/324","|move|p2a: Cradily|Giga Drain|p1a: Tyranitar","|-supereffective|p1a: Tyranitar","|-damage|p1a: Tyranitar|0 fnt","|-heal|p2a: Cradily|245/324|[from] drain|[of] p1a: Tyranitar","|faint|p1a: Tyranitar","|","|-weather|Sandstorm|[upkeep]","|","|switch|p1a: Sableye|Sableye, F|303/303","|turn|14","|","|detailschange|p1a: Sableye|Sableye-Mega, F","|-mega|p1a: Sableye|Sableye|Sablenite","|move|p1a: Sableye|Will-O-Wisp|p2a: Cradily","|-status|p2a: Cradily|brn","|move|p2a: Cradily|Stockpile|p2a: Cradily","|-start|p2a: Cradily|stockpile1","|-boost|p2a: Cradily|def|1","|-boost|p2a: Cradily|spd|1","|","|-weather|Sandstorm|[upkeep]","|-damage|p1a: Sableye|285/303|[from] sandstorm","|-damage|p2a: Cradily|205/324 brn|[from] brn","|turn|15","|","|move|p2a: Cradily|Recover|p2a: Cradily","|-heal|p2a: Cradily|324/324 brn","|move|p1a: Sableye|Calm Mind|p1a: Sableye","|-boost|p1a: Sableye|spa|1","|-boost|p1a: Sableye|spd|1","|","|-weather|Sandstorm|[upkeep]","|-damage|p1a: Sableye|267/303|[from] sandstorm","|-damage|p2a: Cradily|284/324 brn|[from] brn","|turn|16","|","|move|p2a: Cradily|Giga Drain|p1a: Sableye","|-damage|p1a: Sableye|234/303","|-heal|p2a: Cradily|301/324 brn|[from] drain|[of] p1a: Sableye","|move|p1a: Sableye|Calm Mind|p1a: Sableye","|-boost|p1a: Sableye|spa|1","|-boost|p1a: Sableye|spd|1","|","|-weather|none","|-damage|p2a: Cradily|261/324 brn|[from] brn","|turn|17","|","|move|p2a: Cradily|Recover|p2a: Cradily","|-heal|p2a: Cradily|324/324 brn","|move|p1a: Sableye|Calm Mind|p1a: Sableye","|-boost|p1a: Sableye|spa|1","|-boost|p1a: Sableye|spd|1","|","|-damage|p2a: Cradily|284/324 brn|[from] brn","|turn|18","|","|move|p2a: Cradily|Stockpile|p2a: Cradily","|-start|p2a: Cradily|stockpile2","|-boost|p2a: Cradily|def|1","|-boost|p2a: Cradily|spd|1","|move|p1a: Sableye|Dazzling Gleam|p2a: Cradily","|-damage|p2a: Cradily|234/324 brn","|","|-damage|p2a: Cradily|194/324 brn|[from] brn","|turn|19","|","|move|p2a: Cradily|Recover|p2a: Cradily","|-heal|p2a: Cradily|324/324 brn","|move|p1a: Sableye|Calm Mind|p1a: Sableye","|-boost|p1a: Sableye|spa|1","|-boost|p1a: Sableye|spd|1","|","|-damage|p2a: Cradily|284/324 brn|[from] brn","|turn|20","|","|move|p2a: Cradily|Stockpile|p2a: Cradily","|-start|p2a: Cradily|stockpile3","|-boost|p2a: Cradily|def|1","|-boost|p2a: Cradily|spd|1","|move|p1a: Sableye|Calm Mind|p1a: Sableye","|-boost|p1a: Sableye|spa|1","|-boost|p1a: Sableye|spd|1","|","|-damage|p2a: Cradily|244/324 brn|[from] brn","|turn|21","|","|move|p2a: Cradily|Giga Drain|p1a: Sableye","|-damage|p1a: Sableye|218/303","|-heal|p2a: Cradily|252/324 brn|[from] drain|[of] p1a: Sableye","|move|p1a: Sableye|Calm Mind|p1a: Sableye","|-boost|p1a: Sableye|spa|1","|-boost|p1a: Sableye|spd|1","|","|-damage|p2a: Cradily|212/324 brn|[from] brn","|turn|22","|","|move|p2a: Cradily|Recover|p2a: Cradily","|-heal|p2a: Cradily|324/324 brn","|move|p1a: Sableye|Dazzling Gleam|p2a: Cradily","|-damage|p2a: Cradily|261/324 brn","|","|-damage|p2a: Cradily|221/324 brn|[from] brn","|turn|23","|","|move|p2a: Cradily|Giga Drain|p1a: Sableye","|-damage|p1a: Sableye|203/303","|-heal|p2a: Cradily|229/324 brn|[from] drain|[of] p1a: Sableye","|move|p1a: Sableye|Dazzling Gleam|p2a: Cradily","|-damage|p2a: Cradily|158/324 brn","|","|-damage|p2a: Cradily|118/324 brn|[from] brn","|turn|24","|","|move|p2a: Cradily|Recover|p2a: Cradily","|-heal|p2a: Cradily|280/324 brn","|move|p1a: Sableye|Recover|p1a: Sableye","|-heal|p1a: Sableye|303/303","|","|-damage|p2a: Cradily|240/324 brn|[from] brn","|turn|25","|","|move|p2a: Cradily|Giga Drain|p1a: Sableye","|-damage|p1a: Sableye|288/303","|-heal|p2a: Cradily|248/324 brn|[from] drain|[of] p1a: Sableye","|move|p1a: Sableye|Dazzling Gleam|p2a: Cradily","|-damage|p2a: Cradily|185/324 brn","|","|-damage|p2a: Cradily|145/324 brn|[from] brn","|turn|26","|","|move|p2a: Cradily|Recover|p2a: Cradily","|-heal|p2a: Cradily|307/324 brn","|move|p1a: Sableye|Dazzling Gleam|p2a: Cradily","|-damage|p2a: Cradily|244/324 brn","|","|-damage|p2a: Cradily|204/324 brn|[from] brn","|turn|27","|","|move|p2a: Cradily|Stockpile|p2a: Cradily","|-fail|p2a: Cradily","|move|p1a: Sableye|Dazzling Gleam|p2a: Cradily","|-damage|p2a: Cradily|140/324 brn","|","|-damage|p2a: Cradily|100/324 brn|[from] brn","|turn|28","|","|move|p2a: Cradily|Recover|p2a: Cradily","|-heal|p2a: Cradily|262/324 brn","|move|p1a: Sableye|Dazzling Gleam|p2a: Cradily","|-damage|p2a: Cradily|194/324 brn","|","|-damage|p2a: Cradily|154/324 brn|[from] brn","|turn|29","|","|move|p2a: Cradily|Toxic|p1a: Sableye","|move|p1a: Sableye|Toxic|p2a: Cradily|[from]Magic Bounce","|-fail|p2a: Cradily","|move|p1a: Sableye|Dazzling Gleam|p2a: Cradily","|-crit|p2a: Cradily","|-damage|p2a: Cradily|0 fnt","|faint|p2a: Cradily","|","|","|switch|p2a: Aerodactyl|Aerodactyl, F|301/301","|turn|30","|","|move|p2a: Aerodactyl|Hone Claws|p2a: Aerodactyl","|-boost|p2a: Aerodactyl|atk|1","|-boost|p2a: Aerodactyl|accuracy|1","|move|p1a: Sableye|Will-O-Wisp|p2a: Aerodactyl","|-status|p2a: Aerodactyl|brn","|","|-damage|p2a: Aerodactyl|264/301 brn|[from] brn","|turn|31","|","|move|p2a: Aerodactyl|Stone Edge|p1a: Sableye","|-damage|p1a: Sableye|189/303","|move|p1a: Sableye|Dazzling Gleam|p2a: Aerodactyl","|-crit|p2a: Aerodactyl","|-damage|p2a: Aerodactyl|0 fnt","|faint|p2a: Aerodactyl","|","|win|Void Who"],"p1rating":{"entryid":"114352","serverid":"eos","formatid":"monotype","userid":"voidwho","username":"Void Who","w":20,"l":"18","t":"0","gxe":51.3,"r":"1516.5362700022","rd":"59.115916396575","sigma":"0","rptime":"1440579600","rpr":1510.2439594971,"rprd":55.087993454721,"rpsigma":"0","acre":1099.6119392284,"lacre":1099.6119392284,"oldacre":"1069.7656637666"},"p2rating":{"entryid":"265729","serverid":"eos","formatid":"monotype","userid":"guardquilluminati","username":"Guard Quilluminati","w":"8","l":12,"t":"0","gxe":46.6,"r":"1539.0863927628","rd":"80.242673954806","sigma":"0","rptime":"1440579600","rpr":1474.0793981929,"rprd":71.074919294535,"rpsigma":"0","acre":1052.1904890815,"lacre":1052.1904890815,"oldacre":"1073.4257062194"},"endType":"normal"}