{"seed":[55631,19017,41280,60918],"turns":24,"p1":"Guard Quilluminati","p2":"Hm ninjacake","p1team":[{"name":"Aggron","species":"Aggron","item":"aggronite","ability":"Sturdy","moves":["heavyslam","curse","rest","sleeptalk"],"nature":"Impish","evs":{"hp":252,"atk":0,"def":16,"spa":0,"spd":240,"spe":0},"shiny":true,"ivs":{"hp":31,"atk":31,"def":31,"spa":31,"spd":31,"spe":31}},{"name":"Aerodactyl","species":"Aerodactyl","item":"focussash","ability":"Rock Head","moves":["aerialace","honeclaws","stoneedge","firefang"],"nature":"Jolly","evs":{"hp":0,"atk":252,"def":0,"spa":0,"spd":4,"spe":252},"ivs":{"hp":31,"atk":31,"def":31,"spa":31,"spd":31,"spe":31}},{"name":"Cradily","species":"Cradily","item":"rockyhelmet","ability":"Storm Drain","moves":["gigadrain","stockpile","recover","toxic"],"nature":"Calm","evs":{"hp":44,"atk":0,"def":216,"spa":48,"spd":140,"spe":60},"ivs":{"hp":31,"atk":31,"def":31,"spa":31,"spd":31,"spe":31}},{"name":"Tyranitar","species":"Tyranitar","item":"assaultvest","ability":"Sand Stream","moves":["fireblast","crunch","earthquake","stoneedge"],"nature":"Naughty","evs":{"hp":252,"atk":152,"def":0,"spa":104,"spd":0,"spe":0},"ivs":{"hp":31,"atk":31,"def":31,"spa":31,"spd":31,"spe":31}},{"name":"Terrakion","species":"Terrakion","item":"choicescarf","ability":"Justified","moves":["closecombat","earthquake","ironhead","stoneedge"],"nature":"Jolly","evs":{"hp":0,"atk":252,"def":0,"spa":0,"spd":4,"spe":252},"ivs":{"hp":31,"atk":31,"def":31,"spa":31,"spd":31,"spe":31}},{"name":"Omastar","species":"Omastar","item":"focussash","ability":"Shell Armor","moves":["shellsmash","icebeam","surf","earthpower"],"nature":"Modest","evs":{"hp":0,"atk":0,"def":0,"spa":252,"spd":4,"spe":252},"ivs":{"hp":31,"atk":31,"def":31,"spa":31,"spd":31,"spe":31}}],"p2team":[{"name":"Dianne","species":"diancie","item":"leftovers","ability":"Clear Body","moves":["stealthrock","trickroom","diamondstorm","explosion"],"nature":"Brave","evs":{"hp":248,"atk":252,"def":8,"spa":0,"spd":0,"spe":0},"ivs":{"hp":31,"atk":31,"def":31,"spa":31,"spd":31,"spe":0}},{"name":"Bittercup","species":"gardevoir","item":"gardevoirite","ability":"Trace","moves":["hypervoice","focusblast","trickroom","healingwish"],"nature":"Quiet","evs":{"hp":248,"atk":0,"def":0,"spa":252,"spd":8,"spe":0},"gender":"F","ivs":{"hp":31,"atk":31,"def":31,"spa":31,"spd":31,"spe":0},"shiny":true},{"name":"Cotton Candy","species":"sylveon","item":"choicespecs","ability":"Pixilate","moves":["shadowball","psyshock","hypervoice","hiddenpowerfire"],"nature":"Quiet","evs":{"hp":248,"atk":0,"def":0,"spa":252,"spd":4,"spe":0},"gender":"F","ivs":{"hp":31,"atk":30,"def":31,"spa":30,"spd":31,"spe":0},"shiny":true},{"name":"Sanic","species":"azumarill","item":"lifeorb","ability":"Huge Power","moves":["aquajet","playrough","waterfall","superpower"],"nature":"Brave","evs":{"hp":248,"atk":252,"def":0,"spa":0,"spd":8,"spe":0},"gender":"F","ivs":{"hp":31,"atk":31,"def":31,"spa":31,"spd":31,"spe":0},"shiny":true},{"name":"Jimmithy","species":"klefki","item":"lightclay","ability":"Prankster","moves":["lightscreen","reflect","foulplay","spikes"],"nature":"Bold","evs":{"hp":248,"atk":0,"def":204,"spa":0,"spd":0,"spe":56},"gender":"M","ivs":{"hp":31,"atk":0,"def":31,"spa":31,"spd":31,"spe":31},"shiny":true},{"name":"Leroy Jenkins","species":"togekiss","item":"choicescarf","ability":"Serene Grace","moves":["airslash","fireblast","dazzlinggleam","trick"],"nature":"Timid","evs":{"hp":0,"atk":0,"def":0,"spa":252,"spd":4,"spe":252},"gender":"M","shiny":true,"ivs":{"hp":31,"atk":31,"def":31,"spa":31,"spd":31,"spe":31}}],"log":["|player|p1|Guard Quilluminati|80","|player|p2|Hm ninjacake|237","|gametype|singles","|gen|6","|tier|Monotype","|rated","|rule|Baton Pass Clause: Limit one Baton Passer, can't pass Spe and other stats simultaneously","|rule|Swagger Clause: Swagger is banned","|rule|Same Type Clause: Pokémon in a team must share a type","|clearpoke","|poke|p1|Aggron, F, shiny","|poke|p1|Aerodactyl, M","|poke|p1|Cradily, M","|poke|p1|Tyranitar, F","|poke|p1|Terrakion","|poke|p1|Omastar, M","|poke|p2|Diancie","|poke|p2|Gardevoir, F, shiny","|poke|p2|Sylveon, F, shiny","|poke|p2|Azumarill, F, shiny","|poke|p2|Klefki, M, shiny","|poke|p2|Togekiss, M, shiny","|rule|Sleep Clause Mod: Limit one foe put to sleep","|rule|Species Clause: Limit one of each Pokémon","|rule|OHKO Clause: OHKO moves are banned","|rule|Moody Clause: Moody is banned","|rule|Evasion Moves Clause: Evasion moves are banned","|rule|Endless Battle Clause: Forcing endless battles is banned","|rule|HP Percentage Mod: HP is shown in percentages","|teampreview","|","|start","|switch|p1a: Omastar|Omastar, M|281/281","|switch|p2a: Sanic|Azumarill, F, shiny|403/403","|turn|1","|","|move|p1a: Omastar|Shell Smash|p1a: Omastar","|-unboost|p1a: Omastar|def|1","|-unboost|p1a: Omastar|spd|1","|-boost|p1a: Omastar|atk|2","|-boost|p1a: Omastar|spa|2","|-boost|p1a: Omastar|spe|2","|move|p2a: Sanic|Waterfall|p1a: Omastar","|-damage|p1a: Omastar|24/281","|-damage|p2a: Sanic|363/403|[from] item: Life Orb","|","|turn|2","|","|switch|p1a: Cradily|Cradily, M|324/324","|move|p2a: Sanic|Aqua Jet|p1a: Cradily","|-boost|p1a: Cradily|spa|1|[from] ability: Storm Drain","|","|turn|3","|","|switch|p2a: Leroy Jenkins|Togekiss, M, shiny|311/311","|move|p1a: Cradily|Giga Drain|p2a: Leroy Jenkins","|-resisted|p2a: Leroy Jenkins","|-damage|p2a: Leroy Jenkins|258/311","|","|turn|4","|","|move|p2a: Leroy Jenkins|Trick|p1a: Cradily","|-activate|p2a: Leroy Jenkins|move: Trick|[of] p1a: Cradily","|-item|p1a: Cradily|Choice Scarf|[from] move: Trick","|-item|p2a: Leroy Jenkins|Rocky Helmet|[from] move: Trick","|move|p1a: Cradily|Toxic|p2a: Leroy Jenkins","|-status|p2a: Leroy Jenkins|tox","|","|-damage|p2a: Leroy Jenkins|239/311 tox|[from] psn","|turn|5","|","|switch|p2a: Jimmithy|Klefki, M, shiny|317/317","|switch|p1a: Aerodactyl|Aerodactyl, M|301/301","|","|turn|6","|","|switch|p1a: Aggron|Aggron, F, shiny|344/344","|move|p2a: Jimmithy|Foul Play|p1a: Aggron","|-damage|p1a: Aggron|296/344","|","|turn|7","|","|detailschange|p1a: Aggron|Aggron-Mega, F, shiny","|-mega|p1a: Aggron|Aggron|Aggronite","|move|p2a: Jimmithy|Reflect|p2a: Jimmithy","|-sidestart|p2: Hm ninjacake|Reflect","|move|p1a: Aggron|Curse|p1a: Aggron","|-unboost|p1a: Aggron|spe|1","|-boost|p1a: Aggron|atk|1","|-boost|p1a: Aggron|def|1","|","|turn|8","|","|move|p2a: Jimmithy|Foul Play|p1a: Aggron","|-damage|p1a: Aggron|256/344","|move|p1a: Aggron|Curse|p1a: Aggron","|-unboost|p1a: Aggron|spe|1","|-boost|p1a: Aggron|atk|1","|-boost|p1a: Aggron|def|1","|","|turn|9","|","|switch|p2a: Leroy Jenkins|Togekiss, M, shiny|239/311 tox","|move|p1a: Aggron|Heavy Slam|p2a: Leroy Jenkins","|-supereffective|p2a: Leroy Jenkins","|-damage|p2a: Leroy Jenkins|0 fnt","|-damage|p1a: Aggron|199/344|[from] item: Rocky Helmet|[of] p2a: Leroy Jenkins","|faint|p2a: Leroy Jenkins","|","|","|switch|p2a: Cotton Candy|Sylveon, F, shiny|393/393","|turn|10","|","|move|p2a: Cotton Candy|Hidden Power|p1a: Aggron","|-supereffective|p1a: Aggron","|-damage|p1a: Aggron|63/344","|move|p1a: Aggron|Heavy Slam|p2a: Cotton Candy","|-supereffective|p2a: Cotton Candy","|-damage|p2a: Cotton Candy|0 fnt","|faint|p2a: Cotton Candy","|","|","|switch|p2a: Sanic|Azumarill, F, shiny|363/403","|turn|11","|","|move|p2a: Sanic|Waterfall|p1a: Aggron","|-damage|p1a: Aggron|11/344","|-damage|p2a: Sanic|323/403|[from] item: Life Orb","|cant|p1a: Aggron|flinch","|","|turn|12","|","|switch|p1a: Cradily|Cradily, M|324/324","|move|p2a: Sanic|Aqua Jet|p1a: Cradily","|-boost|p1a: Cradily|spa|1|[from] ability: Storm Drain","|","|turn|13","|","|switch|p2a: Jimmithy|Klefki, M, shiny|317/317","|move|p1a: Cradily|Giga Drain|p2a: Jimmithy","|-resisted|p2a: Jimmithy","|-damage|p2a: Jimmithy|247/317","|","|turn|14","|","|move|p2a: Jimmithy|Light Screen|p2a: Jimmithy","|-sidestart|p2: Hm ninjacake|move: Light Screen","|move|p1a: Cradily|Giga Drain|p2a: Jimmithy","|-resisted|p2a: Jimmithy","|-damage|p2a: Jimmithy|214/317","|","|-sideend|p2: Hm ninjacake|Reflect","|turn|15","|","|move|p2a: Jimmithy|Spikes|p1a: Cradily","|-sidestart|p1: Guard Quilluminati|Spikes","|move|p1a: Cradily|Giga Drain|p2a: Jimmithy","|-resisted|p2a: Jimmithy","|-damage|p2a: Jimmithy|183/317","|","|turn|16","|","|switch|p1a: Terrakion|Terrakion|323/323","|-damage|p1a: Terrakion|283/323|[from] Spikes","|move|p2a: Jimmithy|Reflect|p2a: Jimmithy","|-sidestart|p2: Hm ninjacake|Reflect","|","|turn|17","|","|switch|p2a: Sanic|Azumarill, F, shiny|323/403","|move|p1a: Terrakion|Earthquake|p2a: Sanic","|-damage|p2a: Sanic|251/403","|","|turn|18","|","|switch|p1a: Cradily|Cradily, M|324/324","|-damage|p1a: Cradily|284/324|[from] Spikes","|move|p2a: Sanic|Superpower|p1a: Cradily","|-supereffective|p1a: Cradily","|-damage|p1a: Cradily|0 fnt","|-unboost|p2a: Sanic|atk|1","|-unboost|p2a: Sanic|def|1","|-damage|p2a: Sanic|211/403|[from] item: Life Orb","|faint|p1a: Cradily","|","|","|switch|p1a: Aerodactyl|Aerodactyl, M|301/301","|turn|19","|","|switch|p2a: Dianne|Diancie|303/303","|move|p1a: Aerodactyl|Hone Claws|p1a: Aerodactyl","|-boost|p1a: Aerodactyl|atk|1","|-boost|p1a: Aerodactyl|accuracy|1","|","|turn|20","|","|move|p1a: Aerodactyl|Hone Claws|p1a: Aerodactyl","|-boost|p1a: Aerodactyl|atk|1","|-boost|p1a: Aerodactyl|accuracy|1","|move|p2a: Dianne|Trick Room|p2a: Dianne","|-fieldstart|move: Trick Room|[of] p2a: Dianne","|","|turn|21","|","|move|p2a: Dianne|Diamond Storm|p1a: Aerodactyl","|-supereffective|p1a: Aerodactyl","|-enditem|p1a: Aerodactyl|Focus Sash","|-damage|p1a: Aerodactyl|1/301","|move|p1a: Aerodactyl|Stone Edge|p2a: Dianne","|-crit|p2a: Dianne","|-damage|p2a: Dianne|0 fnt","|faint|p2a: Dianne","|","|-sideend|p2: Hm ninjacake|move: Light Screen","|","|switch|p2a: Bittercup|Gardevoir, F, shiny|339/339","|-ability|p2a: Bittercup|Rock Head|[from] ability: Trace|[of] p1a: Aerodactyl","|turn|22","|","|detailschange|p2a: Bittercup|Gardevoir-Mega, F, shiny","|-mega|p2a: Bittercup|Gardevoir|Gardevoirite","|move|p2a: Bittercup|Hyper Voice|p1a: Aerodactyl","|-damage|p1a: Aerodactyl|0 fnt","|faint|p1a: Aerodactyl","|","|","|switch|p1a: Aggron|Aggron-Mega, F, shiny|11/344","|-damage|p1a: Aggron|0 fnt|[from] Spikes","|faint|p1a: Aggron","|","|switch|p1a: Tyranitar|Tyranitar, F|404/404","|-damage|p1a: Tyranitar|354/404|[from] Spikes","|-weather|Sandstorm","|turn|23","|","|move|p1a: Tyranitar|Crunch|p2a: Bittercup","|-damage|p2a: Bittercup|240/339","|move|p2a: Bittercup|Focus Blast|p1a: Tyranitar","|-supereffective|p1a: Tyranitar","|-damage|p1a: Tyranitar|0 fnt","|faint|p1a: Tyranitar","|","|-weather|Sandstorm|[upkeep]","|-damage|p2a: Bittercup|219/339|[from] sandstorm","|-sideend|p2: Hm ninjacake|Reflect","|","|switch|p1a: Terrakion|Terrakion|283/323","|-damage|p1a: Terrakion|243/323|[from] Spikes","|turn|24","|","|move|p2a: Bittercup|Hyper Voice|p1a: Terrakion","|-supereffective|p1a: Terrakion","|-damage|p1a: Terrakion|0 fnt","|faint|p1a: Terrakion","|","|-weather|Sandstorm|[upkeep]","|-damage|p2a: Bittercup|198/339|[from] sandstorm","|-fieldend|move: Trick Room","|","|switch|p1a: Omastar|Omastar, M|24/281","|-damage|p1a: Omastar|0 fnt|[from] Spikes","|faint|p1a: Omastar","|","|win|Hm ninjacake"],"p1rating":{"entryid":"265729","serverid":"eos","formatid":"monotype","userid":"guardquilluminati","username":"Guard Quilluminati","w":"8","l":11,"t":"0","gxe":48.3,"r":"1539.0863927628","rd":"80.242673954806","sigma":"0","rptime":"1440579600","rpr":1487.1908252947,"rprd":72.55043119548,"rpsigma":"0","acre":1073.4257062194,"lacre":1073.4257062194,"oldacre":"1105.8125481902"},"p2rating":{"entryid":511411,"formatid":"monotype","userid":"hmninjacake","username":"Hm ninjacake","r":1500,"rd":130,"sigma":0,"rpr":1546.247488704,"rprd":122.29771738512,"rpsigma":0,"rptime":1440579600,"w":1,"l":0,"t":0,"gxe":55.8,"acre":1051.8189471533,"lacre":1051.8189471533,"oldacre":1000},"endType":"normal"}