{"seed":[43309,51204,5295,38676],"turns":25,"p1":"Axis WillWolf","p2":"ss moltres","p1team":[{"name":"Breloom","species":"Breloom","item":"focussash","ability":"Technician","moves":["spore","bulletseed","machpunch","wakeupslap"],"nature":"Adamant","evs":{"hp":0,"atk":252,"def":0,"spa":0,"spd":4,"spe":252},"ivs":{"hp":31,"atk":31,"def":31,"spa":31,"spd":31,"spe":31}},{"name":"Celebi","species":"Celebi","item":"leftovers","ability":"Natural Cure","moves":["nastyplot","batonpass","gigadrain","earthpower"],"nature":"Modest","evs":{"hp":220,"atk":0,"def":0,"spa":252,"spd":0,"spe":36},"ivs":{"hp":31,"atk":31,"def":31,"spa":31,"spd":31,"spe":31}},{"name":"Ferrothorn","species":"Ferrothorn","item":"leftovers","ability":"Iron Barbs","moves":["leechseed","gyroball","stealthrock","protect"],"nature":"Relaxed","evs":{"hp":252,"atk":4,"def":252,"spa":0,"spd":0,"spe":0},"ivs":{"hp":31,"atk":31,"def":31,"spa":31,"spd":31,"spe":0}},{"name":"Serperior","species":"Serperior","item":"lifeorb","ability":"Contrary","moves":["leafstorm","dragonpulse","gigadrain","hiddenpowerfire"],"nature":"Timid","evs":{"hp":0,"atk":0,"def":0,"spa":252,"spd":4,"spe":252},"ivs":{"hp":31,"atk":30,"def":31,"spa":30,"spd":31,"spe":30}},{"name":"Sceptile","species":"Sceptile","item":"sceptilite","ability":"Overgrow","moves":["focusblast","hiddenpowerrock","energyball","synthesis"],"nature":"Timid","evs":{"hp":0,"atk":0,"def":0,"spa":252,"spd":4,"spe":252},"ivs":{"hp":31,"atk":31,"def":30,"spa":31,"spd":30,"spe":30}},{"name":"Shaymin","species":"Shaymin","item":"choicescarf","ability":"Natural Cure","moves":["earthpower","seedflare","hiddenpowerfire","dazzlinggleam"],"nature":"Timid","evs":{"hp":0,"atk":0,"def":0,"spa":252,"spd":4,"spe":252},"ivs":{"hp":31,"atk":30,"def":31,"spa":30,"spd":31,"spe":30}}],"p2team":[{"name":"Kyurem-Black","species":"Kyurem-Black","item":"choicescarf","ability":"Teravolt","moves":["stoneedge","dragonclaw","fusionbolt","ironhead"],"nature":"Jolly","evs":{"hp":0,"atk":252,"def":0,"spa":0,"spd":4,"spe":252},"ivs":{"hp":31,"atk":31,"def":31,"spa":31,"spd":31,"spe":31}},{"name":"Froslass","species":"Froslass","item":"choicescarf","ability":"Cursed Body","moves":["psychic","icebeam","waterpulse","destinybond"],"nature":"Timid","evs":{"hp":0,"atk":0,"def":0,"spa":252,"spd":4,"spe":252},"ivs":{"hp":31,"atk":31,"def":31,"spa":31,"spd":31,"spe":31}},{"name":"Jynx","species":"Jynx","item":"choicescarf","ability":"Forewarn","moves":["psychic","focusblast","icebeam","trick"],"nature":"Timid","evs":{"hp":0,"atk":0,"def":0,"spa":252,"spd":4,"spe":252},"ivs":{"hp":31,"atk":31,"def":31,"spa":31,"spd":31,"spe":31}},{"name":"Articuno","species":"Articuno","item":"leftovers","ability":"Pressure","moves":["hurricane","haze","ancientpower","roost"],"nature":"Calm","evs":{"hp":4,"atk":0,"def":0,"spa":4,"spd":248,"spe":0},"ivs":{"hp":31,"atk":31,"def":31,"spa":31,"spd":31,"spe":31}},{"name":"Mamoswine","species":"Mamoswine","item":"choicescarf","ability":"Thick Fat","moves":["stoneedge","earthquake","iciclecrash","superpower"],"nature":"Jolly","evs":{"hp":0,"atk":252,"def":0,"spa":0,"spd":4,"spe":252},"ivs":{"hp":31,"atk":31,"def":31,"spa":31,"spd":31,"spe":31}},{"name":"Avalugg","species":"Avalugg","item":"leftovers","ability":"Sturdy","moves":["rapidspin","recover","stoneedge","earthquake"],"nature":"Impish","evs":{"hp":252,"atk":4,"def":252,"spa":0,"spd":0,"spe":0},"ivs":{"hp":31,"atk":31,"def":31,"spa":31,"spd":31,"spe":31}}],"log":["|player|p1|Axis WillWolf|54","|player|p2|ss moltres|268","|gametype|singles","|gen|6","|tier|Monotype","|rated","|rule|Baton Pass Clause: Limit one Baton Passer, can't pass Spe and other stats simultaneously","|rule|Swagger Clause: Swagger is banned","|rule|Same Type Clause: Pokémon in a team must share a type","|clearpoke","|poke|p1|Breloom, F","|poke|p1|Celebi","|poke|p1|Ferrothorn, F","|poke|p1|Serperior, M","|poke|p1|Sceptile, M","|poke|p1|Shaymin","|poke|p2|Kyurem-Black","|poke|p2|Froslass, F","|poke|p2|Jynx, F","|poke|p2|Articuno","|poke|p2|Mamoswine, M","|poke|p2|Avalugg, F","|rule|Sleep Clause Mod: Limit one foe put to sleep","|rule|Species Clause: Limit one of each Pokémon","|rule|OHKO Clause: OHKO moves are banned","|rule|Moody Clause: Moody is banned","|rule|Evasion Moves Clause: Evasion moves are banned","|rule|Endless Battle Clause: Forcing endless battles is banned","|rule|HP Percentage Mod: HP is shown in percentages","|teampreview","|","|start","|switch|p1a: Breloom|Breloom, F|261/261","|switch|p2a: Froslass|Froslass, F|281/281","|turn|1","|","|switch|p1a: Ferrothorn|Ferrothorn, F|352/352","|move|p2a: Froslass|Ice Beam|p1a: Ferrothorn","|-damage|p1a: Ferrothorn|243/352","|","|-heal|p1a: Ferrothorn|265/352|[from] item: Leftovers","|turn|2","|","|switch|p2a: Mamoswine|Mamoswine, M|361/361","|move|p1a: Ferrothorn|Gyro Ball|p2a: Mamoswine","|-supereffective|p2a: Mamoswine","|-damage|p2a: Mamoswine|0 fnt","|faint|p2a: Mamoswine","|","|-heal|p1a: Ferrothorn|287/352|[from] item: Leftovers","|","|switch|p2a: Articuno|Articuno|322/322","|-ability|p2a: Articuno|Pressure","|turn|3","|","|move|p2a: Articuno|Hurricane|p1a: Ferrothorn","|-damage|p1a: Ferrothorn|179/352","|move|p1a: Ferrothorn|Stealth Rock|p2a: Articuno","|-sidestart|p2: ss moltres|move: Stealth Rock","|","|-heal|p1a: Ferrothorn|201/352|[from] item: Leftovers","|turn|4","|","|move|p2a: Articuno|Hurricane|p1a: Ferrothorn","|-damage|p1a: Ferrothorn|93/352","|-start|p1a: Ferrothorn|confusion","|-activate|p1a: Ferrothorn|confusion","|-damage|p1a: Ferrothorn|73/352|[from] confusion","|","|-heal|p1a: Ferrothorn|95/352|[from] item: Leftovers","|turn|5","|","|-end|p1a: Ferrothorn|confusion","|move|p1a: Ferrothorn|Protect|p1a: Ferrothorn","|-singleturn|p1a: Ferrothorn|Protect","|move|p2a: Articuno|Hurricane|p1a: Ferrothorn","|-activate|p1a: Ferrothorn|Protect","|","|-heal|p1a: Ferrothorn|117/352|[from] item: Leftovers","|turn|6","|","|move|p2a: Articuno|Hurricane|p1a: Ferrothorn","|-damage|p1a: Ferrothorn|9/352","|move|p1a: Ferrothorn|Leech Seed|p2a: Articuno","|-start|p2a: Articuno|move: Leech Seed","|","|-heal|p1a: Ferrothorn|31/352|[from] item: Leftovers","|-damage|p2a: Articuno|282/322|[from] Leech Seed|[of] p1a: Ferrothorn","|-heal|p1a: Ferrothorn|71/352|[silent]","|turn|7","|","|move|p1a: Ferrothorn|Protect|p1a: Ferrothorn","|-singleturn|p1a: Ferrothorn|Protect","|move|p2a: Articuno|Hurricane|p1a: Ferrothorn","|-activate|p1a: Ferrothorn|Protect","|","|-heal|p2a: Articuno|302/322|[from] item: Leftovers","|-heal|p1a: Ferrothorn|93/352|[from] item: Leftovers","|-damage|p2a: Articuno|262/322|[from] Leech Seed|[of] p1a: Ferrothorn","|-heal|p1a: Ferrothorn|133/352|[silent]","|turn|8","|","|move|p2a: Articuno|Hurricane|p1a: Ferrothorn","|-damage|p1a: Ferrothorn|25/352","|move|p1a: Ferrothorn|Gyro Ball|p2a: Articuno","|-supereffective|p2a: Articuno","|-damage|p2a: Articuno|0 fnt","|faint|p2a: Articuno","|","|-heal|p1a: Ferrothorn|47/352|[from] item: Leftovers","|","|switch|p2a: Jynx|Jynx, F|271/271","|-damage|p2a: Jynx|204/271|[from] Stealth Rock","|-activate|p2a: Jynx|ability: Forewarn|Gyro Ball|[of] p1a: Ferrothorn","|turn|9","|","|move|p1a: Ferrothorn|Protect|p1a: Ferrothorn","|-singleturn|p1a: Ferrothorn|Protect","|move|p2a: Jynx|Ice Beam|p1a: Ferrothorn","|-activate|p1a: Ferrothorn|Protect","|","|-heal|p1a: Ferrothorn|69/352|[from] item: Leftovers","|turn|10","|","|move|p2a: Jynx|Ice Beam|p1a: Ferrothorn","|-damage|p1a: Ferrothorn|0 fnt","|faint|p1a: Ferrothorn","|","|","|switch|p1a: Serperior|Serperior, M|291/291","|turn|11","|","|move|p2a: Jynx|Ice Beam|p1a: Serperior","|-supereffective|p1a: Serperior","|-damage|p1a: Serperior|0 fnt","|faint|p1a: Serperior","|","|","|switch|p1a: Shaymin|Shaymin|341/341","|turn|12","|","|move|p1a: Shaymin|Hidden Power|p2a: Jynx","|-supereffective|p2a: Jynx","|-damage|p2a: Jynx|88/271","|move|p2a: Jynx|Ice Beam|p1a: Shaymin","|-supereffective|p1a: Shaymin","|-damage|p1a: Shaymin|59/341","|","|turn|13","|","|switch|p2a: Kyurem-Black|Kyurem-Black|391/391","|-damage|p2a: Kyurem-Black|294/391|[from] Stealth Rock","|-ability|p2a: Kyurem-Black|Teravolt","|move|p1a: Shaymin|Hidden Power|p2a: Kyurem-Black","|-damage|p2a: Kyurem-Black|232/391","|","|turn|14","|","|switch|p1a: Celebi|Celebi|396/396","|move|p2a: Kyurem-Black|Stone Edge|p1a: Celebi","|-damage|p1a: Celebi|243/396","|","|-heal|p1a: Celebi|267/396|[from] item: Leftovers","|turn|15","|","|move|p2a: Kyurem-Black|Stone Edge|p1a: Celebi","|-damage|p1a: Celebi|121/396","|move|p1a: Celebi|Giga Drain|p2a: Kyurem-Black","|-resisted|p2a: Kyurem-Black","|-damage|p2a: Kyurem-Black|170/391","|-heal|p1a: Celebi|152/396|[from] drain|[of] p2a: Kyurem-Black","|","|-heal|p1a: Celebi|176/396|[from] item: Leftovers","|turn|16","|","|move|p2a: Kyurem-Black|Stone Edge|p1a: Celebi|[miss]","|-miss|p2a: Kyurem-Black|p1a: Celebi","|move|p1a: Celebi|Giga Drain|p2a: Kyurem-Black","|-resisted|p2a: Kyurem-Black","|-damage|p2a: Kyurem-Black|102/391","|-heal|p1a: Celebi|210/396|[from] drain|[of] p2a: Kyurem-Black","|","|-heal|p1a: Celebi|234/396|[from] item: Leftovers","|turn|17","|","|move|p2a: Kyurem-Black|Stone Edge|p1a: Celebi|[miss]","|-miss|p2a: Kyurem-Black|p1a: Celebi","|move|p1a: Celebi|Giga Drain|p2a: Kyurem-Black","|-resisted|p2a: Kyurem-Black","|-damage|p2a: Kyurem-Black|41/391","|-heal|p1a: Celebi|265/396|[from] drain|[of] p2a: Kyurem-Black","|","|-heal|p1a: Celebi|289/396|[from] item: Leftovers","|turn|18","|","|move|p2a: Kyurem-Black|Stone Edge|p1a: Celebi","|-damage|p1a: Celebi|141/396","|move|p1a: Celebi|Giga Drain|p2a: Kyurem-Black","|-resisted|p2a: Kyurem-Black","|-damage|p2a: Kyurem-Black|0 fnt","|-heal|p1a: Celebi|162/396|[from] drain|[of] p2a: Kyurem-Black","|faint|p2a: Kyurem-Black","|","|-heal|p1a: Celebi|186/396|[from] item: Leftovers","|","|switch|p2a: Froslass|Froslass, F|281/281","|-damage|p2a: Froslass|211/281|[from] Stealth Rock","|turn|19","|","|move|p2a: Froslass|Ice Beam|p1a: Celebi","|-supereffective|p1a: Celebi","|-damage|p1a: Celebi|0 fnt","|faint|p1a: Celebi","|","|","|switch|p1a: Breloom|Breloom, F|261/261","|turn|20","|","|move|p2a: Froslass|Ice Beam|p1a: Breloom","|-supereffective|p1a: Breloom","|-enditem|p1a: Breloom|Focus Sash","|-damage|p1a: Breloom|1/261","|move|p1a: Breloom|Spore|p2a: Froslass","|-status|p2a: Froslass|slp","|","|turn|21","|","|cant|p2a: Froslass|slp","|move|p1a: Breloom|Bullet Seed|p2a: Froslass","|-damage|p2a: Froslass|109/281 slp","|-start|p1a: Breloom|Disable|Bullet Seed","|-damage|p2a: Froslass|10/281 slp","|-hitcount|p2a: Froslass|2","|","|turn|22","|","|switch|p1a: Sceptile|Sceptile, M|281/281","|-curestatus|p2a: Froslass|slp","|move|p2a: Froslass|Ice Beam|p1a: Sceptile","|-supereffective|p1a: Sceptile","|-damage|p1a: Sceptile|17/281","|-status|p1a: Sceptile|frz","|","|turn|23","|","|detailschange|p1a: Sceptile|Sceptile-Mega, M","|-mega|p1a: Sceptile|Sceptile|Sceptilite","|move|p2a: Froslass|Ice Beam|p1a: Sceptile","|-supereffective|p1a: Sceptile","|-damage|p1a: Sceptile|0 fnt","|faint|p1a: Sceptile","|","|","|switch|p1a: Shaymin|Shaymin|59/341","|turn|24","|","|move|p2a: Froslass|Ice Beam|p1a: Shaymin","|-supereffective|p1a: Shaymin","|-damage|p1a: Shaymin|0 fnt","|faint|p1a: Shaymin","|","|","|switch|p1a: Breloom|Breloom, F|1/261","|turn|25","|","|move|p2a: Froslass|Ice Beam|p1a: Breloom","|-supereffective|p1a: Breloom","|-damage|p1a: Breloom|0 fnt","|faint|p1a: Breloom","|","|win|ss moltres"],"p1rating":{"entryid":"468203","serverid":"eos","formatid":"monotype","userid":"axiswillwolf","username":"Axis WillWolf","w":"2","l":4,"t":"0","gxe":42.2,"r":"1535.9522996752","rd":"122.33358662183","sigma":"0","rptime":"1440579600","rpr":1438.6843275524,"rprd":98.54235126614,"rpsigma":"0","acre":1039.6973355496,"lacre":1039.6973355496,"oldacre":"1059.803302861"},"p2rating":{"entryid":"440278","serverid":"eos","formatid":"monotype","userid":"ssmoltres","username":"SS Moltres","w":4,"l":"5","t":"0","gxe":45.8,"r":"1451.9846785865","rd":"102.15789823631","sigma":"0","rptime":"1440579600","rpr":1467.4124518306,"rprd":89.779489305963,"rpsigma":"0","acre":1075.1795604594,"lacre":1075.1795604594,"oldacre":"1038.9827888285"},"endType":"normal"}