{"seed":[53389,9493,6683,27538],"turns":41,"p1":"Void KGBeast","p2":"JackTheGamer153","p1team":[{"name":"Quagsire","species":"Quagsire","item":"leftovers","ability":"Unaware","moves":["scald","earthquake","toxic","recover"],"nature":"Relaxed","evs":{"hp":248,"atk":8,"def":252,"spa":0,"spd":0,"spe":0},"ivs":{"hp":31,"atk":31,"def":31,"spa":31,"spd":31,"spe":31}},{"name":"Garchomp","species":"Garchomp","item":"rockyhelmet","ability":"Rough Skin","moves":["stealthrock","earthquake","roar","rest"],"nature":"Impish","evs":{"hp":248,"atk":0,"def":252,"spa":0,"spd":0,"spe":8},"ivs":{"hp":31,"atk":31,"def":31,"spa":31,"spd":31,"spe":31}},{"name":"Excadrill","species":"Excadrill","item":"leftovers","ability":"Mold Breaker","moves":["ironhead","earthquake","rapidspin","toxic"],"nature":"Careful","evs":{"hp":248,"atk":0,"def":0,"spa":0,"spd":252,"spe":8},"ivs":{"hp":31,"atk":31,"def":31,"spa":31,"spd":31,"spe":31}},{"name":"Camerupt","species":"Camerupt","item":"cameruptite","ability":"Solid Rock","moves":["willowisp","flamethrower","earthpower","ancientpower"],"nature":"Modest","evs":{"hp":168,"atk":0,"def":0,"spa":252,"spd":0,"spe":88},"ivs":{"hp":31,"atk":0,"def":31,"spa":31,"spd":31,"spe":31}},{"name":"Diggersby","species":"Diggersby","item":"choiceband","ability":"Huge Power","moves":["return","earthquake","knockoff","quickattack"],"nature":"Adamant","evs":{"hp":0,"atk":252,"def":4,"spa":0,"spd":0,"spe":252},"ivs":{"hp":31,"atk":31,"def":31,"spa":31,"spd":31,"spe":31}},{"name":"Seismitoad","species":"Seismitoad","item":"choicespecs","ability":"Water Absorb","moves":["scald","sludgewave","grassknot","earthpower"],"nature":"Modest","evs":{"hp":72,"atk":0,"def":0,"spa":252,"spd":0,"spe":184},"ivs":{"hp":31,"atk":0,"def":31,"spa":31,"spd":31,"spe":31}}],"p2team":[{"name":"Alucard","species":"gliscor","item":"toxicorb","ability":"Poison Heal","moves":["swordsdance","earthquake","knockoff","roost"],"nature":"Careful","evs":{"hp":244,"atk":0,"def":8,"spa":0,"spd":200,"spe":56},"gender":"M","ivs":{"hp":31,"atk":31,"def":31,"spa":31,"spd":31,"spe":31}},{"name":"DoomCamel","species":"camerupt","item":"cameruptite","ability":"Solid Rock","moves":["fireblast","earthpower","ancientpower","willowisp"],"nature":"Modest","evs":{"hp":168,"atk":0,"def":0,"spa":252,"spd":0,"spe":88},"gender":"F","shiny":true,"ivs":{"hp":31,"atk":31,"def":31,"spa":31,"spd":31,"spe":31}},{"name":"Big Momma","species":"hippowdon","item":"leftovers","ability":"Sand Stream","moves":["earthquake","toxic","slackoff","stoneedge"],"nature":"Impish","evs":{"hp":252,"atk":0,"def":144,"spa":0,"spd":112,"spe":0},"gender":"F","ivs":{"hp":31,"atk":31,"def":31,"spa":31,"spd":31,"spe":31}},{"name":"rain ninja guy","species":"landorustherian","item":"leftovers","ability":"Intimidate","moves":["stealthrock","earthquake","uturn","hiddenpowerice"],"nature":"Naive","evs":{"hp":248,"atk":0,"def":172,"spa":0,"spd":0,"spe":88},"ivs":{"atk":30,"def":30,"hp":31,"spe":31,"spa":31,"spd":31}},{"name":"Cyber-Dragon","species":"zygarde","item":"leftovers","ability":"Aura Break","moves":["substitute","coil","earthquake","dragontail"],"nature":"Careful","evs":{"hp":200,"atk":0,"def":0,"spa":0,"spd":252,"spe":56},"ivs":{"hp":31,"atk":31,"def":31,"spa":31,"spd":31,"spe":31}},{"name":"Exavier","species":"excadrill","item":"lifeorb","ability":"Sand Rush","moves":["earthquake","ironhead","rockslide","rapidspin"],"nature":"Adamant","evs":{"hp":0,"atk":252,"def":4,"spa":0,"spd":0,"spe":252},"gender":"M","ivs":{"hp":31,"atk":31,"def":31,"spa":31,"spd":31,"spe":31}}],"log":["|player|p1|Void KGBeast|voidkgbeast.png","|player|p2|JackTheGamer153|92","|gametype|singles","|gen|6","|tier|Monotype","|rated","|rule|Baton Pass Clause: Limit one Baton Passer, can't pass Spe and other stats simultaneously","|rule|Swagger Clause: Swagger is banned","|rule|Same Type Clause: Pokémon in a team must share a type","|clearpoke","|poke|p1|Quagsire, M","|poke|p1|Garchomp, F","|poke|p1|Excadrill, M","|poke|p1|Camerupt, F","|poke|p1|Diggersby, F","|poke|p1|Seismitoad, M","|poke|p2|Gliscor, M","|poke|p2|Camerupt, F, shiny","|poke|p2|Hippowdon, F","|poke|p2|Landorus-Therian, M","|poke|p2|Zygarde","|poke|p2|Excadrill, M","|rule|Sleep Clause Mod: Limit one foe put to sleep","|rule|Species Clause: Limit one of each Pokémon","|rule|OHKO Clause: OHKO moves are banned","|rule|Moody Clause: Moody is banned","|rule|Evasion Moves Clause: Evasion moves are banned","|rule|Endless Battle Clause: Forcing endless battles is banned","|rule|HP Percentage Mod: HP is shown in percentages","|teampreview","|","|start","|switch|p1a: Seismitoad|Seismitoad, M|369/369","|switch|p2a: rain ninja guy|Landorus-Therian, M|381/381","|-ability|p2a: rain ninja guy|Intimidate","|-unboost|p1a: Seismitoad|atk|1","|turn|1","|","|switch|p1a: Garchomp|Garchomp, F|419/419","|move|p2a: rain ninja guy|Stealth Rock|p1a: Garchomp","|-sidestart|p1: Void KGBeast|move: Stealth Rock","|","|turn|2","|","|move|p2a: rain ninja guy|Hidden Power|p1a: Garchomp","|-crit|p1a: Garchomp","|-supereffective|p1a: Garchomp","|-damage|p1a: Garchomp|87/419","|move|p1a: Garchomp|Stealth Rock|p2a: rain ninja guy","|-sidestart|p2: JackTheGamer153|move: Stealth Rock","|","|turn|3","|","|switch|p1a: Quagsire|Quagsire, M|393/393","|-damage|p1a: Quagsire|369/393|[from] Stealth Rock","|move|p2a: rain ninja guy|Hidden Power|p1a: Quagsire","|-damage|p1a: Quagsire|303/393","|","|-heal|p1a: Quagsire|327/393|[from] item: Leftovers","|turn|4","|","|move|p2a: rain ninja guy|U-turn|p1a: Quagsire","|-damage|p1a: Quagsire|265/393","|","|switch|p2a: Cyber-Dragon|Zygarde|407/407","|-damage|p2a: Cyber-Dragon|382/407|[from] Stealth Rock","|-ability|p2a: Cyber-Dragon|Aura Break","|move|p1a: Quagsire|Scald|p2a: Cyber-Dragon","|-damage|p2a: Cyber-Dragon|327/407","|","|-heal|p2a: Cyber-Dragon|352/407|[from] item: Leftovers","|-heal|p1a: Quagsire|289/393|[from] item: Leftovers","|turn|5","|","|move|p2a: Cyber-Dragon|Substitute|p2a: Cyber-Dragon","|-start|p2a: Cyber-Dragon|Substitute","|-damage|p2a: Cyber-Dragon|251/407","|move|p1a: Quagsire|Toxic|p2a: Cyber-Dragon","|-fail|p2a: Cyber-Dragon","|","|-heal|p2a: Cyber-Dragon|276/407|[from] item: Leftovers","|-heal|p1a: Quagsire|313/393|[from] item: Leftovers","|turn|6","|","|move|p2a: Cyber-Dragon|Coil|p2a: Cyber-Dragon","|-boost|p2a: Cyber-Dragon|atk|1","|-boost|p2a: Cyber-Dragon|def|1","|-boost|p2a: Cyber-Dragon|accuracy|1","|move|p1a: Quagsire|Earthquake|p2a: Cyber-Dragon","|-activate|p2a: Cyber-Dragon|Substitute|[damage]","|","|-heal|p2a: Cyber-Dragon|301/407|[from] item: Leftovers","|-heal|p1a: Quagsire|337/393|[from] item: Leftovers","|turn|7","|","|move|p2a: Cyber-Dragon|Coil|p2a: Cyber-Dragon","|-boost|p2a: Cyber-Dragon|atk|1","|-boost|p2a: Cyber-Dragon|def|1","|-boost|p2a: Cyber-Dragon|accuracy|1","|move|p1a: Quagsire|Scald|p2a: Cyber-Dragon","|-end|p2a: Cyber-Dragon|Substitute","|","|-heal|p2a: Cyber-Dragon|326/407|[from] item: Leftovers","|-heal|p1a: Quagsire|361/393|[from] item: Leftovers","|turn|8","|","|move|p1a: Quagsire|Scald|p2a: Cyber-Dragon","|-damage|p2a: Cyber-Dragon|275/407","|-status|p2a: Cyber-Dragon|brn","|move|p2a: Cyber-Dragon|Dragon Tail|p1a: Quagsire|[miss]","|-miss|p2a: Cyber-Dragon|p1a: Quagsire","|","|-heal|p2a: Cyber-Dragon|300/407 brn|[from] item: Leftovers","|-heal|p1a: Quagsire|385/393|[from] item: Leftovers","|-damage|p2a: Cyber-Dragon|250/407 brn|[from] brn","|turn|9","|","|move|p1a: Quagsire|Scald|p2a: Cyber-Dragon","|-damage|p2a: Cyber-Dragon|196/407 brn","|move|p2a: Cyber-Dragon|Dragon Tail|p1a: Quagsire","|-crit|p1a: Quagsire","|-damage|p1a: Quagsire|339/393","|drag|p1a: Excadrill|Excadrill, M|423/423","|-damage|p1a: Excadrill|410/423|[from] Stealth Rock","|-ability|p1a: Excadrill|Mold Breaker","|","|-heal|p2a: Cyber-Dragon|221/407 brn|[from] item: Leftovers","|-heal|p1a: Excadrill|423/423|[from] item: Leftovers","|-damage|p2a: Cyber-Dragon|171/407 brn|[from] brn","|turn|10","|","|move|p2a: Cyber-Dragon|Earthquake|p1a: Excadrill","|-supereffective|p1a: Excadrill","|-damage|p1a: Excadrill|78/423","|move|p1a: Excadrill|Rapid Spin|p2a: Cyber-Dragon","|-damage|p2a: Cyber-Dragon|162/407 brn","|-sideend|p1: Void KGBeast|Stealth Rock|[from] move: Rapid Spin|[of] p1a: Excadrill","|","|-heal|p2a: Cyber-Dragon|187/407 brn|[from] item: Leftovers","|-heal|p1a: Excadrill|104/423|[from] item: Leftovers","|-damage|p2a: Cyber-Dragon|137/407 brn|[from] brn","|turn|11","|","|switch|p1a: Quagsire|Quagsire, M|339/393","|move|p2a: Cyber-Dragon|Earthquake|p1a: Quagsire","|-damage|p1a: Quagsire|290/393","|","|-heal|p2a: Cyber-Dragon|162/407 brn|[from] item: Leftovers","|-heal|p1a: Quagsire|314/393|[from] item: Leftovers","|-damage|p2a: Cyber-Dragon|112/407 brn|[from] brn","|turn|12","|","|move|p1a: Quagsire|Scald|p2a: Cyber-Dragon","|-damage|p2a: Cyber-Dragon|61/407 brn","|move|p2a: Cyber-Dragon|Dragon Tail|p1a: Quagsire","|-crit|p1a: Quagsire","|-damage|p1a: Quagsire|270/393","|drag|p1a: Excadrill|Excadrill, M|104/423","|-ability|p1a: Excadrill|Mold Breaker","|","|-heal|p2a: Cyber-Dragon|86/407 brn|[from] item: Leftovers","|-heal|p1a: Excadrill|130/423|[from] item: Leftovers","|-damage|p2a: Cyber-Dragon|36/407 brn|[from] brn","|turn|13","|","|switch|p2a: rain ninja guy|Landorus-Therian, M|381/381","|-damage|p2a: rain ninja guy|334/381|[from] Stealth Rock","|-ability|p2a: rain ninja guy|Intimidate","|-unboost|p1a: Excadrill|atk|1","|switch|p1a: Quagsire|Quagsire, M|270/393","|","|-heal|p2a: rain ninja guy|357/381|[from] item: Leftovers","|-heal|p1a: Quagsire|294/393|[from] item: Leftovers","|turn|14","|","|move|p2a: rain ninja guy|Stealth Rock|p1a: Quagsire","|-sidestart|p1: Void KGBeast|move: Stealth Rock","|move|p1a: Quagsire|Recover|p1a: Quagsire","|-heal|p1a: Quagsire|393/393","|","|-heal|p2a: rain ninja guy|380/381|[from] item: Leftovers","|turn|15","|","|move|p2a: rain ninja guy|Hidden Power|p1a: Quagsire","|-damage|p1a: Quagsire|320/393","|move|p1a: Quagsire|Scald|p2a: rain ninja guy","|-supereffective|p2a: rain ninja guy","|-damage|p2a: rain ninja guy|204/381","|","|-heal|p2a: rain ninja guy|227/381|[from] item: Leftovers","|-heal|p1a: Quagsire|344/393|[from] item: Leftovers","|turn|16","|","|switch|p2a: Alucard|Gliscor, M|352/352","|-damage|p2a: Alucard|308/352|[from] Stealth Rock","|move|p1a: Quagsire|Scald|p2a: Alucard","|-supereffective|p2a: Alucard","|-damage|p2a: Alucard|180/352","|","|-heal|p1a: Quagsire|368/393|[from] item: Leftovers","|-status|p2a: Alucard|tox|[from] item: Toxic Orb","|turn|17","|","|switch|p1a: Garchomp|Garchomp, F|87/419","|-damage|p1a: Garchomp|61/419|[from] Stealth Rock","|move|p2a: Alucard|Roost|p2a: Alucard","|-heal|p2a: Alucard|352/352 tox","|","|turn|18","|","|move|p1a: Garchomp|Rest|p1a: Garchomp","|-status|p1a: Garchomp|slp","|-heal|p1a: Garchomp|419/419 slp|[silent]","|-status|p1a: Garchomp|slp|[from] move: Rest","|move|p2a: Alucard|Knock Off|p1a: Garchomp","|-damage|p1a: Garchomp|364/419 slp","|-damage|p2a: Alucard|308/352 tox|[from] ability: Rough Skin|[of] p1a: Garchomp","|-damage|p2a: Alucard|250/352 tox|[from] item: Rocky Helmet|[of] p1a: Garchomp","|-enditem|p1a: Garchomp|Rocky Helmet|[from] move: Knock Off|[of] p2a: Alucard","|","|-heal|p2a: Alucard|294/352 tox|[from] ability: Poison Heal","|turn|19","|","|switch|p1a: Seismitoad|Seismitoad, M|369/369","|-damage|p1a: Seismitoad|346/369|[from] Stealth Rock","|switch|p2a: rain ninja guy|Landorus-Therian, M|227/381","|-damage|p2a: rain ninja guy|180/381|[from] Stealth Rock","|-ability|p2a: rain ninja guy|Intimidate","|-unboost|p1a: Seismitoad|atk|1","|","|-heal|p2a: rain ninja guy|203/381|[from] item: Leftovers","|turn|20","|","|move|p2a: rain ninja guy|Hidden Power|p1a: Seismitoad","|-damage|p1a: Seismitoad|288/369","|move|p1a: Seismitoad|Scald|p2a: rain ninja guy","|-supereffective|p2a: rain ninja guy","|-damage|p2a: rain ninja guy|0 fnt","|faint|p2a: rain ninja guy","|","|","|switch|p2a: Big Momma|Hippowdon, F|420/420","|-damage|p2a: Big Momma|394/420|[from] Stealth Rock","|-weather|Sandstorm","|turn|21","|","|move|p1a: Seismitoad|Scald|p2a: Big Momma","|-supereffective|p2a: Big Momma","|-damage|p2a: Big Momma|2/420","|move|p2a: Big Momma|Toxic|p1a: Seismitoad","|-status|p1a: Seismitoad|tox","|","|-weather|Sandstorm|[upkeep]","|-heal|p2a: Big Momma|28/420|[from] item: Leftovers","|-damage|p1a: Seismitoad|265/369 tox|[from] psn","|turn|22","|","|switch|p2a: Cyber-Dragon|Zygarde|36/407 brn","|-damage|p2a: Cyber-Dragon|11/407 brn|[from] Stealth Rock","|-ability|p2a: Cyber-Dragon|Aura Break","|move|p1a: Seismitoad|Scald|p2a: Cyber-Dragon","|-damage|p2a: Cyber-Dragon|0 fnt","|faint|p2a: Cyber-Dragon","|","|-weather|Sandstorm|[upkeep]","|-damage|p1a: Seismitoad|219/369 tox|[from] psn","|","|switch|p2a: Exavier|Excadrill, M|361/361","|-damage|p2a: Exavier|350/361|[from] Stealth Rock","|turn|23","|","|switch|p1a: Quagsire|Quagsire, M|368/393","|-damage|p1a: Quagsire|344/393|[from] Stealth Rock","|move|p2a: Exavier|Rapid Spin|p1a: Quagsire","|-damage|p1a: Quagsire|315/393","|-sideend|p2: JackTheGamer153|Stealth Rock|[from] move: Rapid Spin|[of] p2a: Exavier","|-damage|p2a: Exavier|314/361|[from] item: Life Orb","|","|-weather|Sandstorm|[upkeep]","|-heal|p1a: Quagsire|339/393|[from] item: Leftovers","|turn|24","|","|switch|p2a: Alucard|Gliscor, M|294/352 tox","|move|p1a: Quagsire|Scald|p2a: Alucard","|-supereffective|p2a: Alucard","|-damage|p2a: Alucard|166/352 tox","|","|-weather|Sandstorm|[upkeep]","|-heal|p1a: Quagsire|363/393|[from] item: Leftovers","|-heal|p2a: Alucard|210/352 tox|[from] ability: Poison Heal","|turn|25","|","|switch|p1a: Seismitoad|Seismitoad, M|219/369 tox","|-damage|p1a: Seismitoad|196/369 tox|[from] Stealth Rock","|move|p2a: Alucard|Knock Off|p1a: Seismitoad","|-damage|p1a: Seismitoad|102/369 tox","|-enditem|p1a: Seismitoad|Choice Specs|[from] move: Knock Off|[of] p2a: Alucard","|","|-weather|none","|-heal|p2a: Alucard|254/352 tox|[from] ability: Poison Heal","|-damage|p1a: Seismitoad|79/369 tox|[from] psn","|turn|26","|","|move|p2a: Alucard|Roost|p2a: Alucard","|-heal|p2a: Alucard|352/352 tox","|move|p1a: Seismitoad|Scald|p2a: Alucard","|-supereffective|p2a: Alucard","|-damage|p2a: Alucard|146/352 tox","|","|-heal|p2a: Alucard|190/352 tox|[from] ability: Poison Heal","|-damage|p1a: Seismitoad|33/369 tox|[from] psn","|turn|27","|","|switch|p1a: Diggersby|Diggersby, F|311/311","|-damage|p1a: Diggersby|292/311|[from] Stealth Rock","|move|p2a: Alucard|Roost|p2a: Alucard","|-heal|p2a: Alucard|352/352 tox","|","|turn|28","|","|switch|p2a: Big Momma|Hippowdon, F|28/420","|-weather|Sandstorm","|move|p1a: Diggersby|Return|p2a: Big Momma","|-damage|p2a: Big Momma|0 fnt","|faint|p2a: Big Momma","|","|-weather|Sandstorm|[upkeep]","|","|switch|p2a: DoomCamel|Camerupt, F, shiny|323/323","|turn|29","|","|detailschange|p2a: DoomCamel|Camerupt-Mega, F, shiny","|-mega|p2a: DoomCamel|Camerupt|Cameruptite","|move|p1a: Diggersby|Return|p2a: DoomCamel","|-damage|p2a: DoomCamel|0 fnt","|faint|p2a: DoomCamel","|","|-weather|Sandstorm|[upkeep]","|","|switch|p2a: Exavier|Excadrill, M|314/361","|turn|30","|","|switch|p1a: Garchomp|Garchomp, F|364/419 slp","|-damage|p1a: Garchomp|338/419 slp|[from] Stealth Rock","|move|p2a: Exavier|Rock Slide|p1a: Garchomp","|-resisted|p1a: Garchomp","|-damage|p1a: Garchomp|285/419 slp","|-damage|p2a: Exavier|278/361|[from] item: Life Orb","|","|-weather|Sandstorm|[upkeep]","|turn|31","|","|move|p2a: Exavier|Earthquake|p1a: Garchomp","|-damage|p1a: Garchomp|82/419 slp","|-damage|p2a: Exavier|242/361|[from] item: Life Orb","|cant|p1a: Garchomp|slp","|","|-weather|Sandstorm|[upkeep]","|turn|32","|","|move|p2a: Exavier|Earthquake|p1a: Garchomp","|-damage|p1a: Garchomp|0 fnt","|-damage|p2a: Exavier|206/361|[from] item: Life Orb","|faint|p1a: Garchomp","|","|-weather|none","|","|switch|p1a: Quagsire|Quagsire, M|363/393","|-damage|p1a: Quagsire|339/393|[from] Stealth Rock","|turn|33","|","|switch|p1a: Diggersby|Diggersby, F|292/311","|-damage|p1a: Diggersby|273/311|[from] Stealth Rock","|move|p2a: Exavier|Rock Slide|p1a: Diggersby","|-resisted|p1a: Diggersby","|-damage|p1a: Diggersby|189/311","|-damage|p2a: Exavier|170/361|[from] item: Life Orb","|","|turn|34","|","|switch|p1a: Quagsire|Quagsire, M|339/393","|-damage|p1a: Quagsire|315/393|[from] Stealth Rock","|move|p2a: Exavier|Earthquake|p1a: Quagsire","|-damage|p1a: Quagsire|112/393","|-damage|p2a: Exavier|134/361|[from] item: Life Orb","|","|-heal|p1a: Quagsire|136/393|[from] item: Leftovers","|turn|35","|","|switch|p1a: Seismitoad|Seismitoad, M|33/369 tox","|-damage|p1a: Seismitoad|10/369 tox|[from] Stealth Rock","|move|p2a: Exavier|Earthquake|p1a: Seismitoad","|-damage|p1a: Seismitoad|0 fnt","|-damage|p2a: Exavier|98/361|[from] item: Life Orb","|faint|p1a: Seismitoad","|","|","|switch|p1a: Excadrill|Excadrill, M|130/423","|-damage|p1a: Excadrill|117/423|[from] Stealth Rock","|-ability|p1a: Excadrill|Mold Breaker","|turn|36","|","|move|p2a: Exavier|Earthquake|p1a: Excadrill","|-supereffective|p1a: Excadrill","|-damage|p1a: Excadrill|0 fnt","|-damage|p2a: Exavier|62/361|[from] item: Life Orb","|faint|p1a: Excadrill","|","|","|switch|p1a: Diggersby|Diggersby, F|189/311","|-damage|p1a: Diggersby|170/311|[from] Stealth Rock","|turn|37","|","|move|p1a: Diggersby|Quick Attack|p2a: Exavier","|-resisted|p2a: Exavier","|-damage|p2a: Exavier|0 fnt","|faint|p2a: Exavier","|","|","|switch|p2a: Alucard|Gliscor, M|352/352 tox","|turn|38","|","|switch|p1a: Quagsire|Quagsire, M|136/393","|-damage|p1a: Quagsire|112/393|[from] Stealth Rock","|move|p2a: Alucard|Swords Dance|p2a: Alucard","|-boost|p2a: Alucard|atk|2","|","|-heal|p1a: Quagsire|136/393|[from] item: Leftovers","|turn|39","|","|move|p2a: Alucard|Knock Off|p1a: Quagsire","|-damage|p1a: Quagsire|74/393","|-enditem|p1a: Quagsire|Leftovers|[from] move: Knock Off|[of] p2a: Alucard","|move|p1a: Quagsire|Scald|p2a: Alucard","|-supereffective|p2a: Alucard","|-damage|p2a: Alucard|230/352 tox","|","|-heal|p2a: Alucard|274/352 tox|[from] ability: Poison Heal","|turn|40","|","|move|p2a: Alucard|Earthquake|p1a: Quagsire","|-damage|p1a: Quagsire|0 fnt","|faint|p1a: Quagsire","|","|-heal|p2a: Alucard|318/352 tox|[from] ability: Poison Heal","|","|switch|p1a: Diggersby|Diggersby, F|170/311","|-damage|p1a: Diggersby|151/311|[from] Stealth Rock","|turn|41","|","|move|p1a: Diggersby|Return|p2a: Alucard","|-damage|p2a: Alucard|24/352 tox","|move|p2a: Alucard|Earthquake|p1a: Diggersby","|-damage|p1a: Diggersby|0 fnt","|faint|p1a: Diggersby","|","|-heal|p2a: Alucard|68/352 tox|[from] ability: Poison Heal","|","|win|JackTheGamer153"],"p1rating":{"entryid":"129714","serverid":"eos","formatid":"monotype","userid":"voidkgbeast","username":"Void KGBeast","w":"28","l":10,"t":"0","gxe":71.1,"r":"1678.518735234","rd":"58.913853095998","sigma":"0","rptime":"1440579600","rpr":1671.883675972,"rprd":55.91373048286,"rpsigma":"0","acre":1301.5845650674,"lacre":1301.5845650674,"oldacre":"1335.3253960292"},"p2rating":{"entryid":"501961","serverid":"eos","formatid":"monotype","userid":"jackthegamer153","username":"JackTheGamer153","w":2,"l":"0","t":"0","gxe":60.2,"r":"1500","rd":"130","sigma":"0","rptime":"1440579600","rpr":1582.184760883,"rprd":117.45108395688,"rpsigma":"0","acre":1099.3535721701,"lacre":1099.3535721701,"oldacre":"1042.6697585828"},"endType":"forfeit"}