{"seed":[30258,47158,59242,18566],"turns":21,"p1":"Lord B33","p2":"ApexProf🔰SmogOn","p1team":[{"name":"Hippowdon","species":"Hippowdon","item":"leftovers","ability":"Sand Stream","moves":["stealthrock","whirlwind","earthquake","slackoff"],"nature":"Impish","evs":{"hp":252,"atk":4,"def":252,"spa":0,"spd":0,"spe":0},"ivs":{"hp":31,"atk":31,"def":31,"spa":31,"spd":31,"spe":31}},{"name":"Excadrill","species":"Excadrill","item":"choiceband","ability":"Sand Rush","moves":["rapidspin","earthquake","ironhead","rockslide"],"nature":"Adamant","evs":{"hp":0,"atk":252,"def":0,"spa":0,"spd":4,"spe":252},"ivs":{"hp":31,"atk":31,"def":31,"spa":31,"spd":31,"spe":31}},{"name":"Landorus","species":"Landorus","item":"lifeorb","ability":"Sheer Force","moves":["gravity","earthpower","psychic","sludgewave"],"nature":"Timid","evs":{"hp":0,"atk":0,"def":0,"spa":252,"spd":4,"spe":252},"ivs":{"hp":31,"atk":31,"def":31,"spa":31,"spd":31,"spe":31}},{"name":"Gastrodon","species":"Gastrodon","item":"leftovers","ability":"Storm Drain","moves":["toxic","recover","earthpower","scald"],"nature":"Calm","evs":{"hp":252,"atk":0,"def":0,"spa":4,"spd":252,"spe":0},"ivs":{"hp":31,"atk":31,"def":31,"spa":31,"spd":31,"spe":31}},{"name":"Diggersby","species":"Diggersby","item":"choicescarf","ability":"Huge Power","moves":["quickattack","earthquake","uturn","knockoff"],"nature":"Jolly","evs":{"hp":0,"atk":252,"def":0,"spa":0,"spd":4,"spe":252},"ivs":{"hp":31,"atk":31,"def":31,"spa":31,"spd":31,"spe":31}},{"name":"Garchomp","species":"Garchomp","item":"garchompite","ability":"Sand Veil","moves":["earthquake","fireblast","dracometeor","rockslide"],"nature":"Naughty","evs":{"hp":0,"atk":252,"def":0,"spa":8,"spd":0,"spe":248},"ivs":{"hp":31,"atk":31,"def":31,"spa":31,"spd":31,"spe":31}}],"p2team":[{"name":"Scizor","species":"Scizor","item":"choiceband","ability":"Technician","moves":["bulletpunch","bugbite","superpower","uturn"],"nature":"Adamant","evs":{"hp":248,"atk":252,"def":0,"spa":0,"spd":8,"spe":0},"gender":"M","ivs":{"hp":31,"atk":31,"def":31,"spa":31,"spd":31,"spe":31}},{"name":"Yanmega","species":"Yanmega","item":"lifeorb","ability":"Speed Boost","moves":["protect","ancientpower","bugbuzz","airslash"],"nature":"Modest","evs":{"hp":0,"atk":0,"def":0,"spa":252,"spd":4,"spe":252},"ivs":{"hp":31,"atk":31,"def":31,"spa":31,"spd":31,"spe":31}},{"name":"Pinsir","species":"Pinsir","item":"pinsirite","ability":"Moxie","moves":["swordsdance","frustration","quickattack","closecombat"],"nature":"Jolly","evs":{"hp":0,"atk":252,"def":0,"spa":0,"spd":4,"spe":252},"happiness":0,"ivs":{"hp":31,"atk":31,"def":31,"spa":31,"spd":31,"spe":31}},{"name":"Galvantula","species":"Galvantula","item":"focussash","ability":"Compound Eyes","moves":["bugbuzz","stickyweb","energyball","thunder"],"nature":"Timid","evs":{"hp":0,"atk":0,"def":0,"spa":252,"spd":4,"spe":252},"ivs":{"hp":31,"atk":31,"def":31,"spa":30,"spd":30,"spe":31}},{"name":"Forretress","species":"Forretress","item":"custapberry","ability":"Sturdy","moves":["stealthrock","explosion","rapidspin","spikes"],"nature":"Impish","evs":{"hp":248,"atk":8,"def":252,"spa":0,"spd":0,"spe":0},"ivs":{"hp":31,"atk":31,"def":31,"spa":31,"spd":31,"spe":31}},{"name":"Volcarona","species":"Volcarona","item":"focussash","ability":"Swarm","moves":["quiverdance","gigadrain","fierydance","bugbuzz"],"nature":"Modest","evs":{"hp":0,"atk":0,"def":0,"spa":252,"spd":4,"spe":252},"ivs":{"hp":31,"atk":31,"def":31,"spa":31,"spd":31,"spe":31}}],"log":["|player|p1|Lord B33|294","|player|p2|ApexProf🔰SmogOn|101","|gametype|singles","|gen|6","|tier|Monotype","|rated","|rule|Baton Pass Clause: Limit one Baton Passer, can't pass Spe and other stats simultaneously","|rule|Swagger Clause: Swagger is banned","|rule|Same Type Clause: Pokémon in a team must share a type","|clearpoke","|poke|p1|Hippowdon, F","|poke|p1|Excadrill, M","|poke|p1|Landorus, M","|poke|p1|Gastrodon, M","|poke|p1|Diggersby, F","|poke|p1|Garchomp, F","|poke|p2|Scizor, M","|poke|p2|Yanmega, F","|poke|p2|Pinsir, M","|poke|p2|Galvantula, M","|poke|p2|Forretress, M","|poke|p2|Volcarona, F","|rule|Sleep Clause Mod: Limit one foe put to sleep","|rule|Species Clause: Limit one of each Pokémon","|rule|OHKO Clause: OHKO moves are banned","|rule|Moody Clause: Moody is banned","|rule|Evasion Moves Clause: Evasion moves are banned","|rule|Endless Battle Clause: Forcing endless battles is banned","|rule|HP Percentage Mod: HP is shown in percentages","|teampreview","|","|start","|switch|p1a: Garchomp|Garchomp, F|357/357","|switch|p2a: Forretress|Forretress, M|353/353","|turn|1","|","|detailschange|p1a: Garchomp|Garchomp-Mega, F","|-mega|p1a: Garchomp|Garchomp|Garchompite","|move|p1a: Garchomp|Fire Blast|p2a: Forretress","|-supereffective|p2a: Forretress","|-ability|p2a: Forretress|Sturdy","|-damage|p2a: Forretress|1/353","|move|p2a: Forretress|Stealth Rock|p1a: Garchomp","|-sidestart|p1: Lord B33|move: Stealth Rock","|","|turn|2","|-enditem|p2a: Forretress|Custap Berry|[eat]","|-activate|p2a: Forretress|Custap Berry","|","|move|p2a: Forretress|Explosion|p1a: Garchomp","|-damage|p1a: Garchomp|206/357","|faint|p2a: Forretress","|move|p1a: Garchomp|Rock Slide|p2: Forretress|[notarget]","|-notarget","|","|","|switch|p2a: Volcarona|Volcarona, F|311/311","|turn|3","|","|move|p2a: Volcarona|Quiver Dance|p2a: Volcarona","|-boost|p2a: Volcarona|spa|1","|-boost|p2a: Volcarona|spd|1","|-boost|p2a: Volcarona|spe|1","|move|p1a: Garchomp|Rock Slide|p2a: Volcarona","|-supereffective|p2a: Volcarona","|-enditem|p2a: Volcarona|Focus Sash","|-damage|p2a: Volcarona|1/311","|","|turn|4","|","|switch|p1a: Hippowdon|Hippowdon, F|420/420","|-damage|p1a: Hippowdon|394/420|[from] Stealth Rock","|-weather|Sandstorm","|move|p2a: Volcarona|Bug Buzz|p1a: Hippowdon","|-damage|p1a: Hippowdon|0 fnt","|faint|p1a: Hippowdon","|","|-weather|Sandstorm|[upkeep]","|-damage|p2a: Volcarona|0 fnt|[from] sandstorm","|faint|p2a: Volcarona","|","|switch|p2a: Pinsir|Pinsir, M|271/271","|switch|p1a: Excadrill|Excadrill, M|361/361","|-damage|p1a: Excadrill|350/361|[from] Stealth Rock","|turn|5","|","|switch|p2a: Scizor|Scizor, M|343/343","|move|p1a: Excadrill|Rock Slide|p2a: Scizor","|-damage|p2a: Scizor|204/343","|","|-weather|Sandstorm|[upkeep]","|turn|6","|","|move|p1a: Excadrill|Rock Slide|p2a: Scizor","|-damage|p2a: Scizor|44/343","|move|p2a: Scizor|Superpower|p1a: Excadrill","|-supereffective|p1a: Excadrill","|-damage|p1a: Excadrill|0 fnt","|-unboost|p2a: Scizor|atk|1","|-unboost|p2a: Scizor|def|1","|faint|p1a: Excadrill","|","|-weather|Sandstorm|[upkeep]","|","|switch|p1a: Diggersby|Diggersby, F|311/311","|-damage|p1a: Diggersby|292/311|[from] Stealth Rock","|turn|7","|","|move|p1a: Diggersby|Knock Off|p2a: Scizor","|-damage|p2a: Scizor|0 fnt","|-enditem|p2a: Scizor|Choice Band|[from] move: Knock Off|[of] p1a: Diggersby","|faint|p2a: Scizor","|","|-weather|Sandstorm|[upkeep]","|","|switch|p2a: Pinsir|Pinsir, M|271/271","|turn|8","|","|switch|p1a: Gastrodon|Gastrodon, M|426/426","|-damage|p1a: Gastrodon|400/426|[from] Stealth Rock","|move|p2a: Pinsir|Close Combat|p1a: Gastrodon","|-damage|p1a: Gastrodon|221/426","|-unboost|p2a: Pinsir|def|1","|-unboost|p2a: Pinsir|spd|1","|","|-weather|none","|-heal|p1a: Gastrodon|247/426|[from] item: Leftovers","|turn|9","|","|switch|p2a: Galvantula|Galvantula, M|281/281","|move|p1a: Gastrodon|Scald|p2a: Galvantula","|-damage|p2a: Galvantula|154/281","|","|-heal|p1a: Gastrodon|273/426|[from] item: Leftovers","|turn|10","|","|switch|p1a: Landorus|Landorus, M|319/319","|-damage|p1a: Landorus|280/319|[from] Stealth Rock","|move|p2a: Galvantula|Energy Ball|p1a: Landorus","|-damage|p1a: Landorus|182/319","|","|turn|11","|","|move|p2a: Galvantula|Energy Ball|p1a: Landorus","|-damage|p1a: Landorus|79/319","|move|p1a: Landorus|Earth Power|p2a: Galvantula","|-crit|p2a: Galvantula","|-damage|p2a: Galvantula|0 fnt","|faint|p2a: Galvantula","|","|","|switch|p2a: Yanmega|Yanmega, F|313/313","|turn|12","|","|move|p2a: Yanmega|Protect|p2a: Yanmega","|-singleturn|p2a: Yanmega|Protect","|move|p1a: Landorus|Gravity|p1a: Landorus","|-fieldstart|move: Gravity","|","|-boost|p2a: Yanmega|spe|1|[from] ability: Speed Boost","|turn|13","|","|move|p2a: Yanmega|Air Slash|p1a: Landorus","|-damage|p1a: Landorus|0 fnt","|-damage|p2a: Yanmega|282/313|[from] item: Life Orb","|faint|p1a: Landorus","|","|-boost|p2a: Yanmega|spe|1|[from] ability: Speed Boost","|","|switch|p1a: Garchomp|Garchomp-Mega, F|206/357","|-damage|p1a: Garchomp|184/357|[from] Stealth Rock","|turn|14","|","|move|p2a: Yanmega|Air Slash|p1a: Garchomp","|-damage|p1a: Garchomp|0 fnt","|-damage|p2a: Yanmega|251/313|[from] item: Life Orb","|faint|p1a: Garchomp","|","|-boost|p2a: Yanmega|spe|1|[from] ability: Speed Boost","|","|switch|p1a: Diggersby|Diggersby, F|292/311","|-damage|p1a: Diggersby|273/311|[from] Stealth Rock","|turn|15","|","|move|p2a: Yanmega|Air Slash|p1a: Diggersby","|-damage|p1a: Diggersby|43/311","|-damage|p2a: Yanmega|220/313|[from] item: Life Orb","|move|p1a: Diggersby|Earthquake|p2a: Yanmega","|-resisted|p2a: Yanmega","|-damage|p2a: Yanmega|107/313","|","|-boost|p2a: Yanmega|spe|1|[from] ability: Speed Boost","|turn|16","|","|move|p2a: Yanmega|Bug Buzz|p1a: Diggersby","|-damage|p1a: Diggersby|0 fnt","|-damage|p2a: Yanmega|76/313|[from] item: Life Orb","|faint|p1a: Diggersby","|","|-fieldend|move: Gravity","|-boost|p2a: Yanmega|spe|1|[from] ability: Speed Boost","|","|switch|p1a: Gastrodon|Gastrodon, M|273/426","|-damage|p1a: Gastrodon|247/426|[from] Stealth Rock","|turn|17","|","|move|p2a: Yanmega|Bug Buzz|p1a: Gastrodon","|-damage|p1a: Gastrodon|64/426","|-damage|p2a: Yanmega|45/313|[from] item: Life Orb","|move|p1a: Gastrodon|Recover|p1a: Gastrodon","|-heal|p1a: Gastrodon|277/426","|","|-heal|p1a: Gastrodon|303/426|[from] item: Leftovers","|-boost|p2a: Yanmega|spe|1|[from] ability: Speed Boost","|turn|18","|","|move|p2a: Yanmega|Air Slash|p1a: Gastrodon","|-damage|p1a: Gastrodon|150/426","|-damage|p2a: Yanmega|14/313|[from] item: Life Orb","|move|p1a: Gastrodon|Recover|p1a: Gastrodon","|-heal|p1a: Gastrodon|363/426","|","|-heal|p1a: Gastrodon|389/426|[from] item: Leftovers","|turn|19","|","|move|p2a: Yanmega|Bug Buzz|p1a: Gastrodon","|-damage|p1a: Gastrodon|201/426","|-damage|p2a: Yanmega|0 fnt|[from] item: Life Orb","|faint|p2a: Yanmega","|move|p1a: Gastrodon|Recover|p1a: Gastrodon","|-heal|p1a: Gastrodon|414/426","|","|-heal|p1a: Gastrodon|426/426|[from] item: Leftovers","|","|switch|p2a: Pinsir|Pinsir, M|271/271","|turn|20","|","|detailschange|p2a: Pinsir|Pinsir-Mega, M","|-mega|p2a: Pinsir|Pinsir|Pinsirite","|move|p2a: Pinsir|Swords Dance|p2a: Pinsir","|-boost|p2a: Pinsir|atk|2","|move|p1a: Gastrodon|Scald|p2a: Pinsir","|-damage|p2a: Pinsir|183/271","|","|turn|21","|","|move|p2a: Pinsir|Frustration|p1a: Gastrodon","|-damage|p1a: Gastrodon|0 fnt","|faint|p1a: Gastrodon","|","|win|ApexProf🔰SmogOn"],"p1rating":{"entryid":"474330","serverid":"eos","formatid":"monotype","userid":"lordb33","username":"Lord B33","w":"2","l":2,"t":"0","gxe":50.1,"r":"1540.1606143388","rd":"122.8583080769","sigma":"0","rptime":"1440579600","rpr":1500.9956685742,"rprd":106.31247908002,"rpsigma":"0","acre":1038.1445442763,"lacre":1038.1445442763,"oldacre":"1051.0435059852"},"p2rating":{"entryid":"318042","serverid":"eos","formatid":"monotype","userid":"apexprofsmogon","username":"ApexProf","w":15,"l":"10","t":"0","gxe":61,"r":"1555.0337340054","rd":"68.245789190629","sigma":"0","rptime":"1440579600","rpr":1585.7122336864,"rprd":65.105545404164,"rpsigma":"0","acre":1165.2937810053,"lacre":1165.2937810053,"oldacre":"1147.0300498166"},"endType":"normal"}