{"seed":[24061,58063,29603,17664],"turns":39,"p1":"Emg GL Test Tech","p2":"GTX♅Jhulez","p1team":[{"name":"FingerTrap","species":"hoopaunbound","item":"lifeorb","ability":"Magician","moves":["gunkshot","focusblast","psychic","hyperspacefury"],"nature":"Hasty","evs":{"hp":0,"atk":88,"def":0,"spa":168,"spd":0,"spe":252},"ivs":{"hp":31,"atk":31,"def":31,"spa":31,"spd":31,"spe":31}},{"name":"Gallade","species":"Gallade","item":"galladite","ability":"Steadfast","moves":["drainpunch","swordsdance","willowisp","shadowsneak"],"nature":"Jolly","evs":{"hp":4,"atk":252,"def":0,"spa":0,"spd":0,"spe":252},"ivs":{"hp":31,"atk":31,"def":31,"spa":31,"spd":31,"spe":31}},{"name":"Latios","species":"Latios","item":"choicescarf","ability":"Levitate","moves":["dracometeor","trick","psychic","defog"],"nature":"Timid","evs":{"hp":0,"atk":0,"def":0,"spa":252,"spd":4,"spe":252},"ivs":{"hp":31,"atk":31,"def":31,"spa":31,"spd":31,"spe":31}},{"name":"Miracle eye","species":"jirachi","item":"leftovers","ability":"Serene Grace","moves":["thunderwave","ironhead","healingwish","substitute"],"nature":"Careful","evs":{"hp":248,"atk":0,"def":0,"spa":0,"spd":228,"spe":32},"ivs":{"hp":31,"atk":31,"def":31,"spa":31,"spd":31,"spe":31}},{"name":"Bulky ORB","species":"deoxysdefense","item":"leftovers","ability":"Pressure","moves":["nightshade","recover","cosmicpower","toxic"],"nature":"Careful","evs":{"hp":252,"atk":0,"def":128,"spa":0,"spd":128,"spe":0},"ivs":{"hp":31,"atk":31,"def":31,"spa":31,"spd":31,"spe":31}},{"name":"No Duh !!!","species":"slowbro","item":"leftovers","ability":"Regenerator","moves":["scald","slackoff","fireblast","yawn"],"nature":"Bold","evs":{"hp":252,"atk":0,"def":200,"spa":0,"spd":56,"spe":0},"ivs":{"hp":31,"atk":31,"def":31,"spa":31,"spd":31,"spe":31}}],"p2team":[{"name":"Landorus-Therian","species":"Landorus-Therian","item":"choicescarf","ability":"Intimidate","moves":["uturn","earthquake","stoneedge","superpower"],"nature":"Jolly","evs":{"hp":8,"atk":252,"def":4,"spa":0,"spd":0,"spe":244},"ivs":{"hp":31,"atk":31,"def":31,"spa":31,"spd":31,"spe":31}},{"name":"Tornadus-Therian","species":"Tornadus-Therian","item":"choicespecs","ability":"Regenerator","moves":["airslash","hiddenpowerice","focusblast","uturn"],"nature":"Timid","evs":{"hp":16,"atk":0,"def":16,"spa":236,"spd":0,"spe":240},"ivs":{"hp":31,"atk":30,"def":30,"spa":31,"spd":31,"spe":31}},{"name":"Thundurus-Therian","species":"Thundurus-Therian","item":"leftovers","ability":"Volt Absorb","moves":["thunderbolt","hiddenpowerice","focusblast","substitute"],"nature":"Timid","evs":{"hp":4,"atk":0,"def":8,"spa":244,"spd":0,"spe":252},"ivs":{"hp":31,"atk":30,"def":30,"spa":31,"spd":31,"spe":31}},{"name":"Gyarados","species":"Gyarados","item":"gyaradosite","ability":"Moxie","moves":["waterfall","earthquake","icefang","dragondance"],"nature":"Jolly","evs":{"hp":0,"atk":236,"def":44,"spa":0,"spd":0,"spe":228},"gender":"M","ivs":{"hp":31,"atk":31,"def":31,"spa":31,"spd":31,"spe":31}},{"name":"Skarmory","species":"Skarmory","item":"leftovers","ability":"Sturdy","moves":["bravebird","stealthrock","roost","whirlwind"],"nature":"Careful","evs":{"hp":116,"atk":8,"def":196,"spa":0,"spd":188,"spe":0},"gender":"M","ivs":{"hp":31,"atk":31,"def":31,"spa":31,"spd":31,"spe":31}},{"name":"Xatu","species":"Xatu","item":"lightclay","ability":"Magic Bounce","moves":["lightscreen","reflect","confuseray","roost"],"nature":"Timid","evs":{"hp":212,"atk":0,"def":36,"spa":0,"spd":36,"spe":224},"gender":"M","ivs":{"hp":31,"atk":31,"def":31,"spa":31,"spd":31,"spe":31}}],"log":["|player|p1|Emg GL Test Tech|149","|player|p2|GTX♅Jhulez|29","|gametype|singles","|gen|6","|tier|Monotype","|rated","|rule|Baton Pass Clause: Limit one Baton Passer, can't pass Spe and other stats simultaneously","|rule|Swagger Clause: Swagger is banned","|rule|Same Type Clause: Pokémon in a team must share a type","|clearpoke","|poke|p1|Hoopa-Unbound","|poke|p1|Gallade, M","|poke|p1|Latios, M","|poke|p1|Jirachi","|poke|p1|Deoxys-Defense","|poke|p1|Slowbro, M","|poke|p2|Landorus-Therian, M","|poke|p2|Tornadus-Therian, M","|poke|p2|Thundurus-Therian, M","|poke|p2|Gyarados, M","|poke|p2|Skarmory, M","|poke|p2|Xatu, M","|rule|Sleep Clause Mod: Limit one foe put to sleep","|rule|Species Clause: Limit one of each Pokémon","|rule|OHKO Clause: OHKO moves are banned","|rule|Moody Clause: Moody is banned","|rule|Evasion Moves Clause: Evasion moves are banned","|rule|Endless Battle Clause: Forcing endless battles is banned","|rule|HP Percentage Mod: HP is shown in percentages","|teampreview","|","|start","|switch|p1a: Gallade|Gallade, M|278/278","|switch|p2a: Landorus-Therian|Landorus-Therian, M|321/321","|-ability|p2a: Landorus-Therian|Intimidate","|-unboost|p1a: Gallade|atk|1","|turn|1","|","|detailschange|p1a: Gallade|Gallade-Mega, M","|-mega|p1a: Gallade|Gallade|Galladite","|move|p2a: Landorus-Therian|Earthquake|p1a: Gallade","|-damage|p1a: Gallade|67/278","|move|p1a: Gallade|Will-O-Wisp|p2a: Landorus-Therian","|-status|p2a: Landorus-Therian|brn","|","|-damage|p2a: Landorus-Therian|281/321 brn|[from] brn","|turn|2","|","|switch|p1a: No Duh !!!|Slowbro, M|394/394","|move|p2a: Landorus-Therian|Earthquake|p1a: No Duh !!!","|-damage|p1a: No Duh !!!|322/394","|","|-heal|p1a: No Duh !!!|346/394|[from] item: Leftovers","|-damage|p2a: Landorus-Therian|241/321 brn|[from] brn","|turn|3","|","|switch|p2a: Skarmory|Skarmory, M|300/300","|move|p1a: No Duh !!!|Scald|p2a: Skarmory","|-damage|p2a: Skarmory|216/300","|","|-heal|p2a: Skarmory|234/300|[from] item: Leftovers","|-heal|p1a: No Duh !!!|370/394|[from] item: Leftovers","|turn|4","|","|move|p2a: Skarmory|Stealth Rock|p1a: No Duh !!!","|-sidestart|p1: Emg GL Test Tech|move: Stealth Rock","|move|p1a: No Duh !!!|Fire Blast|p2a: Skarmory","|-supereffective|p2a: Skarmory","|-damage|p2a: Skarmory|72/300","|","|-heal|p2a: Skarmory|90/300|[from] item: Leftovers","|-heal|p1a: No Duh !!!|394/394|[from] item: Leftovers","|turn|5","|","|move|p1a: No Duh !!!|Fire Blast|p2a: Skarmory","|-supereffective|p2a: Skarmory","|-damage|p2a: Skarmory|0 fnt","|faint|p2a: Skarmory","|","|","|switch|p2a: Xatu|Xatu, M|324/324","|turn|6","|","|switch|p1a: Latios|Latios, M|301/301","|-damage|p1a: Latios|264/301|[from] Stealth Rock","|move|p2a: Xatu|Light Screen|p2a: Xatu","|-sidestart|p2: GTX♅Jhulez|move: Light Screen","|","|turn|7","|","|move|p1a: Latios|Trick|p2a: Xatu","|-activate|p1a: Latios|move: Trick|[of] p2a: Xatu","|-item|p2a: Xatu|Choice Scarf|[from] move: Trick","|-item|p1a: Latios|Light Clay|[from] move: Trick","|move|p2a: Xatu|Confuse Ray|p1a: Latios","|-start|p1a: Latios|confusion","|","|turn|8","|","|switch|p2a: Landorus-Therian|Landorus-Therian, M|241/321 brn","|-ability|p2a: Landorus-Therian|Intimidate","|-unboost|p1a: Latios|atk|1","|-activate|p1a: Latios|confusion","|move|p1a: Latios|Defog|p2a: Landorus-Therian","|-unboost|p2a: Landorus-Therian|evasion|1","|-sideend|p2: GTX♅Jhulez|move: Light Screen","|-sideend|p1: Emg GL Test Tech|Stealth Rock|[from] move: Defog|[of] p1a: Latios","|","|-damage|p2a: Landorus-Therian|201/321 brn|[from] brn","|turn|9","|","|switch|p1a: No Duh !!!|Slowbro, M|394/394","|move|p2a: Landorus-Therian|U-turn|p1a: No Duh !!!","|-supereffective|p1a: No Duh !!!","|-damage|p1a: No Duh !!!|333/394","|","|switch|p2a: Thundurus-Therian|Thundurus-Therian, M|300/300","|","|-heal|p1a: No Duh !!!|357/394|[from] item: Leftovers","|turn|10","|","|switch|p1a: Latios|Latios, M|264/301","|move|p2a: Thundurus-Therian|Substitute|p2a: Thundurus-Therian","|-start|p2a: Thundurus-Therian|Substitute","|-damage|p2a: Thundurus-Therian|225/300","|","|-heal|p2a: Thundurus-Therian|243/300|[from] item: Leftovers","|turn|11","|","|move|p1a: Latios|Psychic|p2a: Thundurus-Therian","|-end|p2a: Thundurus-Therian|Substitute","|move|p2a: Thundurus-Therian|Hidden Power|p1a: Latios","|-supereffective|p1a: Latios","|-damage|p1a: Latios|126/301","|","|-heal|p2a: Thundurus-Therian|261/300|[from] item: Leftovers","|turn|12","|","|switch|p2a: Xatu|Xatu, M|324/324","|move|p1a: Latios|Draco Meteor|p2a: Xatu","|-damage|p2a: Xatu|15/324","|-unboost|p1a: Latios|spa|2","|","|turn|13","|","|move|p2a: Xatu|Light Screen|p2a: Xatu","|-sidestart|p2: GTX♅Jhulez|move: Light Screen","|move|p1a: Latios|Psychic|p2a: Xatu","|-resisted|p2a: Xatu","|-damage|p2a: Xatu|0 fnt","|faint|p2a: Xatu","|","|","|switch|p2a: Gyarados|Gyarados, M|331/331","|turn|14","|","|detailschange|p2a: Gyarados|Gyarados-Mega, M","|-mega|p2a: Gyarados|Gyarados|Gyaradosite","|-ability|p2a: Gyarados|Mold Breaker","|move|p1a: Latios|Defog|p2a: Gyarados","|-unboost|p2a: Gyarados|evasion|1","|-sideend|p2: GTX♅Jhulez|move: Light Screen","|move|p2a: Gyarados|Dragon Dance|p2a: Gyarados","|-boost|p2a: Gyarados|atk|1","|-boost|p2a: Gyarados|spe|1","|","|turn|15","|","|switch|p1a: No Duh !!!|Slowbro, M|394/394","|move|p2a: Gyarados|Dragon Dance|p2a: Gyarados","|-boost|p2a: Gyarados|atk|1","|-boost|p2a: Gyarados|spe|1","|","|turn|16","|","|move|p2a: Gyarados|Waterfall|p1a: No Duh !!!","|-resisted|p1a: No Duh !!!","|-damage|p1a: No Duh !!!|283/394","|move|p1a: No Duh !!!|Yawn|p2a: Gyarados","|-start|p2a: Gyarados|move: Yawn|[of] p1a: No Duh !!!","|","|-heal|p1a: No Duh !!!|307/394|[from] item: Leftovers","|turn|17","|","|move|p2a: Gyarados|Earthquake|p1a: No Duh !!!","|-damage|p1a: No Duh !!!|124/394","|move|p1a: No Duh !!!|Scald|p2a: Gyarados","|-resisted|p2a: Gyarados","|-damage|p2a: Gyarados|292/331","|","|-end|p2a: Gyarados|move: Yawn|[silent]","|-status|p2a: Gyarados|slp","|-heal|p1a: No Duh !!!|148/394|[from] item: Leftovers","|turn|18","|","|switch|p1a: Latios|Latios, M|126/301","|cant|p2a: Gyarados|slp","|","|turn|19","|","|cant|p2a: Gyarados|slp","|move|p1a: Latios|Draco Meteor|p2a: Gyarados","|-damage|p2a: Gyarados|106/331 slp","|-unboost|p1a: Latios|spa|2","|","|turn|20","|","|switch|p1a: No Duh !!!|Slowbro, M|279/394","|-curestatus|p2a: Gyarados|slp","|move|p2a: Gyarados|Ice Fang|p1a: No Duh !!!","|-resisted|p1a: No Duh !!!","|-damage|p1a: No Duh !!!|215/394","|","|-heal|p1a: No Duh !!!|239/394|[from] item: Leftovers","|turn|21","|","|move|p2a: Gyarados|Earthquake|p1a: No Duh !!!","|-damage|p1a: No Duh !!!|64/394","|move|p1a: No Duh !!!|Yawn|p2a: Gyarados","|-start|p2a: Gyarados|move: Yawn|[of] p1a: No Duh !!!","|","|-heal|p1a: No Duh !!!|88/394|[from] item: Leftovers","|turn|22","|","|switch|p2a: Landorus-Therian|Landorus-Therian, M|201/321 brn","|-ability|p2a: Landorus-Therian|Intimidate","|-unboost|p1a: No Duh !!!|atk|1","|switch|p1a: Latios|Latios, M|126/301","|","|-damage|p2a: Landorus-Therian|161/321 brn|[from] brn","|turn|23","|","|switch|p1a: No Duh !!!|Slowbro, M|219/394","|move|p2a: Landorus-Therian|U-turn|p1a: No Duh !!!","|-supereffective|p1a: No Duh !!!","|-damage|p1a: No Duh !!!|152/394","|","|switch|p2a: Thundurus-Therian|Thundurus-Therian, M|261/300","|","|-heal|p2a: Thundurus-Therian|279/300|[from] item: Leftovers","|-heal|p1a: No Duh !!!|176/394|[from] item: Leftovers","|turn|24","|","|switch|p1a: FingerTrap|Hoopa-Unbound|301/301","|move|p2a: Thundurus-Therian|Thunderbolt|p1a: FingerTrap","|-damage|p1a: FingerTrap|172/301","|","|-heal|p2a: Thundurus-Therian|297/300|[from] item: Leftovers","|turn|25","|","|move|p2a: Thundurus-Therian|Thunderbolt|p1a: FingerTrap","|-damage|p1a: FingerTrap|39/301","|-status|p1a: FingerTrap|par","|move|p1a: FingerTrap|Hyperspace Fury|p2a: Thundurus-Therian","|-damage|p2a: Thundurus-Therian|0 fnt","|-unboost|p1a: FingerTrap|def|1","|-damage|p1a: FingerTrap|9/301 par|[from] item: Life Orb","|faint|p2a: Thundurus-Therian","|","|","|switch|p2a: Tornadus-Therian|Tornadus-Therian, M|303/303","|turn|26","|","|switch|p1a: Latios|Latios, M|126/301","|move|p2a: Tornadus-Therian|U-turn|p1a: Latios","|-supereffective|p1a: Latios","|-damage|p1a: Latios|8/301","|","|switch|p2a: Landorus-Therian|Landorus-Therian, M|161/321 brn","|-ability|p2a: Landorus-Therian|Intimidate","|-unboost|p1a: Latios|atk|1","|","|-damage|p2a: Landorus-Therian|121/321 brn|[from] brn","|turn|27","|","|move|p2a: Landorus-Therian|U-turn|p1a: Latios","|-supereffective|p1a: Latios","|-damage|p1a: Latios|0 fnt","|faint|p1a: Latios","|","|switch|p2a: Tornadus-Therian|Tornadus-Therian, M|303/303","|","|","|switch|p1a: Miracle eye|Jirachi|403/403","|turn|28","|","|move|p2a: Tornadus-Therian|U-turn|p1a: Miracle eye","|-damage|p1a: Miracle eye|349/403","|","|switch|p2a: Landorus-Therian|Landorus-Therian, M|121/321 brn","|-ability|p2a: Landorus-Therian|Intimidate","|-unboost|p1a: Miracle eye|atk|1","|move|p1a: Miracle eye|Thunder Wave|p2a: Landorus-Therian","|-immune|p2a: Landorus-Therian|[msg]","|","|-heal|p1a: Miracle eye|374/403|[from] item: Leftovers","|-damage|p2a: Landorus-Therian|81/321 brn|[from] brn","|turn|29","|","|switch|p1a: FingerTrap|Hoopa-Unbound|9/301 par","|move|p2a: Landorus-Therian|Earthquake|p1a: FingerTrap","|-damage|p1a: FingerTrap|0 fnt","|faint|p1a: FingerTrap","|","|-damage|p2a: Landorus-Therian|41/321 brn|[from] brn","|","|switch|p1a: Bulky ORB|Deoxys-Defense|304/304","|-ability|p1a: Bulky ORB|Pressure","|turn|30","|","|move|p2a: Landorus-Therian|Earthquake|p1a: Bulky ORB","|-damage|p1a: Bulky ORB|241/304","|move|p1a: Bulky ORB|Cosmic Power|p1a: Bulky ORB","|-boost|p1a: Bulky ORB|def|1","|-boost|p1a: Bulky ORB|spd|1","|","|-heal|p1a: Bulky ORB|260/304|[from] item: Leftovers","|-damage|p2a: Landorus-Therian|1/321 brn|[from] brn","|turn|31","|","|move|p2a: Landorus-Therian|Earthquake|p1a: Bulky ORB","|-damage|p1a: Bulky ORB|221/304","|move|p1a: Bulky ORB|Cosmic Power|p1a: Bulky ORB","|-boost|p1a: Bulky ORB|def|1","|-boost|p1a: Bulky ORB|spd|1","|","|-heal|p1a: Bulky ORB|240/304|[from] item: Leftovers","|-damage|p2a: Landorus-Therian|0 fnt|[from] brn","|faint|p2a: Landorus-Therian","|","|switch|p2a: Tornadus-Therian|Tornadus-Therian, M|303/303","|turn|32","|","|move|p2a: Tornadus-Therian|Air Slash|p1a: Bulky ORB","|-crit|p1a: Bulky ORB","|-damage|p1a: Bulky ORB|90/304","|move|p1a: Bulky ORB|Toxic|p2a: Tornadus-Therian","|-status|p2a: Tornadus-Therian|tox","|","|-heal|p1a: Bulky ORB|109/304|[from] item: Leftovers","|-damage|p2a: Tornadus-Therian|285/303 tox|[from] psn","|turn|33","|","|move|p2a: Tornadus-Therian|Air Slash|p1a: Bulky ORB","|-damage|p1a: Bulky ORB|60/304","|move|p1a: Bulky ORB|Recover|p1a: Bulky ORB","|-heal|p1a: Bulky ORB|212/304","|","|-heal|p1a: Bulky ORB|231/304|[from] item: Leftovers","|-damage|p2a: Tornadus-Therian|249/303 tox|[from] psn","|turn|34","|","|move|p2a: Tornadus-Therian|Air Slash|p1a: Bulky ORB","|-damage|p1a: Bulky ORB|177/304","|cant|p1a: Bulky ORB|flinch","|","|-heal|p1a: Bulky ORB|196/304|[from] item: Leftovers","|-damage|p2a: Tornadus-Therian|195/303 tox|[from] psn","|turn|35","|","|move|p2a: Tornadus-Therian|Air Slash|p1a: Bulky ORB","|-damage|p1a: Bulky ORB|144/304","|move|p1a: Bulky ORB|Recover|p1a: Bulky ORB","|-heal|p1a: Bulky ORB|296/304","|","|-heal|p1a: Bulky ORB|304/304|[from] item: Leftovers","|-damage|p2a: Tornadus-Therian|123/303 tox|[from] psn","|turn|36","|","|move|p2a: Tornadus-Therian|Air Slash|p1a: Bulky ORB","|-damage|p1a: Bulky ORB|259/304","|cant|p1a: Bulky ORB|flinch","|","|-heal|p1a: Bulky ORB|278/304|[from] item: Leftovers","|-damage|p2a: Tornadus-Therian|33/303 tox|[from] psn","|turn|37","|","|move|p2a: Tornadus-Therian|Air Slash|p1a: Bulky ORB","|-damage|p1a: Bulky ORB|232/304","|cant|p1a: Bulky ORB|flinch","|","|-heal|p1a: Bulky ORB|251/304|[from] item: Leftovers","|-damage|p2a: Tornadus-Therian|0 fnt|[from] psn","|faint|p2a: Tornadus-Therian","|","|switch|p2a: Gyarados|Gyarados-Mega, M|106/331","|-ability|p2a: Gyarados|Mold Breaker","|turn|38","|","|move|p2a: Gyarados|Waterfall|p1a: Bulky ORB","|-damage|p1a: Bulky ORB|205/304","|move|p1a: Bulky ORB|Toxic|p2a: Gyarados|[miss]","|-miss|p1a: Bulky ORB|p2a: Gyarados","|","|-heal|p1a: Bulky ORB|224/304|[from] item: Leftovers","|turn|39","|","|win|Emg GL Test Tech"],"p1rating":{"entryid":"437770","serverid":"eos","formatid":"monotype","userid":"emggltesttech","username":"Emg GL Test Tech","w":6,"l":"1","t":"0","gxe":65.8,"r":"1543.9237951074","rd":"111.00780181906","sigma":"0","rptime":"1440579600","rpr":1627.6692390383,"rprd":95.515302731539,"rpsigma":"0","acre":1168.0178025953,"lacre":1168.0178025953,"oldacre":"1149.5251563842"},"p2rating":{"entryid":"480255","serverid":"eos","formatid":"monotype","userid":"gtxjhulez","username":"GTX♅Jhulez","w":"1","l":1,"t":"0","gxe":51.6,"r":"1500","rd":"130","sigma":"0","rptime":"1440579600","rpr":1512.9585385054,"rprd":116.17411111212,"rpsigma":"0","acre":1043.2429027473,"lacre":1043.2429027473,"oldacre":"1056.9600089993"},"endType":"forfeit"}