{"seed":[24187,3251,36651,12245],"turns":28,"p1":"SWL Jyph","p2":"DJ Gible","p1team":[{"name":"Sharpedo","species":"Sharpedo","item":"sharpedonite","ability":"Speed Boost","moves":["protect","waterfall","icefang","crunch"],"nature":"Adamant","evs":{"hp":0,"atk":252,"def":0,"spa":0,"spd":4,"spe":252},"ivs":{"hp":31,"atk":31,"def":31,"spa":31,"spd":31,"spe":31}},{"name":"Gyarados","species":"Gyarados","item":"leftovers","ability":"Intimidate","moves":["substitute","dragondance","waterfall","bounce"],"nature":"Jolly","evs":{"hp":80,"atk":252,"def":0,"spa":0,"spd":0,"spe":176},"ivs":{"hp":31,"atk":31,"def":31,"spa":31,"spd":31,"spe":31}},{"name":"Swampert","species":"Swampert","item":"leftovers","ability":"Torrent","moves":["stealthrock","toxic","roar","earthquake"],"nature":"Impish","evs":{"hp":252,"atk":4,"def":252,"spa":0,"spd":0,"spe":0},"ivs":{"hp":31,"atk":31,"def":31,"spa":31,"spd":31,"spe":31}},{"name":"Lanturn","species":"Lanturn","item":"leftovers","ability":"Volt Absorb","moves":["healbell","voltswitch","scald","toxic"],"nature":"Calm","evs":{"hp":252,"atk":0,"def":0,"spa":4,"spd":252,"spe":0},"ivs":{"hp":31,"atk":31,"def":31,"spa":31,"spd":31,"spe":31}},{"name":"Keldeo","species":"Keldeo","item":"leftovers","ability":"Justified","moves":["substitute","calmmind","scald","secretsword"],"nature":"Timid","evs":{"hp":0,"atk":0,"def":4,"spa":252,"spd":0,"spe":252},"ivs":{"hp":31,"atk":31,"def":31,"spa":31,"spd":31,"spe":31}},{"name":"Empoleon","species":"Empoleon","item":"leftovers","ability":"Torrent","moves":["scald","defog","icebeam","knockoff"],"nature":"Calm","evs":{"hp":248,"atk":0,"def":0,"spa":8,"spd":252,"spe":0},"ivs":{"hp":31,"atk":31,"def":31,"spa":31,"spd":31,"spe":31}}],"p2team":[{"name":"Conkeldurr","species":"Conkeldurr","item":"assaultvest","ability":"Iron Fist","moves":["icepunch","drainpunch","earthquake","machpunch"],"nature":"Adamant","evs":{"hp":248,"atk":252,"def":0,"spa":0,"spd":8,"spe":0},"ivs":{"hp":31,"atk":31,"def":31,"spa":31,"spd":31,"spe":31}},{"name":"Hawlucha","species":"Hawlucha","item":"powerherb","ability":"Unburden","moves":["acrobatics","roost","poisonjab","skyattack"],"nature":"Adamant","evs":{"hp":0,"atk":252,"def":0,"spa":0,"spd":4,"spe":252},"ivs":{"hp":31,"atk":31,"def":31,"spa":31,"spd":31,"spe":31}},{"name":"Keldeo","species":"Keldeo","item":"choicescarf","ability":"Justified","moves":["icywind","hydropump","secretsword","scald"],"nature":"Timid","evs":{"hp":0,"atk":0,"def":0,"spa":252,"spd":4,"spe":252},"ivs":{"hp":31,"atk":31,"def":31,"spa":31,"spd":31,"spe":31}},{"name":"Terrakion","species":"Terrakion","item":"choicescarf","ability":"Justified","moves":["closecombat","earthquake","rockslide","xscissor"],"nature":"Jolly","evs":{"hp":0,"atk":252,"def":0,"spa":0,"spd":4,"spe":252},"ivs":{"hp":31,"atk":31,"def":31,"spa":31,"spd":31,"spe":31}},{"name":"Lucario","species":"Lucario","item":"lifeorb","ability":"Justified","moves":["nastyplot","extremespeed","aurasphere","flashcannon"],"nature":"Hasty","evs":{"hp":0,"atk":4,"def":0,"spa":252,"spd":0,"spe":252},"ivs":{"hp":31,"atk":31,"def":31,"spa":31,"spd":31,"spe":31}},{"name":"Heracross","species":"Heracross","item":"heracronite","ability":"Moxie","moves":["megahorn","rockblast","closecombat","swordsdance"],"nature":"Adamant","evs":{"hp":248,"atk":252,"def":0,"spa":0,"spd":8,"spe":0},"ivs":{"hp":31,"atk":31,"def":31,"spa":31,"spd":31,"spe":31}}],"log":["|player|p1|SWL Jyph|swljyph.png","|player|p2|DJ Gible|198","|gametype|singles","|gen|6","|tier|Monotype","|rated","|rule|Baton Pass Clause: Limit one Baton Passer, can't pass Spe and other stats simultaneously","|rule|Swagger Clause: Swagger is banned","|rule|Same Type Clause: Pokémon in a team must share a type","|clearpoke","|poke|p1|Sharpedo, M","|poke|p1|Gyarados, F","|poke|p1|Swampert, F","|poke|p1|Lanturn, F","|poke|p1|Keldeo","|poke|p1|Empoleon, F","|poke|p2|Conkeldurr, M","|poke|p2|Hawlucha, M","|poke|p2|Keldeo","|poke|p2|Terrakion","|poke|p2|Lucario, F","|poke|p2|Heracross, F","|rule|Sleep Clause Mod: Limit one foe put to sleep","|rule|Species Clause: Limit one of each Pokémon","|rule|OHKO Clause: OHKO moves are banned","|rule|Moody Clause: Moody is banned","|rule|Evasion Moves Clause: Evasion moves are banned","|rule|Endless Battle Clause: Forcing endless battles is banned","|rule|HP Percentage Mod: HP is shown in percentages","|teampreview","|","|start","|switch|p1a: Gyarados|Gyarados, F|351/351","|switch|p2a: Conkeldurr|Conkeldurr, M|413/413","|-ability|p1a: Gyarados|Intimidate","|-unboost|p2a: Conkeldurr|atk|1","|turn|1","|","|switch|p2a: Keldeo|Keldeo|323/323","|move|p1a: Gyarados|Bounce|p2a: Keldeo|[still]","|-prepare|p1a: Gyarados|Bounce|p2a: Keldeo","|","|turn|2","|","|switch|p2a: Terrakion|Terrakion|323/323","|move|p1a: Gyarados|Bounce|p2a: Terrakion|[from]lockedmove|[miss]","|-miss|p1a: Gyarados|p2a: Terrakion","|","|turn|3","|","|switch|p1a: Swampert|Swampert, F|404/404","|move|p2a: Terrakion|Rock Slide|p1a: Swampert","|-resisted|p1a: Swampert","|-damage|p1a: Swampert|348/404","|","|-heal|p1a: Swampert|373/404|[from] item: Leftovers","|turn|4","|","|switch|p2a: Heracross|Heracross, F|363/363","|move|p1a: Swampert|Stealth Rock|p2a: Heracross","|-sidestart|p2: DJ Gible|move: Stealth Rock","|","|-heal|p1a: Swampert|398/404|[from] item: Leftovers","|turn|5","|","|switch|p1a: Gyarados|Gyarados, F|351/351","|-ability|p1a: Gyarados|Intimidate","|-unboost|p2a: Heracross|atk|1","|detailschange|p2a: Heracross|Heracross-Mega, F","|-mega|p2a: Heracross|Heracross|Heracronite","|move|p2a: Heracross|Swords Dance|p2a: Heracross","|-boost|p2a: Heracross|atk|2","|","|turn|6","|","|move|p1a: Gyarados|Bounce|p2a: Heracross|[still]","|-prepare|p1a: Gyarados|Bounce|p2a: Heracross","|move|p2a: Heracross|Rock Blast|p1a: Gyarados|[miss]","|-miss|p2a: Heracross|p1a: Gyarados","|","|turn|7","|","|move|p1a: Gyarados|Bounce|p2a: Heracross|[from]lockedmove","|-supereffective|p2a: Heracross","|-damage|p2a: Heracross|0 fnt","|faint|p2a: Heracross","|","|","|switch|p2a: Lucario|Lucario, F|281/281","|-damage|p2a: Lucario|273/281|[from] Stealth Rock","|turn|8","|","|switch|p1a: Empoleon|Empoleon, F|371/371","|move|p2a: Lucario|Nasty Plot|p2a: Lucario","|-boost|p2a: Lucario|spa|2","|","|turn|9","|","|move|p2a: Lucario|Aura Sphere|p1a: Empoleon","|-supereffective|p1a: Empoleon","|-damage|p1a: Empoleon|0 fnt","|-damage|p2a: Lucario|245/281|[from] item: Life Orb","|faint|p1a: Empoleon","|","|","|switch|p1a: Lanturn|Lanturn, F|454/454","|turn|10","|","|move|p2a: Lucario|Aura Sphere|p1a: Lanturn","|-damage|p1a: Lanturn|142/454","|-damage|p2a: Lucario|217/281|[from] item: Life Orb","|move|p1a: Lanturn|Scald|p2a: Lucario","|-damage|p2a: Lucario|112/281","|-status|p2a: Lucario|brn","|","|-heal|p1a: Lanturn|170/454|[from] item: Leftovers","|-damage|p2a: Lucario|77/281 brn|[from] brn","|turn|11","|","|move|p2a: Lucario|Aura Sphere|p1a: Lanturn","|-damage|p1a: Lanturn|0 fnt","|-damage|p2a: Lucario|49/281 brn|[from] item: Life Orb","|faint|p1a: Lanturn","|","|-damage|p2a: Lucario|14/281 brn|[from] brn","|","|switch|p1a: Sharpedo|Sharpedo, M|281/281","|turn|12","|","|move|p1a: Sharpedo|Protect|p1a: Sharpedo","|-singleturn|p1a: Sharpedo|Protect","|move|p2a: Lucario|Aura Sphere|p1a: Sharpedo","|-activate|p1a: Sharpedo|Protect","|","|-damage|p2a: Lucario|0 fnt|[from] brn","|-boost|p1a: Sharpedo|spe|1|[from] ability: Speed Boost","|faint|p2a: Lucario","|","|switch|p2a: Keldeo|Keldeo|323/323","|-damage|p2a: Keldeo|303/323|[from] Stealth Rock","|turn|13","|","|switch|p1a: Keldeo|Keldeo|323/323","|move|p2a: Keldeo|Secret Sword|p1a: Keldeo","|-crit|p1a: Keldeo","|-damage|p1a: Keldeo|68/323","|","|-heal|p1a: Keldeo|88/323|[from] item: Leftovers","|turn|14","|","|switch|p1a: Gyarados|Gyarados, F|351/351","|-ability|p1a: Gyarados|Intimidate","|-unboost|p2a: Keldeo|atk|1","|move|p2a: Keldeo|Secret Sword|p1a: Gyarados","|-resisted|p1a: Gyarados","|-damage|p1a: Gyarados|255/351","|","|-heal|p1a: Gyarados|276/351|[from] item: Leftovers","|turn|15","|","|move|p2a: Keldeo|Secret Sword|p1a: Gyarados","|-resisted|p1a: Gyarados","|-damage|p1a: Gyarados|179/351","|move|p1a: Gyarados|Substitute|p1a: Gyarados","|-start|p1a: Gyarados|Substitute","|-damage|p1a: Gyarados|92/351","|","|-heal|p1a: Gyarados|113/351|[from] item: Leftovers","|turn|16","|","|move|p2a: Keldeo|Secret Sword|p1a: Gyarados","|-resisted|p1a: Gyarados","|-end|p1a: Gyarados|Substitute","|move|p1a: Gyarados|Dragon Dance|p1a: Gyarados","|-boost|p1a: Gyarados|atk|1","|-boost|p1a: Gyarados|spe|1","|","|-heal|p1a: Gyarados|134/351|[from] item: Leftovers","|turn|17","|","|move|p2a: Keldeo|Secret Sword|p1a: Gyarados","|-resisted|p1a: Gyarados","|-damage|p1a: Gyarados|47/351","|move|p1a: Gyarados|Bounce|p2a: Keldeo|[still]","|-prepare|p1a: Gyarados|Bounce|p2a: Keldeo","|","|-heal|p1a: Gyarados|68/351|[from] item: Leftovers","|turn|18","|","|move|p2a: Keldeo|Secret Sword|p1a: Gyarados|[miss]","|-miss|p2a: Keldeo|p1a: Gyarados","|move|p1a: Gyarados|Bounce|p2a: Keldeo|[from]lockedmove|[miss]","|-miss|p1a: Gyarados|p2a: Keldeo","|","|-heal|p1a: Gyarados|89/351|[from] item: Leftovers","|turn|19","|","|move|p2a: Keldeo|Secret Sword|p1a: Gyarados","|-resisted|p1a: Gyarados","|-damage|p1a: Gyarados|0 fnt","|faint|p1a: Gyarados","|","|","|switch|p1a: Swampert|Swampert, F|398/404","|turn|20","|","|move|p2a: Keldeo|Secret Sword|p1a: Swampert","|-damage|p1a: Swampert|283/404","|move|p1a: Swampert|Earthquake|p2a: Keldeo","|-damage|p2a: Keldeo|155/323","|","|-heal|p1a: Swampert|308/404|[from] item: Leftovers","|turn|21","|","|switch|p2a: Hawlucha|Hawlucha, M|297/297","|-damage|p2a: Hawlucha|260/297|[from] Stealth Rock","|move|p1a: Swampert|Earthquake|p2a: Hawlucha","|-immune|p2a: Hawlucha|[msg]","|","|-heal|p1a: Swampert|333/404|[from] item: Leftovers","|turn|22","|","|move|p2a: Hawlucha|Sky Attack|p1a: Swampert|[still]","|-prepare|p2a: Hawlucha|Sky Attack|p1a: Swampert","|-enditem|p2a: Hawlucha|Power Herb","|-anim|p2a: Hawlucha|Sky Attack|p1a: Swampert","|-damage|p1a: Swampert|152/404","|move|p1a: Swampert|Roar|p2a: Hawlucha","|drag|p2a: Keldeo|Keldeo|155/323","|-damage|p2a: Keldeo|135/323|[from] Stealth Rock","|","|-heal|p1a: Swampert|177/404|[from] item: Leftovers","|turn|23","|","|move|p2a: Keldeo|Secret Sword|p1a: Swampert","|-damage|p1a: Swampert|69/404","|move|p1a: Swampert|Earthquake|p2a: Keldeo","|-damage|p2a: Keldeo|0 fnt","|faint|p2a: Keldeo","|","|-heal|p1a: Swampert|94/404|[from] item: Leftovers","|","|switch|p2a: Hawlucha|Hawlucha, M|260/297","|-damage|p2a: Hawlucha|223/297|[from] Stealth Rock","|turn|24","|","|move|p2a: Hawlucha|Acrobatics|p1a: Swampert","|-damage|p1a: Swampert|0 fnt","|faint|p1a: Swampert","|","|","|switch|p1a: Sharpedo|Sharpedo, M|281/281","|turn|25","|","|move|p1a: Sharpedo|Protect|p1a: Sharpedo","|-singleturn|p1a: Sharpedo|Protect","|move|p2a: Hawlucha|Acrobatics|p1a: Sharpedo","|-activate|p1a: Sharpedo|Protect","|","|-boost|p1a: Sharpedo|spe|1|[from] ability: Speed Boost","|turn|26","|","|detailschange|p1a: Sharpedo|Sharpedo-Mega, M","|-mega|p1a: Sharpedo|Sharpedo|Sharpedonite","|move|p1a: Sharpedo|Ice Fang|p2a: Hawlucha","|-supereffective|p2a: Hawlucha","|-damage|p2a: Hawlucha|0 fnt","|faint|p2a: Hawlucha","|","|","|switch|p2a: Terrakion|Terrakion|323/323","|-damage|p2a: Terrakion|303/323|[from] Stealth Rock","|turn|27","|","|move|p2a: Terrakion|Close Combat|p1a: Sharpedo","|-supereffective|p1a: Sharpedo","|-damage|p1a: Sharpedo|0 fnt","|-unboost|p2a: Terrakion|def|1","|-unboost|p2a: Terrakion|spd|1","|faint|p1a: Sharpedo","|","|","|switch|p1a: Keldeo|Keldeo|88/323","|turn|28","|","|move|p2a: Terrakion|Close Combat|p1a: Keldeo","|-damage|p1a: Keldeo|0 fnt","|-unboost|p2a: Terrakion|def|1","|-unboost|p2a: Terrakion|spd|1","|faint|p1a: Keldeo","|","|win|DJ Gible"],"p1rating":{"entryid":"10848","serverid":"eos","formatid":"monotype","userid":"swljyph","username":"SWL Jyph","w":"15","l":9,"t":"0","gxe":60.8,"r":"1592.9877604431","rd":"74.992925972029","sigma":"0","rptime":"1440579600","rpr":1584.419349051,"rprd":66.540590327933,"rpsigma":"0","acre":1181.2178363533,"lacre":1181.2178363533,"oldacre":"1210.3042832394"},"p2rating":{"entryid":"166635","serverid":"eos","formatid":"monotype","userid":"djgible","username":"DJ Gible","w":9,"l":"9","t":"0","gxe":50.7,"r":"1406.0192203225","rd":"81.824503395958","sigma":"0","rptime":"1440579600","rpr":1505.260467696,"rprd":73.837832386088,"rpsigma":"0","acre":1182.0855906474,"lacre":1182.0855906474,"oldacre":"1152.9991437613"},"endType":"normal"}