{"seed":[37401,30504,26340,22941],"turns":23,"p1":"Rain Zeref","p2":"Crystl Sabo","p1team":[{"name":"Hydreigon","species":"Hydreigon","item":"lifeorb","ability":"Levitate","moves":["flamethrower","darkpulse","dracometeor","earthpower"],"nature":"Timid","evs":{"hp":0,"atk":0,"def":0,"spa":252,"spd":4,"spe":252},"gender":"F","shiny":true,"ivs":{"hp":31,"atk":31,"def":31,"spa":31,"spd":31,"spe":31}},{"name":"DEEZ NUTS!!","species":"weavile","item":"choicescarf","ability":"Pressure","moves":["iceshard","iciclecrash","knockoff","brickbreak"],"nature":"Adamant","evs":{"hp":0,"atk":252,"def":0,"spa":0,"spd":4,"spe":252},"gender":"F","ivs":{"hp":31,"atk":31,"def":31,"spa":31,"spd":31,"spe":31}},{"name":"DEEZ NUTS!!!","species":"mandibuzz","item":"leftovers","ability":"Overcoat","moves":["toxic","roost","foulplay","knockoff"],"nature":"Bold","evs":{"hp":252,"atk":0,"def":252,"spa":0,"spd":4,"spe":0},"ivs":{"hp":31,"atk":0,"def":31,"spa":31,"spd":31,"spe":31},"shiny":true},{"name":"DEEZ NUTS!!!!","species":"bisharp","item":"lumberry","ability":"Defiant","moves":["swordsdance","knockoff","suckerpunch","ironhead"],"nature":"Jolly","evs":{"hp":4,"atk":252,"def":0,"spa":0,"spd":0,"spe":252},"ivs":{"hp":31,"atk":31,"def":31,"spa":31,"spd":31,"spe":31}},{"name":"DEEZ NUTS!!!!!","species":"hoopaunbound","item":"choicescarf","ability":"Magician","moves":["drainpunch","hyperspacefury","gunkshot","zenheadbutt"],"nature":"Jolly","evs":{"hp":0,"atk":252,"def":0,"spa":0,"spd":4,"spe":252},"ivs":{"hp":31,"atk":31,"def":31,"spa":31,"spd":31,"spe":31}},{"name":"DEEZ NUTS!!!!!!","species":"tyranitar","item":"tyranitarite","ability":"Sand Stream","moves":["dragondance","stoneedge","crunch","earthquake"],"nature":"Jolly","evs":{"hp":0,"atk":252,"def":0,"spa":0,"spd":4,"spe":252},"ivs":{"hp":31,"atk":31,"def":31,"spa":31,"spd":31,"spe":31}}],"p2team":[{"name":"Poseidick","species":"heracross","item":"heracronite","ability":"Moxie","moves":["pinmissile","rockblast","substitute","focuspunch"],"nature":"Impish","evs":{"hp":236,"atk":0,"def":252,"spa":0,"spd":0,"spe":20},"shiny":true,"ivs":{"hp":31,"atk":31,"def":31,"spa":31,"spd":31,"spe":31}},{"name":"Mr.NiceFro","species":"keldeo","item":"choicescarf","ability":"Justified","moves":["hydropump","icywind","secretsword","hiddenpowergrass"],"nature":"Modest","evs":{"hp":0,"atk":0,"def":0,"spa":252,"spd":4,"spe":252},"ivs":{"hp":31,"atk":30,"def":31,"spa":30,"spd":31,"spe":31}},{"name":"Deus","species":"medicham","item":"choicescarf","ability":"Pure Power","moves":["highjumpkick","psychocut","poisonjab","icepunch"],"nature":"Adamant","evs":{"hp":0,"atk":252,"def":0,"spa":0,"spd":4,"spe":252},"shiny":true,"ivs":{"hp":31,"atk":31,"def":31,"spa":31,"spd":31,"spe":31}},{"name":"HotHead","species":"infernape","item":"choiceband","ability":"Blaze","moves":["flareblitz","closecombat","stoneedge","shadowclaw"],"nature":"Jolly","evs":{"hp":0,"atk":252,"def":0,"spa":0,"spd":4,"spe":252},"ivs":{"hp":31,"atk":31,"def":31,"spa":31,"spd":31,"spe":31}},{"name":"Deepthroat","species":"toxicroak","item":"lifeorb","ability":"Dry Skin","moves":["gunkshot","suckerpunch","drainpunch","swordsdance"],"nature":"Jolly","evs":{"hp":0,"atk":252,"def":0,"spa":0,"spd":0,"spe":252},"shiny":true,"ivs":{"hp":31,"atk":31,"def":31,"spa":31,"spd":31,"spe":31}},{"name":"Kobi","species":"cobalion","item":"leftovers","ability":"Justified","moves":["thunderwave","ironhead","stealthrock","voltswitch"],"nature":"Impish","evs":{"hp":252,"atk":0,"def":252,"spa":0,"spd":0,"spe":0},"ivs":{"hp":31,"atk":31,"def":31,"spa":31,"spd":31,"spe":31}}],"log":["|player|p1|Rain Zeref|rainzeref.png","|player|p2|Crystl Sabo|crystlsabo.png","|gametype|singles","|gen|6","|tier|Monotype","|rated","|rule|Baton Pass Clause: Limit one Baton Passer, can't pass Spe and other stats simultaneously","|rule|Swagger Clause: Swagger is banned","|rule|Same Type Clause: Pokémon in a team must share a type","|clearpoke","|poke|p1|Hydreigon, F, shiny","|poke|p1|Weavile, F","|poke|p1|Mandibuzz, F, shiny","|poke|p1|Bisharp, F","|poke|p1|Hoopa-Unbound","|poke|p1|Tyranitar, F","|poke|p2|Heracross, F, shiny","|poke|p2|Keldeo","|poke|p2|Medicham, M, shiny","|poke|p2|Infernape, F","|poke|p2|Toxicroak, F, shiny","|poke|p2|Cobalion","|rule|Sleep Clause Mod: Limit one foe put to sleep","|rule|Species Clause: Limit one of each Pokémon","|rule|OHKO Clause: OHKO moves are banned","|rule|Moody Clause: Moody is banned","|rule|Evasion Moves Clause: Evasion moves are banned","|rule|Endless Battle Clause: Forcing endless battles is banned","|rule|HP Percentage Mod: HP is shown in percentages","|teampreview","|","|start","|switch|p1a: DEEZ NUTS!!!|Mandibuzz, F, shiny|424/424","|switch|p2a: Mr.NiceFro|Keldeo|323/323","|turn|1","|","|move|p2a: Mr.NiceFro|Hydro Pump|p1a: DEEZ NUTS!!!|[miss]","|-miss|p2a: Mr.NiceFro|p1a: DEEZ NUTS!!!","|move|p1a: DEEZ NUTS!!!|Knock Off|p2a: Mr.NiceFro","|-crit|p2a: Mr.NiceFro","|-resisted|p2a: Mr.NiceFro","|-damage|p2a: Mr.NiceFro|272/323","|-boost|p2a: Mr.NiceFro|atk|1|[from] ability: Justified","|-enditem|p2a: Mr.NiceFro|Choice Scarf|[from] move: Knock Off|[of] p1a: DEEZ NUTS!!!","|","|turn|2","|","|switch|p2a: Kobi|Cobalion|386/386","|move|p1a: DEEZ NUTS!!!|Toxic|p2a: Kobi","|-immune|p2a: Kobi|[msg]","|","|turn|3","|","|move|p2a: Kobi|Thunder Wave|p1a: DEEZ NUTS!!!","|-status|p1a: DEEZ NUTS!!!|par","|move|p1a: DEEZ NUTS!!!|Roost|p1a: DEEZ NUTS!!!","|-fail|p1a: DEEZ NUTS!!!","|","|turn|4","|","|move|p2a: Kobi|Stealth Rock|p1a: DEEZ NUTS!!!","|-sidestart|p1: Rain Zeref|move: Stealth Rock","|move|p1a: DEEZ NUTS!!!|Toxic|p2a: Kobi","|-immune|p2a: Kobi|[msg]","|","|turn|5","|","|move|p2a: Kobi|Iron Head|p1a: DEEZ NUTS!!!","|-damage|p1a: DEEZ NUTS!!!|364/424 par","|move|p1a: DEEZ NUTS!!!|Toxic|p2a: Kobi","|-immune|p2a: Kobi|[msg]","|","|-heal|p1a: DEEZ NUTS!!!|390/424 par|[from] item: Leftovers","|turn|6","|","|move|p2a: Kobi|Iron Head|p1a: DEEZ NUTS!!!","|-damage|p1a: DEEZ NUTS!!!|333/424 par","|move|p1a: DEEZ NUTS!!!|Knock Off|p2a: Kobi","|-resisted|p2a: Kobi","|-damage|p2a: Kobi|368/386","|-boost|p2a: Kobi|atk|1|[from] ability: Justified","|-enditem|p2a: Kobi|Leftovers|[from] move: Knock Off|[of] p1a: DEEZ NUTS!!!","|","|-heal|p1a: DEEZ NUTS!!!|359/424 par|[from] item: Leftovers","|turn|7","|","|move|p2a: Kobi|Iron Head|p1a: DEEZ NUTS!!!","|-damage|p1a: DEEZ NUTS!!!|274/424 par","|move|p1a: DEEZ NUTS!!!|Foul Play|p2a: Kobi","|-resisted|p2a: Kobi","|-damage|p2a: Kobi|323/386","|-boost|p2a: Kobi|atk|1|[from] ability: Justified","|","|-heal|p1a: DEEZ NUTS!!!|300/424 par|[from] item: Leftovers","|turn|8","|","|move|p2a: Kobi|Iron Head|p1a: DEEZ NUTS!!!","|-damage|p1a: DEEZ NUTS!!!|170/424 par","|cant|p1a: DEEZ NUTS!!!|flinch","|","|-heal|p1a: DEEZ NUTS!!!|196/424 par|[from] item: Leftovers","|turn|9","|","|move|p2a: Kobi|Iron Head|p1a: DEEZ NUTS!!!","|-damage|p1a: DEEZ NUTS!!!|79/424 par","|cant|p1a: DEEZ NUTS!!!|flinch","|","|-heal|p1a: DEEZ NUTS!!!|105/424 par|[from] item: Leftovers","|turn|10","|","|move|p2a: Kobi|Iron Head|p1a: DEEZ NUTS!!!","|-damage|p1a: DEEZ NUTS!!!|0 fnt","|faint|p1a: DEEZ NUTS!!!","|","|","|switch|p1a: Hydreigon|Hydreigon, F, shiny|325/325","|-damage|p1a: Hydreigon|285/325|[from] Stealth Rock","|turn|11","|","|switch|p2a: Mr.NiceFro|Keldeo|272/323","|move|p1a: Hydreigon|Flamethrower|p2a: Mr.NiceFro","|-resisted|p2a: Mr.NiceFro","|-damage|p2a: Mr.NiceFro|194/323","|-damage|p1a: Hydreigon|253/325|[from] item: Life Orb","|","|turn|12","|","|switch|p1a: DEEZ NUTS!!!!|Bisharp, F|272/272","|-damage|p1a: DEEZ NUTS!!!!|255/272|[from] Stealth Rock","|move|p2a: Mr.NiceFro|Secret Sword|p1a: DEEZ NUTS!!!!","|-supereffective|p1a: DEEZ NUTS!!!!","|-damage|p1a: DEEZ NUTS!!!!|0 fnt","|faint|p1a: DEEZ NUTS!!!!","|","|","|switch|p1a: DEEZ NUTS!!!!!|Hoopa-Unbound|301/301","|-damage|p1a: DEEZ NUTS!!!!!|264/301|[from] Stealth Rock","|turn|13","|","|move|p1a: DEEZ NUTS!!!!!|Zen Headbutt|p2a: Mr.NiceFro","|-supereffective|p2a: Mr.NiceFro","|-damage|p2a: Mr.NiceFro|0 fnt","|faint|p2a: Mr.NiceFro","|","|","|switch|p2a: Kobi|Cobalion|323/386","|turn|14","|","|switch|p1a: DEEZ NUTS!!!!!!|Tyranitar, F|341/341","|-damage|p1a: DEEZ NUTS!!!!!!|299/341|[from] Stealth Rock","|-weather|Sandstorm","|move|p2a: Kobi|Thunder Wave|p1a: DEEZ NUTS!!!!!!","|-status|p1a: DEEZ NUTS!!!!!!|par","|","|-weather|Sandstorm|[upkeep]","|turn|15","|","|switch|p2a: Deepthroat|Toxicroak, F, shiny|307/307","|detailschange|p1a: DEEZ NUTS!!!!!!|Tyranitar-Mega, F","|-mega|p1a: DEEZ NUTS!!!!!!|Tyranitar|Tyranitarite","|move|p1a: DEEZ NUTS!!!!!!|Earthquake|p2a: Deepthroat","|-supereffective|p2a: Deepthroat","|-damage|p2a: Deepthroat|0 fnt","|faint|p2a: Deepthroat","|","|-weather|Sandstorm|[upkeep]","|","|switch|p2a: Poseidick|Heracross, F, shiny|360/360","|turn|16","|","|detailschange|p2a: Poseidick|Heracross-Mega, F, shiny","|-mega|p2a: Poseidick|Heracross|Heracronite","|move|p2a: Poseidick|Substitute|p2a: Poseidick","|-start|p2a: Poseidick|Substitute","|-damage|p2a: Poseidick|270/360","|cant|p1a: DEEZ NUTS!!!!!!|par","|","|-weather|Sandstorm|[upkeep]","|-damage|p2a: Poseidick|248/360|[from] sandstorm","|turn|17","|","|move|p2a: Poseidick|Pin Missile|p1a: DEEZ NUTS!!!!!!","|-supereffective|p1a: DEEZ NUTS!!!!!!","|-damage|p1a: DEEZ NUTS!!!!!!|225/341 par","|-supereffective|p1a: DEEZ NUTS!!!!!!","|-damage|p1a: DEEZ NUTS!!!!!!|153/341 par","|-supereffective|p1a: DEEZ NUTS!!!!!!","|-damage|p1a: DEEZ NUTS!!!!!!|73/341 par","|-supereffective|p1a: DEEZ NUTS!!!!!!","|-damage|p1a: DEEZ NUTS!!!!!!|5/341 par","|-supereffective|p1a: DEEZ NUTS!!!!!!","|-damage|p1a: DEEZ NUTS!!!!!!|0 fnt","|-hitcount|p1a: DEEZ NUTS!!!!!!|5","|faint|p1a: DEEZ NUTS!!!!!!","|","|-weather|Sandstorm|[upkeep]","|-damage|p2a: Poseidick|226/360|[from] sandstorm","|","|switch|p1a: DEEZ NUTS!!|Weavile, F|281/281","|-damage|p1a: DEEZ NUTS!!|211/281|[from] Stealth Rock","|-ability|p1a: DEEZ NUTS!!|Pressure","|turn|18","|","|-singleturn|p2a: Poseidick|move: Focus Punch","|move|p1a: DEEZ NUTS!!|Icicle Crash|p2a: Poseidick","|-end|p2a: Poseidick|Substitute","|move|p2a: Poseidick|Focus Punch|p1a: DEEZ NUTS!!","|-supereffective|p1a: DEEZ NUTS!!","|-damage|p1a: DEEZ NUTS!!|0 fnt","|faint|p1a: DEEZ NUTS!!","|","|-weather|none","|","|switch|p1a: DEEZ NUTS!!!!!|Hoopa-Unbound|264/301","|-damage|p1a: DEEZ NUTS!!!!!|227/301|[from] Stealth Rock","|turn|19","|","|switch|p2a: Kobi|Cobalion|323/386","|move|p1a: DEEZ NUTS!!!!!|Zen Headbutt|p2a: Kobi","|-damage|p2a: Kobi|223/386","|","|turn|20","|","|switch|p1a: Hydreigon|Hydreigon, F, shiny|253/325","|-damage|p1a: Hydreigon|213/325|[from] Stealth Rock","|move|p2a: Kobi|Thunder Wave|p1a: Hydreigon","|-status|p1a: Hydreigon|par","|","|turn|21","|","|move|p2a: Kobi|Volt Switch|p1a: Hydreigon","|-resisted|p1a: Hydreigon","|-damage|p1a: Hydreigon|188/325 par","|","|switch|p2a: HotHead|Infernape, F|293/293","|move|p1a: Hydreigon|Earth Power|p2a: HotHead","|-supereffective|p2a: HotHead","|-damage|p2a: HotHead|0 fnt","|-damage|p1a: Hydreigon|156/325 par|[from] item: Life Orb","|faint|p2a: HotHead","|","|","|switch|p2a: Deus|Medicham, M, shiny|261/261","|turn|22","|","|move|p2a: Deus|High Jump Kick|p1a: Hydreigon","|-supereffective|p1a: Hydreigon","|-damage|p1a: Hydreigon|0 fnt","|faint|p1a: Hydreigon","|","|","|switch|p1a: DEEZ NUTS!!!!!|Hoopa-Unbound|227/301","|-damage|p1a: DEEZ NUTS!!!!!|190/301|[from] Stealth Rock","|turn|23","|","|move|p1a: DEEZ NUTS!!!!!|Zen Headbutt|p2a: Deus","|-damage|p2a: Deus|44/261","|move|p2a: Deus|High Jump Kick|p1a: DEEZ NUTS!!!!!","|-crit|p1a: DEEZ NUTS!!!!!","|-damage|p1a: DEEZ NUTS!!!!!|0 fnt","|faint|p1a: DEEZ NUTS!!!!!","|","|win|Crystl Sabo"],"p1rating":{"entryid":"191502","serverid":"eos","formatid":"monotype","userid":"rainzeref","username":"Rain Zeref","w":"7","l":23,"t":"0","gxe":32.6,"r":"1373.3715900998","rd":"65.033715773295","sigma":"0","rptime":"1440579600","rpr":1361.520031942,"rprd":63.496981504744,"rpsigma":"0","acre":1039.1042085321,"lacre":1039.1042085321,"oldacre":"1056.8243262208"},"p2rating":{"entryid":"307070","serverid":"eos","formatid":"monotype","userid":"crystlsabo","username":"Crystl Sabo","w":3,"l":"0","t":"0","gxe":60.7,"r":"1567.9334255907","rd":"117.01385260289","sigma":"0","rptime":"1440579600","rpr":1585.7977108027,"rprd":112.50982204947,"rpsigma":"0","acre":1099.8520463072,"lacre":1099.8520463072,"oldacre":"1071.9050835974"},"endType":"normal"}