{"seed":[34226,9577,28944,20862],"turns":26,"p1":"Seven Swell","p2":"SS Moltres","p1team":[{"name":"Mew","species":"Mew","item":"leftovers","ability":"Synchronize","moves":["roost","toxic","healbell","aurasphere"],"nature":"Calm","evs":{"hp":252,"atk":0,"def":0,"spa":4,"spd":252,"spe":0},"ivs":{"hp":31,"atk":0,"def":31,"spa":31,"spd":31,"spe":31}},{"name":"Slowbro","species":"Slowbro","item":"rockyhelmet","ability":"Regenerator","moves":["scald","yawn","flamethrower","slackoff"],"nature":"Bold","evs":{"hp":252,"atk":0,"def":252,"spa":4,"spd":0,"spe":0},"ivs":{"hp":31,"atk":0,"def":31,"spa":31,"spd":31,"spe":31}},{"name":"Deoxys-Speed","species":"Deoxys-Speed","item":"focussash","ability":"Pressure","moves":["stealthrock","thunderbolt","thunderwave","icebeam"],"nature":"Timid","evs":{"hp":252,"atk":0,"def":0,"spa":44,"spd":0,"spe":212},"ivs":{"hp":31,"atk":0,"def":31,"spa":31,"spd":31,"spe":31}},{"name":"Latias","species":"Latias","item":"leftovers","ability":"Levitate","moves":["dracometeor","psyshock","roost","defog"],"nature":"Timid","evs":{"hp":252,"atk":0,"def":0,"spa":4,"spd":0,"spe":252},"ivs":{"hp":31,"atk":0,"def":31,"spa":31,"spd":31,"spe":31}},{"name":"Hoopa-Unbound","species":"Hoopa-Unbound","item":"focussash","ability":"Magician","moves":["hyperspacefury","drainpunch","firepunch","gunkshot"],"nature":"Adamant","evs":{"hp":0,"atk":252,"def":0,"spa":0,"spd":4,"spe":252},"ivs":{"hp":31,"atk":31,"def":31,"spa":31,"spd":31,"spe":31}},{"name":"Gardevoir","species":"Gardevoir","item":"gardevoirite","ability":"Trace","moves":["hypervoice","psyshock","shadowball","taunt"],"nature":"Timid","evs":{"hp":0,"atk":0,"def":0,"spa":252,"spd":4,"spe":252},"ivs":{"hp":31,"atk":0,"def":31,"spa":31,"spd":31,"spe":31}}],"p2team":[{"name":"Kyurem-Black","species":"Kyurem-Black","item":"choicescarf","ability":"Teravolt","moves":["stoneedge","dragonclaw","fusionbolt","ironhead"],"nature":"Jolly","evs":{"hp":0,"atk":252,"def":0,"spa":0,"spd":4,"spe":252},"ivs":{"hp":31,"atk":31,"def":31,"spa":31,"spd":31,"spe":31}},{"name":"Froslass","species":"Froslass","item":"choicescarf","ability":"Cursed Body","moves":["psychic","icebeam","waterpulse","destinybond"],"nature":"Timid","evs":{"hp":0,"atk":0,"def":0,"spa":252,"spd":4,"spe":252},"ivs":{"hp":31,"atk":31,"def":31,"spa":31,"spd":31,"spe":31}},{"name":"Jynx","species":"Jynx","item":"choicescarf","ability":"Forewarn","moves":["psychic","focusblast","icebeam","trick"],"nature":"Timid","evs":{"hp":0,"atk":0,"def":0,"spa":252,"spd":4,"spe":252},"ivs":{"hp":31,"atk":31,"def":31,"spa":31,"spd":31,"spe":31}},{"name":"Weavile","species":"Weavile","item":"choiceband","ability":"Pressure","moves":["aerialace","knockoff","iciclecrash","nightslash"],"nature":"Jolly","evs":{"hp":0,"atk":252,"def":0,"spa":0,"spd":4,"spe":252},"ivs":{"hp":31,"atk":31,"def":31,"spa":31,"spd":31,"spe":31}},{"name":"Mamoswine","species":"Mamoswine","item":"choicescarf","ability":"Thick Fat","moves":["stoneedge","earthquake","iciclecrash","superpower"],"nature":"Jolly","evs":{"hp":0,"atk":252,"def":0,"spa":0,"spd":4,"spe":252},"ivs":{"hp":31,"atk":31,"def":31,"spa":31,"spd":31,"spe":31}},{"name":"Avalugg","species":"Avalugg","item":"leftovers","ability":"Sturdy","moves":["rapidspin","recover","stoneedge","earthquake"],"nature":"Impish","evs":{"hp":252,"atk":4,"def":252,"spa":0,"spd":0,"spe":0},"ivs":{"hp":31,"atk":31,"def":31,"spa":31,"spd":31,"spe":31}}],"log":["|player|p1|Seven Swell|sevenswell.png","|player|p2|SS Moltres|268","|gametype|singles","|gen|6","|tier|Monotype","|rated","|rule|Baton Pass Clause: Limit one Baton Passer, can't pass Spe and other stats simultaneously","|rule|Swagger Clause: Swagger is banned","|rule|Same Type Clause: Pokémon in a team must share a type","|clearpoke","|poke|p1|Mew","|poke|p1|Slowbro, F","|poke|p1|Deoxys-Speed","|poke|p1|Latias, F","|poke|p1|Hoopa-Unbound","|poke|p1|Gardevoir, F","|poke|p2|Kyurem-Black","|poke|p2|Froslass, F","|poke|p2|Jynx, F","|poke|p2|Weavile, F","|poke|p2|Mamoswine, M","|poke|p2|Avalugg, F","|rule|Sleep Clause Mod: Limit one foe put to sleep","|rule|Species Clause: Limit one of each Pokémon","|rule|OHKO Clause: OHKO moves are banned","|rule|Moody Clause: Moody is banned","|rule|Evasion Moves Clause: Evasion moves are banned","|rule|Endless Battle Clause: Forcing endless battles is banned","|rule|HP Percentage Mod: HP is shown in percentages","|teampreview","|","|start","|switch|p1a: Hoopa-Unbound|Hoopa-Unbound|301/301","|switch|p2a: Weavile|Weavile, F|281/281","|-ability|p2a: Weavile|Pressure","|turn|1","|","|switch|p2a: Mamoswine|Mamoswine, M|361/361","|move|p1a: Hoopa-Unbound|Drain Punch|p2a: Mamoswine","|-supereffective|p2a: Mamoswine","|-damage|p2a: Mamoswine|93/361","|","|turn|2","|","|switch|p1a: Slowbro|Slowbro, F|394/394","|move|p2a: Mamoswine|Stone Edge|p1a: Slowbro","|-damage|p1a: Slowbro|310/394","|","|turn|3","|","|switch|p2a: Kyurem-Black|Kyurem-Black|391/391","|-ability|p2a: Kyurem-Black|Teravolt","|move|p1a: Slowbro|Scald|p2a: Kyurem-Black","|-crit|p2a: Kyurem-Black","|-resisted|p2a: Kyurem-Black","|-damage|p2a: Kyurem-Black|311/391","|","|turn|4","|","|move|p2a: Kyurem-Black|Fusion Bolt|p1a: Slowbro","|-supereffective|p1a: Slowbro","|-damage|p1a: Slowbro|104/394","|move|p1a: Slowbro|Yawn|p2a: Kyurem-Black","|-start|p2a: Kyurem-Black|move: Yawn|[of] p1a: Slowbro","|","|turn|5","|","|switch|p2a: Froslass|Froslass, F|281/281","|switch|p1a: Latias|Latias, F|364/364","|","|turn|6","|","|move|p2a: Froslass|Ice Beam|p1a: Latias","|-supereffective|p1a: Latias","|-damage|p1a: Latias|182/364","|move|p1a: Latias|Psyshock|p2a: Froslass","|-damage|p2a: Froslass|148/281","|-start|p1a: Latias|Disable|Psyshock","|","|-heal|p1a: Latias|204/364|[from] item: Leftovers","|turn|7","|","|move|p2a: Froslass|Ice Beam|p1a: Latias","|-supereffective|p1a: Latias","|-damage|p1a: Latias|6/364","|-status|p1a: Latias|frz","|cant|p1a: Latias|frz","|","|-heal|p1a: Latias|28/364 frz|[from] item: Leftovers","|turn|8","|","|move|p2a: Froslass|Ice Beam|p1a: Latias","|-supereffective|p1a: Latias","|-damage|p1a: Latias|0 fnt","|faint|p1a: Latias","|","|","|switch|p1a: Mew|Mew|404/404","|turn|9","|","|move|p2a: Froslass|Ice Beam|p1a: Mew","|-damage|p1a: Mew|319/404","|move|p1a: Mew|Toxic|p2a: Froslass","|-status|p2a: Froslass|tox","|","|-heal|p1a: Mew|344/404|[from] item: Leftovers","|-damage|p2a: Froslass|131/281 tox|[from] psn","|turn|10","|","|switch|p2a: Jynx|Jynx, F|271/271","|-activate|p2a: Jynx|ability: Forewarn|Aura Sphere|[of] p1a: Mew","|move|p1a: Mew|Aura Sphere|p2a: Jynx","|-damage|p2a: Jynx|207/271","|","|-heal|p1a: Mew|369/404|[from] item: Leftovers","|turn|11","|","|move|p2a: Jynx|Trick|p1a: Mew","|-activate|p2a: Jynx|move: Trick|[of] p1a: Mew","|-item|p1a: Mew|Choice Scarf|[from] move: Trick","|-item|p2a: Jynx|Leftovers|[from] move: Trick","|move|p1a: Mew|Toxic|p2a: Jynx","|-status|p2a: Jynx|tox","|","|-heal|p2a: Jynx|223/271 tox|[from] item: Leftovers","|-damage|p2a: Jynx|207/271 tox|[from] psn","|turn|12","|","|switch|p1a: Gardevoir|Gardevoir, F|277/277","|-ability|p1a: Gardevoir|Forewarn|[from] ability: Trace|[of] p2a: Jynx","|-activate|p1a: Gardevoir|ability: Forewarn|Focus Blast|[of] p2a: Jynx","|move|p2a: Jynx|Ice Beam|p1a: Gardevoir","|-damage|p1a: Gardevoir|148/277","|","|-heal|p2a: Jynx|223/271 tox|[from] item: Leftovers","|-damage|p2a: Jynx|191/271 tox|[from] psn","|turn|13","|","|detailschange|p1a: Gardevoir|Gardevoir-Mega, F","|-mega|p1a: Gardevoir|Gardevoir|Gardevoirite","|move|p2a: Jynx|Ice Beam|p1a: Gardevoir","|-damage|p1a: Gardevoir|40/277","|move|p1a: Gardevoir|Hyper Voice|p2a: Jynx","|-damage|p2a: Jynx|0 fnt","|faint|p2a: Jynx","|","|","|switch|p2a: Mamoswine|Mamoswine, M|93/361","|turn|14","|","|switch|p1a: Slowbro|Slowbro, F|235/394","|move|p2a: Mamoswine|Icicle Crash|p1a: Slowbro","|-resisted|p1a: Slowbro","|-damage|p1a: Slowbro|188/394","|","|turn|15","|","|switch|p2a: Kyurem-Black|Kyurem-Black|311/391","|-ability|p2a: Kyurem-Black|Teravolt","|move|p1a: Slowbro|Slack Off|p1a: Slowbro","|-heal|p1a: Slowbro|385/394","|","|turn|16","|","|move|p2a: Kyurem-Black|Fusion Bolt|p1a: Slowbro","|-supereffective|p1a: Slowbro","|-damage|p1a: Slowbro|179/394","|move|p1a: Slowbro|Yawn|p2a: Kyurem-Black","|-start|p2a: Kyurem-Black|move: Yawn|[of] p1a: Slowbro","|","|turn|17","|","|move|p2a: Kyurem-Black|Fusion Bolt|p1a: Slowbro","|-crit|p1a: Slowbro","|-supereffective|p1a: Slowbro","|-damage|p1a: Slowbro|0 fnt","|faint|p1a: Slowbro","|","|-end|p2a: Kyurem-Black|move: Yawn|[silent]","|-status|p2a: Kyurem-Black|slp","|","|switch|p1a: Gardevoir|Gardevoir-Mega, F|40/277","|turn|18","|","|cant|p2a: Kyurem-Black|slp","|move|p1a: Gardevoir|Hyper Voice|p2a: Kyurem-Black","|-supereffective|p2a: Kyurem-Black","|-damage|p2a: Kyurem-Black|0 fnt","|faint|p2a: Kyurem-Black","|","|","|switch|p2a: Weavile|Weavile, F|281/281","|-ability|p2a: Weavile|Pressure","|turn|19","|","|switch|p1a: Deoxys-Speed|Deoxys-Speed|304/304","|-ability|p1a: Deoxys-Speed|Pressure","|move|p2a: Weavile|Night Slash|p1a: Deoxys-Speed","|-supereffective|p1a: Deoxys-Speed","|-enditem|p1a: Deoxys-Speed|Focus Sash","|-damage|p1a: Deoxys-Speed|1/304","|","|turn|20","|","|move|p1a: Deoxys-Speed|Thunder Wave|p2a: Weavile","|-status|p2a: Weavile|par","|move|p2a: Weavile|Night Slash|p1a: Deoxys-Speed","|-supereffective|p1a: Deoxys-Speed","|-damage|p1a: Deoxys-Speed|0 fnt","|faint|p1a: Deoxys-Speed","|","|","|switch|p1a: Mew|Mew|369/404","|turn|21","|","|move|p1a: Mew|Aura Sphere|p2a: Weavile","|-supereffective|p2a: Weavile","|-damage|p2a: Weavile|13/281 par","|move|p2a: Weavile|Night Slash|p1a: Mew","|-supereffective|p1a: Mew","|-damage|p1a: Mew|7/404","|","|turn|22","|","|switch|p2a: Froslass|Froslass, F|131/281 tox","|move|p1a: Mew|Aura Sphere|p2a: Froslass","|-immune|p2a: Froslass|[msg]","|","|-damage|p2a: Froslass|114/281 tox|[from] psn","|turn|23","|","|move|p2a: Froslass|Water Pulse|p1a: Mew","|-damage|p1a: Mew|0 fnt","|faint|p1a: Mew","|","|-damage|p2a: Froslass|80/281 tox|[from] psn","|","|switch|p1a: Hoopa-Unbound|Hoopa-Unbound|301/301","|turn|24","|","|move|p2a: Froslass|Water Pulse|p1a: Hoopa-Unbound","|-damage|p1a: Hoopa-Unbound|260/301","|-start|p1a: Hoopa-Unbound|confusion","|-activate|p1a: Hoopa-Unbound|confusion","|move|p1a: Hoopa-Unbound|Fire Punch|p2a: Froslass","|-supereffective|p2a: Froslass","|-damage|p2a: Froslass|0 fnt","|faint|p2a: Froslass","|","|","|switch|p2a: Mamoswine|Mamoswine, M|93/361","|turn|25","|","|move|p2a: Mamoswine|Earthquake|p1a: Hoopa-Unbound","|-damage|p1a: Hoopa-Unbound|0 fnt","|faint|p1a: Hoopa-Unbound","|","|","|switch|p1a: Gardevoir|Gardevoir-Mega, F|40/277","|turn|26","|","|move|p2a: Mamoswine|Earthquake|p1a: Gardevoir","|-damage|p1a: Gardevoir|0 fnt","|faint|p1a: Gardevoir","|","|win|SS Moltres"],"p1rating":{"entryid":"86214","serverid":"eos","formatid":"monotype","userid":"sevenswell","username":"Seven Swell","w":"51","l":22,"t":"0","gxe":69.1,"r":"1666.106434904","rd":"46.874533952437","sigma":"0","rptime":"1440579600","rpr":1652.2934099649,"rprd":43.580061032686,"rpsigma":"0","acre":1184.9898308657,"lacre":1184.9898308657,"oldacre":"1219.6362466094"},"p2rating":{"entryid":"440278","serverid":"eos","formatid":"monotype","userid":"ssmoltres","username":"SS Moltres","w":7,"l":"9","t":"0","gxe":45.9,"r":"1451.9846785865","rd":"102.15789823631","sigma":"0","rptime":"1440579600","rpr":1468.1199476749,"rprd":76.06276710062,"rpsigma":"0","acre":1117.4231849936,"lacre":1117.4231849936,"oldacre":"1078.2568322793"},"endType":"normal"}