{"seed":[24045,23930,23402,9018],"turns":27,"p1":"Emg Grained","p2":"SWL Jyph","p1team":[{"name":"Trevenant","species":"Trevenant","item":"lumberry","ability":"Harvest","moves":["leechseed","rest","willowisp","hornleech"],"nature":"Careful","evs":{"hp":248,"atk":8,"def":0,"spa":0,"spd":252,"spe":0},"ivs":{"hp":31,"atk":31,"def":31,"spa":31,"spd":31,"spe":31}},{"name":"Jellicent","species":"Jellicent","item":"leftovers","ability":"Water Absorb","moves":["recover","scald","willowisp","taunt"],"nature":"Bold","evs":{"hp":252,"atk":0,"def":252,"spa":0,"spd":0,"spe":4},"ivs":{"hp":31,"atk":31,"def":31,"spa":31,"spd":31,"spe":31}},{"name":"Golurk","species":"Golurk","item":"leftovers","ability":"No Guard","moves":["dynamicpunch","stealthrock","earthquake","icepunch"],"nature":"Adamant","evs":{"hp":252,"atk":252,"def":0,"spa":0,"spd":4,"spe":0},"ivs":{"hp":31,"atk":31,"def":31,"spa":31,"spd":31,"spe":31}},{"name":"Aegislash","species":"Aegislash","item":"weaknesspolicy","ability":"Stance Change","moves":["swordsdance","shadowsneak","sacredsword","kingsshield"],"nature":"Adamant","evs":{"hp":248,"atk":252,"def":0,"spa":0,"spd":8,"spe":0},"ivs":{"hp":31,"atk":31,"def":31,"spa":31,"spd":31,"spe":31}},{"name":"Sableye","species":"Sableye","item":"sablenite","ability":"Prankster","moves":["willowisp","recover","darkpulse","calmmind"],"nature":"Calm","evs":{"hp":248,"atk":0,"def":0,"spa":8,"spd":252,"spe":0},"ivs":{"hp":31,"atk":31,"def":31,"spa":31,"spd":31,"spe":31}},{"name":"Gengar","species":"Gengar","item":"lifeorb","ability":"Levitate","moves":["shadowball","sludgewave","focusblast","taunt"],"nature":"Timid","evs":{"hp":0,"atk":0,"def":0,"spa":252,"spd":4,"spe":252},"ivs":{"hp":31,"atk":31,"def":31,"spa":31,"spd":31,"spe":31}}],"p2team":[{"name":"Excadrill","species":"Excadrill","item":"lifeorb","ability":"Mold Breaker","moves":["earthquake","ironhead","rapidspin","rockslide"],"nature":"Jolly","evs":{"hp":0,"atk":252,"def":0,"spa":0,"spd":4,"spe":252},"ivs":{"hp":31,"atk":31,"def":31,"spa":31,"spd":31,"spe":31}},{"name":"Garchomp","species":"Garchomp","item":"choicescarf","ability":"Rough Skin","moves":["earthquake","stoneedge","dragonclaw","fireblast"],"nature":"Naive","evs":{"hp":0,"atk":252,"def":0,"spa":4,"spd":0,"spe":252},"ivs":{"hp":31,"atk":31,"def":31,"spa":31,"spd":31,"spe":31}},{"name":"Camerupt","species":"Camerupt","item":"cameruptite","ability":"Solid Rock","moves":["toxic","stealthrock","flamethrower","earthpower"],"nature":"Calm","evs":{"hp":248,"atk":0,"def":0,"spa":8,"spd":252,"spe":0},"ivs":{"hp":31,"atk":31,"def":31,"spa":31,"spd":31,"spe":31}},{"name":"Seismitoad","species":"Seismitoad","item":"assaultvest","ability":"Water Absorb","moves":["earthpower","grassknot","knockoff","scald"],"nature":"Modest","evs":{"hp":248,"atk":0,"def":132,"spa":128,"spd":0,"spe":0},"ivs":{"hp":31,"atk":31,"def":31,"spa":31,"spd":31,"spe":31}},{"name":"Landorus","species":"Landorus","item":"lifeorb","ability":"Sheer Force","moves":["earthpower","rockslide","focusblast","psychic"],"nature":"Naive","evs":{"hp":0,"atk":4,"def":0,"spa":252,"spd":0,"spe":252},"ivs":{"hp":31,"atk":31,"def":31,"spa":31,"spd":31,"spe":31}},{"name":"Mamoswine","species":"Mamoswine","item":"focussash","ability":"Thick Fat","moves":["iciclecrash","iceshard","earthquake","endeavor"],"nature":"Jolly","evs":{"hp":0,"atk":252,"def":0,"spa":0,"spd":4,"spe":252},"ivs":{"hp":31,"atk":31,"def":31,"spa":31,"spd":31,"spe":31}}],"log":["|player|p1|Emg Grained|265","|player|p2|SWL Jyph|swljyph.png","|gametype|singles","|gen|6","|tier|Monotype","|rated","|rule|Baton Pass Clause: Limit one Baton Passer, can't pass Spe and other stats simultaneously","|rule|Swagger Clause: Swagger is banned","|rule|Same Type Clause: Pokémon in a team must share a type","|clearpoke","|poke|p1|Trevenant, F","|poke|p1|Jellicent, F","|poke|p1|Golurk","|poke|p1|Aegislash, M","|poke|p1|Sableye, F","|poke|p1|Gengar, F","|poke|p2|Excadrill, F","|poke|p2|Garchomp, M","|poke|p2|Camerupt, M","|poke|p2|Seismitoad, M","|poke|p2|Landorus, M","|poke|p2|Mamoswine, F","|rule|Sleep Clause Mod: Limit one foe put to sleep","|rule|Species Clause: Limit one of each Pokémon","|rule|OHKO Clause: OHKO moves are banned","|rule|Moody Clause: Moody is banned","|rule|Evasion Moves Clause: Evasion moves are banned","|rule|Endless Battle Clause: Forcing endless battles is banned","|rule|HP Percentage Mod: HP is shown in percentages","|teampreview","|","|start","|switch|p1a: Golurk|Golurk|382/382","|switch|p2a: Seismitoad|Seismitoad, M|413/413","|turn|1","|","|switch|p1a: Jellicent|Jellicent, F|404/404","|move|p2a: Seismitoad|Knock Off|p1a: Jellicent","|-supereffective|p1a: Jellicent","|-damage|p1a: Jellicent|286/404","|-enditem|p1a: Jellicent|Leftovers|[from] move: Knock Off|[of] p2a: Seismitoad","|","|turn|2","|","|switch|p2a: Camerupt|Camerupt, M|343/343","|move|p1a: Jellicent|Will-O-Wisp|p2a: Camerupt|[miss]","|-miss|p1a: Jellicent|p2a: Camerupt","|","|turn|3","|","|detailschange|p2a: Camerupt|Camerupt-Mega, M","|-mega|p2a: Camerupt|Camerupt|Cameruptite","|move|p1a: Jellicent|Scald|p2a: Camerupt","|-supereffective|p2a: Camerupt","|-damage|p2a: Camerupt|123/343","|move|p2a: Camerupt|Toxic|p1a: Jellicent","|-status|p1a: Jellicent|tox","|","|-damage|p1a: Jellicent|261/404 tox|[from] psn","|turn|4","|","|switch|p2a: Seismitoad|Seismitoad, M|413/413","|move|p1a: Jellicent|Scald|p2a: Seismitoad","|-immune|p2a: Seismitoad|[msg]","|","|-damage|p1a: Jellicent|211/404 tox|[from] psn","|turn|5","|","|switch|p1a: Gengar|Gengar, F|261/261","|move|p2a: Seismitoad|Grass Knot|p1a: Gengar","|-resisted|p1a: Gengar","|-damage|p1a: Gengar|228/261","|","|turn|6","|","|move|p1a: Gengar|Shadow Ball|p2a: Seismitoad","|-crit|p2a: Seismitoad","|-damage|p2a: Seismitoad|175/413","|-damage|p1a: Gengar|202/261|[from] item: Life Orb","|move|p2a: Seismitoad|Knock Off|p1a: Gengar","|-supereffective|p1a: Gengar","|-damage|p1a: Gengar|8/261","|-enditem|p1a: Gengar|Life Orb|[from] move: Knock Off|[of] p2a: Seismitoad","|","|turn|7","|","|switch|p2a: Garchomp|Garchomp, M|357/357","|move|p1a: Gengar|Shadow Ball|p2a: Garchomp","|-damage|p2a: Garchomp|168/357","|-unboost|p2a: Garchomp|spd|1","|","|turn|8","|","|move|p2a: Garchomp|Dragon Claw|p1a: Gengar","|-damage|p1a: Gengar|0 fnt","|faint|p1a: Gengar","|","|","|switch|p1a: Aegislash|Aegislash, M|323/323","|turn|9","|","|switch|p2a: Camerupt|Camerupt-Mega, M|123/343","|move|p1a: Aegislash|Swords Dance|p1a: Aegislash","|-boost|p1a: Aegislash|atk|2","|","|turn|10","|","|-formechange|p1a: Aegislash|Aegislash-Blade","|move|p1a: Aegislash|Sacred Sword|p2a: Camerupt","|-damage|p2a: Camerupt|0 fnt","|faint|p2a: Camerupt","|","|","|switch|p2a: Mamoswine|Mamoswine, F|361/361","|turn|11","|","|-formechange|p1a: Aegislash|Aegislash","|move|p1a: Aegislash|King's Shield|p1a: Aegislash","|-singleturn|p1a: Aegislash|Protect","|move|p2a: Mamoswine|Earthquake|p1a: Aegislash","|-activate|p1a: Aegislash|Protect","|","|turn|12","|","|move|p2a: Mamoswine|Earthquake|p1a: Aegislash","|-supereffective|p1a: Aegislash","|-damage|p1a: Aegislash|57/323","|-enditem|p1a: Aegislash|Weakness Policy","|-boost|p1a: Aegislash|atk|2|[from] item: Weakness Policy","|-boost|p1a: Aegislash|spa|2|[from] item: Weakness Policy","|-formechange|p1a: Aegislash|Aegislash-Blade","|move|p1a: Aegislash|Sacred Sword|p2a: Mamoswine","|-supereffective|p2a: Mamoswine","|-enditem|p2a: Mamoswine|Focus Sash","|-damage|p2a: Mamoswine|1/361","|","|turn|13","|","|-formechange|p1a: Aegislash|Aegislash","|move|p1a: Aegislash|King's Shield|p1a: Aegislash","|-singleturn|p1a: Aegislash|Protect","|move|p2a: Mamoswine|Ice Shard|p1a: Aegislash","|-activate|p1a: Aegislash|Protect","|","|turn|14","|","|move|p2a: Mamoswine|Ice Shard|p1a: Aegislash","|-resisted|p1a: Aegislash","|-damage|p1a: Aegislash|31/323","|-formechange|p1a: Aegislash|Aegislash-Blade","|move|p1a: Aegislash|Shadow Sneak|p2a: Mamoswine","|-damage|p2a: Mamoswine|0 fnt","|faint|p2a: Mamoswine","|","|","|switch|p2a: Garchomp|Garchomp, M|168/357","|turn|15","|","|move|p1a: Aegislash|Shadow Sneak|p2a: Garchomp","|-damage|p2a: Garchomp|0 fnt","|-damage|p1a: Aegislash|0 fnt|[from] ability: Rough Skin|[of] p2a: Garchomp","|faint|p1a: Aegislash","|faint|p2a: Garchomp","|","|","|switch|p2a: Landorus|Landorus, M|319/319","|switch|p1a: Golurk|Golurk|382/382","|turn|16","|","|switch|p2a: Seismitoad|Seismitoad, M|175/413","|move|p1a: Golurk|Ice Punch|p2a: Seismitoad","|-damage|p2a: Seismitoad|71/413","|-status|p2a: Seismitoad|frz","|","|turn|17","|","|-curestatus|p2a: Seismitoad|frz|[from] move: Scald","|move|p2a: Seismitoad|Scald|p1a: Golurk","|-supereffective|p1a: Golurk","|-damage|p1a: Golurk|128/382","|-status|p1a: Golurk|brn","|move|p1a: Golurk|Dynamic Punch|p2a: Seismitoad","|-damage|p2a: Seismitoad|1/413","|-start|p2a: Seismitoad|confusion","|","|-heal|p1a: Golurk|151/382 brn|[from] item: Leftovers","|-damage|p1a: Golurk|104/382 brn|[from] brn","|turn|18","|","|-activate|p2a: Seismitoad|confusion","|-damage|p2a: Seismitoad|0 fnt|[from] confusion","|faint|p2a: Seismitoad","|move|p1a: Golurk|Stealth Rock|p2: Seismitoad","|-sidestart|p2: SWL Jyph|move: Stealth Rock","|","|-heal|p1a: Golurk|127/382 brn|[from] item: Leftovers","|-damage|p1a: Golurk|80/382 brn|[from] brn","|","|switch|p2a: Landorus|Landorus, M|319/319","|-damage|p2a: Landorus|280/319|[from] Stealth Rock","|turn|19","|","|move|p2a: Landorus|Earth Power|p1a: Golurk","|-damage|p1a: Golurk|0 fnt","|faint|p1a: Golurk","|","|","|switch|p1a: Trevenant|Trevenant, F|373/373","|turn|20","|","|switch|p2a: Excadrill|Excadrill, F|361/361","|-damage|p2a: Excadrill|350/361|[from] Stealth Rock","|-ability|p2a: Excadrill|Mold Breaker","|move|p1a: Trevenant|Leech Seed|p2a: Excadrill|[miss]","|-miss|p1a: Trevenant|p2a: Excadrill","|","|turn|21","|","|move|p2a: Excadrill|Iron Head|p1a: Trevenant","|-damage|p1a: Trevenant|122/373","|-damage|p2a: Excadrill|314/361|[from] item: Life Orb","|move|p1a: Trevenant|Will-O-Wisp|p2a: Excadrill","|-status|p2a: Excadrill|brn","|","|-damage|p2a: Excadrill|269/361 brn|[from] brn","|turn|22","|","|switch|p1a: Jellicent|Jellicent, F|211/404 tox","|move|p2a: Excadrill|Iron Head|p1a: Jellicent","|-resisted|p1a: Jellicent","|-damage|p1a: Jellicent|167/404 tox","|-damage|p2a: Excadrill|233/361 brn|[from] item: Life Orb","|","|-damage|p2a: Excadrill|188/361 brn|[from] brn","|-damage|p1a: Jellicent|142/404 tox|[from] psn","|turn|23","|","|move|p2a: Excadrill|Earthquake|p1a: Jellicent","|-damage|p1a: Jellicent|34/404 tox","|-damage|p2a: Excadrill|152/361 brn|[from] item: Life Orb","|move|p1a: Jellicent|Scald|p2a: Excadrill","|-supereffective|p2a: Excadrill","|-damage|p2a: Excadrill|0 fnt","|faint|p2a: Excadrill","|","|-damage|p1a: Jellicent|0 fnt|[from] psn","|faint|p1a: Jellicent","|","|switch|p2a: Landorus|Landorus, M|280/319","|switch|p1a: Trevenant|Trevenant, F|122/373","|-damage|p2a: Landorus|241/319|[from] Stealth Rock","|turn|24","|","|move|p2a: Landorus|Psychic|p1a: Trevenant","|-crit|p1a: Trevenant","|-damage|p1a: Trevenant|0 fnt","|faint|p1a: Trevenant","|","|","|switch|p1a: Sableye|Sableye, F|303/303","|turn|25","|","|detailschange|p1a: Sableye|Sableye-Mega, F","|-mega|p1a: Sableye|Sableye|Sablenite","|move|p1a: Sableye|Calm Mind|p1a: Sableye","|-boost|p1a: Sableye|spa|1","|-boost|p1a: Sableye|spd|1","|move|p2a: Landorus|Earth Power|p1a: Sableye","|-damage|p1a: Sableye|190/303","|","|turn|26","|","|move|p2a: Landorus|Earth Power|p1a: Sableye","|-damage|p1a: Sableye|87/303","|move|p1a: Sableye|Calm Mind|p1a: Sableye","|-boost|p1a: Sableye|spa|1","|-boost|p1a: Sableye|spd|1","|","|turn|27","|","|move|p2a: Landorus|Earth Power|p1a: Sableye","|-damage|p1a: Sableye|0 fnt","|faint|p1a: Sableye","|","|win|SWL Jyph"],"p1rating":{"entryid":"512252","serverid":"eos","formatid":"monotype","userid":"emggrained","username":"Emg Grained","w":"0","l":2,"t":"0","gxe":40.4,"r":"1500","rd":"130","sigma":"0","rptime":"1440579600","rpr":1422.6968736859,"rprd":116.73635206453,"rpsigma":"0","acre":1000,"lacre":1000,"oldacre":"1000"},"p2rating":{"entryid":"10848","serverid":"eos","formatid":"monotype","userid":"swljyph","username":"SWL Jyph","w":16,"l":"9","t":"0","gxe":62,"r":"1592.9877604431","rd":"74.992925972029","sigma":"0","rptime":"1440579600","rpr":1593.333114626,"rprd":65.580274902132,"rpsigma":"0","acre":1194.2447406828,"lacre":1194.2447406828,"oldacre":"1181.2178363533"},"endType":"normal"}