{"seed":[59311,34001,35530,49554],"turns":38,"p1":"Seven Swell","p2":"Alliance - Mxy","p1team":[{"name":"Mew","species":"Mew","item":"leftovers","ability":"Synchronize","moves":["roost","toxic","healbell","aurasphere"],"nature":"Calm","evs":{"hp":252,"atk":0,"def":0,"spa":4,"spd":252,"spe":0},"ivs":{"hp":31,"atk":0,"def":31,"spa":31,"spd":31,"spe":31}},{"name":"Slowbro","species":"Slowbro","item":"rockyhelmet","ability":"Regenerator","moves":["scald","yawn","flamethrower","slackoff"],"nature":"Bold","evs":{"hp":252,"atk":0,"def":252,"spa":4,"spd":0,"spe":0},"ivs":{"hp":31,"atk":0,"def":31,"spa":31,"spd":31,"spe":31}},{"name":"Deoxys-Speed","species":"Deoxys-Speed","item":"focussash","ability":"Pressure","moves":["stealthrock","thunderbolt","thunderwave","icebeam"],"nature":"Timid","evs":{"hp":252,"atk":0,"def":0,"spa":44,"spd":0,"spe":212},"ivs":{"hp":31,"atk":0,"def":31,"spa":31,"spd":31,"spe":31}},{"name":"Latias","species":"Latias","item":"leftovers","ability":"Levitate","moves":["dracometeor","psyshock","roost","defog"],"nature":"Timid","evs":{"hp":252,"atk":0,"def":0,"spa":4,"spd":0,"spe":252},"ivs":{"hp":31,"atk":0,"def":31,"spa":31,"spd":31,"spe":31}},{"name":"Hoopa-Unbound","species":"Hoopa-Unbound","item":"focussash","ability":"Magician","moves":["hyperspacefury","drainpunch","firepunch","gunkshot"],"nature":"Adamant","evs":{"hp":0,"atk":252,"def":0,"spa":0,"spd":4,"spe":252},"ivs":{"hp":31,"atk":31,"def":31,"spa":31,"spd":31,"spe":31}},{"name":"Gardevoir","species":"Gardevoir","item":"gardevoirite","ability":"Trace","moves":["hypervoice","psyshock","shadowball","taunt"],"nature":"Timid","evs":{"hp":0,"atk":0,"def":0,"spa":252,"spd":4,"spe":252},"ivs":{"hp":31,"atk":0,"def":31,"spa":31,"spd":31,"spe":31}}],"p2team":[{"name":"Thundurus","species":"Thundurus","item":"lifeorb","ability":"Prankster","moves":["thunderbolt","grassknot","superpower","knockoff"],"nature":"Naive","evs":{"hp":0,"atk":252,"def":0,"spa":8,"spd":0,"spe":248},"ivs":{"hp":31,"atk":31,"def":31,"spa":31,"spd":31,"spe":31}},{"name":"Electivire","species":"Electivire","item":"choicescarf","ability":"Vital Spirit","moves":["wildcharge","earthquake","icepunch","firepunch"],"nature":"Naive","evs":{"hp":0,"atk":252,"def":0,"spa":4,"spd":0,"spe":252},"ivs":{"hp":31,"atk":31,"def":31,"spa":31,"spd":31,"spe":31}},{"name":"Zapdos","species":"Zapdos","item":"leftovers","ability":"Pressure","moves":["discharge","heatwave","roost","defog"],"nature":"Bold","evs":{"hp":248,"atk":0,"def":60,"spa":88,"spd":0,"spe":112},"ivs":{"hp":31,"atk":0,"def":31,"spa":31,"spd":31,"spe":31}},{"name":"Magnezone","species":"Magnezone","item":"airballoon","ability":"Magnet Pull","moves":["flashcannon","hiddenpowerfire","thunderwave","magiccoat"],"nature":"Bold","evs":{"hp":248,"atk":0,"def":252,"spa":0,"spd":8,"spe":0},"ivs":{"hp":31,"atk":30,"def":31,"spa":30,"spd":31,"spe":30}},{"name":"Raikou","species":"Raikou","item":"choicespecs","ability":"Pressure","moves":["thunderbolt","voltswitch","hiddenpowerice","extrasensory"],"nature":"Timid","evs":{"hp":0,"atk":0,"def":4,"spa":252,"spd":0,"spe":252},"ivs":{"hp":31,"atk":30,"def":30,"spa":31,"spd":31,"spe":31}},{"name":"Rotom-Wash","species":"Rotom-Wash","item":"sitrusberry","ability":"Levitate","moves":["hydropump","voltswitch","willowisp","foulplay"],"nature":"Calm","evs":{"hp":248,"atk":0,"def":0,"spa":0,"spd":124,"spe":136},"ivs":{"hp":31,"atk":31,"def":31,"spa":31,"spd":31,"spe":31}}],"log":["|player|p1|Seven Swell|sevenswell.png","|player|p2|Alliance - Mxy|270","|gametype|singles","|gen|6","|tier|Monotype","|rated","|rule|Baton Pass Clause: Limit one Baton Passer, can't pass Spe and other stats simultaneously","|rule|Swagger Clause: Swagger is banned","|rule|Same Type Clause: Pokémon in a team must share a type","|clearpoke","|poke|p1|Mew","|poke|p1|Slowbro, F","|poke|p1|Deoxys-Speed","|poke|p1|Latias, F","|poke|p1|Hoopa-Unbound","|poke|p1|Gardevoir, M","|poke|p2|Thundurus, M","|poke|p2|Electivire, M","|poke|p2|Zapdos","|poke|p2|Magnezone","|poke|p2|Raikou","|poke|p2|Rotom-Wash","|rule|Sleep Clause Mod: Limit one foe put to sleep","|rule|Species Clause: Limit one of each Pokémon","|rule|OHKO Clause: OHKO moves are banned","|rule|Moody Clause: Moody is banned","|rule|Evasion Moves Clause: Evasion moves are banned","|rule|Endless Battle Clause: Forcing endless battles is banned","|rule|HP Percentage Mod: HP is shown in percentages","|teampreview","|","|start","|switch|p1a: Gardevoir|Gardevoir, M|277/277","|switch|p2a: Raikou|Raikou|321/321","|-ability|p2a: Raikou|Pressure","|-ability|p1a: Gardevoir|Pressure|[from] ability: Trace|[of] p2a: Raikou","|-ability|p1a: Gardevoir|Pressure","|turn|1","|","|detailschange|p1a: Gardevoir|Gardevoir-Mega, M","|-mega|p1a: Gardevoir|Gardevoir|Gardevoirite","|move|p2a: Raikou|Volt Switch|p1a: Gardevoir","|-damage|p1a: Gardevoir|148/277","|","|switch|p2a: Magnezone|Magnezone|343/343","|-item|p2a: Magnezone|Air Balloon","|move|p1a: Gardevoir|Hyper Voice|p2a: Magnezone","|-resisted|p2a: Magnezone","|-damage|p2a: Magnezone|220/343","|-enditem|p2a: Magnezone|Air Balloon","|","|turn|2","|","|switch|p1a: Mew|Mew|404/404","|move|p2a: Magnezone|Thunder Wave|p1a: Mew","|-status|p1a: Mew|par","|","|turn|3","|","|move|p2a: Magnezone|Magic Coat|p2a: Magnezone","|-singleturn|p2a: Magnezone|move: Magic Coat","|cant|p1a: Mew|par","|","|turn|4","|","|move|p2a: Magnezone|Magic Coat|p2a: Magnezone","|-singleturn|p2a: Magnezone|move: Magic Coat","|cant|p1a: Mew|par","|","|turn|5","|","|move|p2a: Magnezone|Magic Coat|p2a: Magnezone","|-singleturn|p2a: Magnezone|move: Magic Coat","|move|p1a: Mew|Heal Bell|p1a: Mew","|-cureteam|p1a: Mew|[from] move: HealBell","|","|turn|6","|","|move|p2a: Magnezone|Magic Coat|p2a: Magnezone","|-singleturn|p2a: Magnezone|move: Magic Coat","|move|p1a: Mew|Aura Sphere|p2a: Magnezone","|-supereffective|p2a: Magnezone","|-damage|p2a: Magnezone|82/343","|","|turn|7","|","|move|p2a: Magnezone|Magic Coat|p2a: Magnezone","|-singleturn|p2a: Magnezone|move: Magic Coat","|move|p1a: Mew|Aura Sphere|p2a: Magnezone","|-supereffective|p2a: Magnezone","|-damage|p2a: Magnezone|0 fnt","|faint|p2a: Magnezone","|","|","|switch|p2a: Thundurus|Thundurus, M|299/299","|turn|8","|","|switch|p1a: Latias|Latias, F|364/364","|move|p2a: Thundurus|Knock Off|p1a: Latias","|-supereffective|p1a: Latias","|-damage|p1a: Latias|52/364","|-enditem|p1a: Latias|Leftovers|[from] move: Knock Off|[of] p2a: Thundurus","|-damage|p2a: Thundurus|270/299|[from] item: Life Orb","|","|turn|9","|","|move|p2a: Thundurus|Thunderbolt|p1a: Latias","|-resisted|p1a: Latias","|-damage|p1a: Latias|0 fnt","|-damage|p2a: Thundurus|241/299|[from] item: Life Orb","|faint|p1a: Latias","|","|","|switch|p1a: Deoxys-Speed|Deoxys-Speed|304/304","|-ability|p1a: Deoxys-Speed|Pressure","|turn|10","|","|move|p1a: Deoxys-Speed|Ice Beam|p2a: Thundurus","|-supereffective|p2a: Thundurus","|-damage|p2a: Thundurus|41/299","|move|p2a: Thundurus|Knock Off|p1a: Deoxys-Speed","|-supereffective|p1a: Deoxys-Speed","|-damage|p1a: Deoxys-Speed|26/304","|-enditem|p1a: Deoxys-Speed|Focus Sash|[from] move: Knock Off|[of] p2a: Thundurus","|-damage|p2a: Thundurus|12/299|[from] item: Life Orb","|","|turn|11","|","|switch|p2a: Electivire|Electivire, M|291/291","|move|p1a: Deoxys-Speed|Stealth Rock|p2a: Electivire","|-sidestart|p2: Alliance - Mxy|move: Stealth Rock","|","|turn|12","|","|switch|p1a: Slowbro|Slowbro, F|394/394","|move|p2a: Electivire|Wild Charge|p1a: Slowbro","|-supereffective|p1a: Slowbro","|-damage|p1a: Slowbro|194/394","|-damage|p2a: Electivire|243/291|[from] item: Rocky Helmet|[of] p1a: Slowbro","|-damage|p2a: Electivire|193/291|[from] recoil|[of] p1a: Slowbro","|","|turn|13","|","|switch|p2a: Zapdos|Zapdos|383/383","|-damage|p2a: Zapdos|288/383|[from] Stealth Rock","|-ability|p2a: Zapdos|Pressure","|move|p1a: Slowbro|Scald|p2a: Zapdos","|-damage|p2a: Zapdos|191/383","|-status|p2a: Zapdos|brn","|","|-heal|p2a: Zapdos|214/383 brn|[from] item: Leftovers","|-damage|p2a: Zapdos|167/383 brn|[from] brn","|turn|14","|","|move|p2a: Zapdos|Defog|p1a: Slowbro","|-unboost|p1a: Slowbro|evasion|1","|-sideend|p2: Alliance - Mxy|Stealth Rock|[from] move: Defog|[of] p2a: Zapdos","|move|p1a: Slowbro|Slack Off|p1a: Slowbro","|-heal|p1a: Slowbro|391/394","|","|-heal|p2a: Zapdos|190/383 brn|[from] item: Leftovers","|-damage|p2a: Zapdos|143/383 brn|[from] brn","|turn|15","|","|switch|p1a: Mew|Mew|404/404","|move|p2a: Zapdos|Roost|p2a: Zapdos","|-heal|p2a: Zapdos|335/383 brn","|","|-heal|p2a: Zapdos|358/383 brn|[from] item: Leftovers","|-damage|p2a: Zapdos|311/383 brn|[from] brn","|turn|16","|","|move|p2a: Zapdos|Discharge|p1a: Mew","|-damage|p1a: Mew|311/404","|move|p1a: Mew|Aura Sphere|p2a: Zapdos","|-resisted|p2a: Zapdos","|-damage|p2a: Zapdos|276/383 brn","|","|-heal|p2a: Zapdos|299/383 brn|[from] item: Leftovers","|-heal|p1a: Mew|336/404|[from] item: Leftovers","|-damage|p2a: Zapdos|252/383 brn|[from] brn","|turn|17","|","|move|p2a: Zapdos|Discharge|p1a: Mew","|-damage|p1a: Mew|240/404","|move|p1a: Mew|Toxic|p2a: Zapdos","|-fail|p2a: Zapdos","|","|-heal|p2a: Zapdos|275/383 brn|[from] item: Leftovers","|-heal|p1a: Mew|265/404|[from] item: Leftovers","|-damage|p2a: Zapdos|228/383 brn|[from] brn","|turn|18","|","|move|p2a: Zapdos|Discharge|p1a: Mew","|-damage|p1a: Mew|174/404","|move|p1a: Mew|Roost|p1a: Mew","|-heal|p1a: Mew|376/404","|","|-heal|p2a: Zapdos|251/383 brn|[from] item: Leftovers","|-heal|p1a: Mew|401/404|[from] item: Leftovers","|-damage|p2a: Zapdos|204/383 brn|[from] brn","|turn|19","|","|switch|p1a: Slowbro|Slowbro, F|394/394","|move|p2a: Zapdos|Roost|p2a: Zapdos","|-heal|p2a: Zapdos|383/383 brn","|","|-damage|p2a: Zapdos|336/383 brn|[from] brn","|turn|20","|","|move|p2a: Zapdos|Discharge|p1a: Slowbro","|-crit|p1a: Slowbro","|-supereffective|p1a: Slowbro","|-damage|p1a: Slowbro|0 fnt","|faint|p1a: Slowbro","|","|-heal|p2a: Zapdos|359/383 brn|[from] item: Leftovers","|-damage|p2a: Zapdos|312/383 brn|[from] brn","|","|switch|p1a: Gardevoir|Gardevoir-Mega, M|148/277","|turn|21","|","|move|p1a: Gardevoir|Hyper Voice|p2a: Zapdos","|-damage|p2a: Zapdos|44/383 brn","|move|p2a: Zapdos|Roost|p2a: Zapdos","|-heal|p2a: Zapdos|236/383 brn","|","|-heal|p2a: Zapdos|259/383 brn|[from] item: Leftovers","|-damage|p2a: Zapdos|212/383 brn|[from] brn","|turn|22","|","|move|p1a: Gardevoir|Hyper Voice|p2a: Zapdos","|-damage|p2a: Zapdos|0 fnt","|faint|p2a: Zapdos","|","|","|switch|p2a: Raikou|Raikou|321/321","|-ability|p2a: Raikou|Pressure","|turn|23","|","|move|p2a: Raikou|Thunderbolt|p1a: Gardevoir","|-damage|p1a: Gardevoir|0 fnt","|faint|p1a: Gardevoir","|","|","|switch|p1a: Mew|Mew|401/404","|turn|24","|","|move|p2a: Raikou|Thunderbolt|p1a: Mew","|-damage|p1a: Mew|251/404","|move|p1a: Mew|Toxic|p2a: Raikou","|-status|p2a: Raikou|tox","|","|-heal|p1a: Mew|276/404|[from] item: Leftovers","|-damage|p2a: Raikou|301/321 tox|[from] psn","|turn|25","|","|move|p2a: Raikou|Thunderbolt|p1a: Mew","|-damage|p1a: Mew|117/404","|move|p1a: Mew|Roost|p1a: Mew","|-heal|p1a: Mew|319/404","|","|-heal|p1a: Mew|344/404|[from] item: Leftovers","|-damage|p2a: Raikou|261/321 tox|[from] psn","|turn|26","|","|switch|p2a: Electivire|Electivire, M|193/291","|move|p1a: Mew|Roost|p1a: Mew","|-heal|p1a: Mew|404/404","|","|turn|27","|","|switch|p1a: Deoxys-Speed|Deoxys-Speed|26/304","|-ability|p1a: Deoxys-Speed|Pressure","|move|p2a: Electivire|Wild Charge|p1a: Deoxys-Speed","|-damage|p1a: Deoxys-Speed|0 fnt","|-damage|p2a: Electivire|186/291|[from] recoil|[of] p1a: Deoxys-Speed","|faint|p1a: Deoxys-Speed","|","|","|switch|p1a: Hoopa-Unbound|Hoopa-Unbound|301/301","|turn|28","|","|move|p2a: Electivire|Wild Charge|p1a: Hoopa-Unbound","|-damage|p1a: Hoopa-Unbound|72/301","|-damage|p2a: Electivire|129/291|[from] recoil|[of] p1a: Hoopa-Unbound","|move|p1a: Hoopa-Unbound|Hyperspace Fury|p2a: Electivire","|-damage|p2a: Electivire|0 fnt","|-unboost|p1a: Hoopa-Unbound|def|1","|faint|p2a: Electivire","|","|","|switch|p2a: Raikou|Raikou|261/321 tox","|-ability|p2a: Raikou|Pressure","|turn|29","|","|move|p2a: Raikou|Volt Switch|p1a: Hoopa-Unbound","|-damage|p1a: Hoopa-Unbound|0 fnt","|faint|p1a: Hoopa-Unbound","|","|switch|p2a: Thundurus|Thundurus, M|12/299","|","|","|switch|p1a: Mew|Mew|404/404","|turn|30","|","|move|p2a: Thundurus|Knock Off|p1a: Mew","|-supereffective|p1a: Mew","|-damage|p1a: Mew|134/404","|-enditem|p1a: Mew|Leftovers|[from] move: Knock Off|[of] p2a: Thundurus","|-damage|p2a: Thundurus|0 fnt|[from] item: Life Orb","|faint|p2a: Thundurus","|move|p1a: Mew|Roost|p1a: Mew","|-heal|p1a: Mew|336/404","|","|","|switch|p2a: Raikou|Raikou|261/321 tox","|-ability|p2a: Raikou|Pressure","|turn|31","|","|move|p2a: Raikou|Thunderbolt|p1a: Mew","|-damage|p1a: Mew|183/404","|-status|p1a: Mew|par","|move|p1a: Mew|Roost|p1a: Mew","|-heal|p1a: Mew|385/404 par","|","|-damage|p2a: Raikou|241/321 tox|[from] psn","|turn|32","|","|move|p2a: Raikou|Thunderbolt|p1a: Mew","|-damage|p1a: Mew|222/404 par","|cant|p1a: Mew|par","|","|-damage|p2a: Raikou|201/321 tox|[from] psn","|turn|33","|","|move|p2a: Raikou|Thunderbolt|p1a: Mew","|-damage|p1a: Mew|50/404 par","|move|p1a: Mew|Roost|p1a: Mew","|-heal|p1a: Mew|252/404 par","|","|-damage|p2a: Raikou|141/321 tox|[from] psn","|turn|34","|","|switch|p2a: Rotom-Wash|Rotom-Wash|303/303","|cant|p1a: Mew|par","|","|turn|35","|","|move|p2a: Rotom-Wash|Foul Play|p1a: Mew","|-supereffective|p1a: Mew","|-damage|p1a: Mew|132/404 par","|move|p1a: Mew|Roost|p1a: Mew","|-heal|p1a: Mew|334/404 par","|","|turn|36","|","|move|p2a: Rotom-Wash|Hydro Pump|p1a: Mew","|-damage|p1a: Mew|235/404 par","|cant|p1a: Mew|par","|","|turn|37","|","|move|p2a: Rotom-Wash|Foul Play|p1a: Mew","|-crit|p1a: Mew","|-supereffective|p1a: Mew","|-damage|p1a: Mew|43/404 par","|move|p1a: Mew|Heal Bell|p1a: Mew","|-cureteam|p1a: Mew|[from] move: HealBell","|","|turn|38","|","|move|p2a: Rotom-Wash|Foul Play|p1a: Mew","|-supereffective|p1a: Mew","|-damage|p1a: Mew|0 fnt","|faint|p1a: Mew","|","|win|Alliance - Mxy"],"p1rating":{"entryid":"86214","serverid":"eos","formatid":"monotype","userid":"sevenswell","username":"Seven Swell","w":"47","l":18,"t":"0","gxe":70.6,"r":"1666.106434904","rd":"46.874533952437","sigma":"0","rptime":"1440579600","rpr":1665.9997200599,"rprd":45.843539535137,"rpsigma":"0","acre":1258.6840781484,"lacre":1258.6840781484,"oldacre":"1292.0961110177"},"p2rating":{"entryid":"127788","serverid":"eos","formatid":"monotype","userid":"alliancemxy","username":"Alliance - Mxy","w":24,"l":"13","t":"0","gxe":61.3,"r":"1568.2162684637","rd":"58.889732684682","sigma":"0","rptime":"1440579600","rpr":1587.3877217491,"rprd":57.476183689088,"rpsigma":"0","acre":1203.8642503495,"lacre":1203.8642503495,"oldacre":"1170.4522174802"},"endType":"normal"}