{"seed":[43320,51217,46239,49415],"turns":29,"p1":"Inferno Sableye","p2":"Shining Yin","p1team":[{"name":"Diancie","species":"Diancie","item":"leftovers","ability":"Clear Body","moves":["stealthrock","trickroom","diamondstorm","explosion"],"nature":"Brave","evs":{"hp":248,"atk":252,"def":8,"spa":0,"spd":0,"spe":0},"ivs":{"hp":31,"atk":31,"def":31,"spa":31,"spd":31,"spe":0}},{"name":"Sylveon","species":"Sylveon","item":"choicespecs","ability":"Pixilate","moves":["hypervoice","hiddenpowerfire","psyshock","shadowball"],"nature":"Quiet","evs":{"hp":248,"atk":0,"def":8,"spa":252,"spd":0,"spe":0},"gender":"M","ivs":{"hp":31,"atk":0,"def":31,"spa":30,"spd":31,"spe":0}},{"name":"Azumarill","species":"Azumarill","item":"lifeorb","ability":"Huge Power","moves":["playrough","waterfall","superpower","aquajet"],"nature":"Brave","evs":{"hp":248,"atk":252,"def":8,"spa":0,"spd":0,"spe":0},"gender":"M","ivs":{"hp":31,"atk":31,"def":31,"spa":31,"spd":31,"spe":0}},{"name":"Gardevoir","species":"Gardevoir","item":"gardevoirite","ability":"Trace","moves":["hypervoice","focusblast","trickroom","healingwish"],"nature":"Quiet","evs":{"hp":248,"atk":0,"def":8,"spa":252,"spd":0,"spe":0},"gender":"M","ivs":{"hp":31,"atk":0,"def":31,"spa":31,"spd":31,"spe":0},"shiny":true},{"name":"Klefki","species":"Klefki","item":"lightclay","ability":"Prankster","moves":["reflect","lightscreen","foulplay","spikes"],"nature":"Bold","evs":{"hp":248,"atk":0,"def":204,"spa":0,"spd":0,"spe":56},"ivs":{"hp":31,"atk":0,"def":31,"spa":31,"spd":31,"spe":31}},{"name":"Togekiss","species":"Togekiss","item":"choicescarf","ability":"Serene Grace","moves":["airslash","fireblast","dazzlinggleam","trick"],"nature":"Timid","evs":{"hp":0,"atk":0,"def":0,"spa":252,"spd":4,"spe":252},"ivs":{"hp":31,"atk":0,"def":31,"spa":31,"spd":31,"spe":31}}],"p2team":[{"name":"Chansey","species":"Chansey","item":"eviolite","ability":"Natural Cure","moves":["thunderwave","softboiled","seismictoss","stealthrock"],"nature":"Bold","evs":{"hp":0,"atk":0,"def":252,"spa":0,"spd":252,"spe":4},"ivs":{"hp":31,"atk":0,"def":31,"spa":31,"spd":31,"spe":31}},{"name":"Porygon2","species":"Porygon2","item":"eviolite","ability":"Download","moves":["icebeam","hiddenpowerfire","recover","toxic"],"nature":"Calm","evs":{"hp":248,"atk":0,"def":204,"spa":0,"spd":56,"spe":0},"ivs":{"hp":31,"atk":30,"def":31,"spa":30,"spd":31,"spe":30}},{"name":"Pidgeot","species":"Pidgeot","item":"pidgeotite","ability":"Keen Eye","moves":["hurricane","heatwave","defog","roost"],"nature":"Timid","evs":{"hp":0,"atk":0,"def":0,"spa":252,"spd":4,"spe":252},"ivs":{"hp":31,"atk":0,"def":31,"spa":31,"spd":31,"spe":31}},{"name":"Staraptor","species":"Staraptor","item":"choicescarf","ability":"Reckless","moves":["bravebird","uturn","doubleedge","closecombat"],"nature":"Jolly","evs":{"hp":0,"atk":252,"def":0,"spa":0,"spd":4,"spe":252},"ivs":{"hp":31,"atk":31,"def":31,"spa":31,"spd":31,"spe":31}},{"name":"Diggersby","species":"Diggersby","item":"choiceband","ability":"Huge Power","moves":["return","earthquake","knockoff","quickattack"],"nature":"Jolly","evs":{"hp":0,"atk":252,"def":0,"spa":0,"spd":4,"spe":252},"ivs":{"hp":31,"atk":31,"def":31,"spa":31,"spd":31,"spe":31}},{"name":"Heliolisk","species":"Heliolisk","item":"lifeorb","ability":"Dry Skin","moves":["grassknot","thunderbolt","surf","voltswitch"],"nature":"Timid","evs":{"hp":0,"atk":0,"def":0,"spa":252,"spd":4,"spe":252},"ivs":{"hp":31,"atk":0,"def":31,"spa":31,"spd":31,"spe":31}}],"log":["|player|p1|Inferno Sableye|infernosableye.gif","|player|p2|Shining Yin|258","|gametype|singles","|gen|6","|tier|Monotype","|rated","|rule|Baton Pass Clause: Limit one Baton Passer, can't pass Spe and other stats simultaneously","|rule|Swagger Clause: Swagger is banned","|rule|Same Type Clause: Pokémon in a team must share a type","|clearpoke","|poke|p1|Diancie","|poke|p1|Sylveon, M","|poke|p1|Azumarill, M","|poke|p1|Gardevoir, M, shiny","|poke|p1|Klefki, M","|poke|p1|Togekiss, F","|poke|p2|Chansey, F","|poke|p2|Porygon2","|poke|p2|Pidgeot, M","|poke|p2|Staraptor, M","|poke|p2|Diggersby, F","|poke|p2|Heliolisk, F","|rule|Sleep Clause Mod: Limit one foe put to sleep","|rule|Species Clause: Limit one of each Pokémon","|rule|OHKO Clause: OHKO moves are banned","|rule|Moody Clause: Moody is banned","|rule|Evasion Moves Clause: Evasion moves are banned","|rule|Endless Battle Clause: Forcing endless battles is banned","|rule|HP Percentage Mod: HP is shown in percentages","|teampreview","|","|start","|switch|p1a: Diancie|Diancie|303/303","|switch|p2a: Heliolisk|Heliolisk, F|265/265","|turn|1","|","|switch|p2a: Chansey|Chansey, F|641/641","|move|p1a: Diancie|Trick Room|p1a: Diancie","|-fieldstart|move: Trick Room|[of] p1a: Diancie","|","|turn|2","|","|move|p1a: Diancie|Diamond Storm|p2a: Chansey","|-miss|p1a: Diancie|p2a: Chansey","|move|p2a: Chansey|Stealth Rock|p1a: Diancie","|-sidestart|p1: Inferno Sableye|move: Stealth Rock","|","|turn|3","|","|move|p1a: Diancie|Stealth Rock|p2a: Chansey","|-sidestart|p2: Shining Yin|move: Stealth Rock","|move|p2a: Chansey|Seismic Toss|p1a: Diancie","|-damage|p1a: Diancie|203/303","|","|-heal|p1a: Diancie|221/303|[from] item: Leftovers","|turn|4","|","|move|p1a: Diancie|Diamond Storm|p2a: Chansey","|-damage|p2a: Chansey|410/641","|-boost|p1a: Diancie|def|1","|move|p2a: Chansey|Seismic Toss|p1a: Diancie","|-damage|p1a: Diancie|121/303","|","|-heal|p1a: Diancie|139/303|[from] item: Leftovers","|turn|5","|","|move|p1a: Diancie|Diamond Storm|p2a: Chansey","|-damage|p2a: Chansey|205/641","|move|p2a: Chansey|Seismic Toss|p1a: Diancie","|-damage|p1a: Diancie|39/303","|","|-heal|p1a: Diancie|57/303|[from] item: Leftovers","|-fieldend|move: Trick Room","|turn|6","|","|move|p2a: Chansey|Seismic Toss|p1a: Diancie","|-damage|p1a: Diancie|0 fnt","|faint|p1a: Diancie","|","|","|switch|p1a: Togekiss|Togekiss, F|311/311","|-damage|p1a: Togekiss|234/311|[from] Stealth Rock","|turn|7","|","|move|p1a: Togekiss|Trick|p2a: Chansey","|-activate|p1a: Togekiss|move: Trick|[of] p2a: Chansey","|-item|p2a: Chansey|Choice Scarf|[from] move: Trick","|-item|p1a: Togekiss|Eviolite|[from] move: Trick","|move|p2a: Chansey|Soft-Boiled|p2a: Chansey","|-heal|p2a: Chansey|526/641","|","|turn|8","|","|switch|p2a: Porygon2|Porygon2|373/373","|-damage|p2a: Porygon2|327/373|[from] Stealth Rock","|-boost|p2a: Porygon2|atk|1|[from] ability: Download","|move|p1a: Togekiss|Dazzling Gleam|p2a: Porygon2","|-damage|p2a: Porygon2|251/373","|","|turn|9","|","|switch|p1a: Klefki|Klefki, M|317/317","|-damage|p1a: Klefki|298/317|[from] Stealth Rock","|move|p2a: Porygon2|Toxic|p1a: Klefki","|-immune|p1a: Klefki|[msg]","|","|turn|10","|","|switch|p2a: Heliolisk|Heliolisk, F|265/265","|-damage|p2a: Heliolisk|232/265|[from] Stealth Rock","|move|p1a: Klefki|Light Screen|p1a: Klefki","|-sidestart|p1: Inferno Sableye|move: Light Screen","|","|turn|11","|","|move|p1a: Klefki|Spikes|p2a: Heliolisk","|-sidestart|p2: Shining Yin|Spikes","|move|p2a: Heliolisk|Thunderbolt|p1a: Klefki","|-damage|p1a: Klefki|202/317","|-damage|p2a: Heliolisk|206/265|[from] item: Life Orb","|","|turn|12","|","|switch|p1a: Sylveon|Sylveon, M|393/393","|-damage|p1a: Sylveon|344/393|[from] Stealth Rock","|move|p2a: Heliolisk|Thunderbolt|p1a: Sylveon","|-damage|p1a: Sylveon|273/393","|-damage|p2a: Heliolisk|180/265|[from] item: Life Orb","|","|turn|13","|","|move|p2a: Heliolisk|Volt Switch|p1a: Sylveon","|-damage|p1a: Sylveon|212/393","|-damage|p2a: Heliolisk|154/265|[from] item: Life Orb","|","|switch|p2a: Chansey|Chansey, F|526/641","|-damage|p2a: Chansey|446/641|[from] Spikes","|-damage|p2a: Chansey|366/641|[from] Stealth Rock","|move|p1a: Sylveon|Hyper Voice|p2a: Chansey","|-damage|p2a: Chansey|146/641","|","|turn|14","|","|move|p2a: Chansey|Soft-Boiled|p2a: Chansey","|-heal|p2a: Chansey|467/641","|move|p1a: Sylveon|Hyper Voice|p2a: Chansey","|-damage|p2a: Chansey|232/641","|","|turn|15","|","|switch|p1a: Azumarill|Azumarill, M|403/403","|-damage|p1a: Azumarill|353/403|[from] Stealth Rock","|move|p2a: Chansey|Soft-Boiled|p2a: Chansey","|-heal|p2a: Chansey|553/641","|","|turn|16","|","|move|p2a: Chansey|Soft-Boiled|p2a: Chansey","|-heal|p2a: Chansey|641/641","|move|p1a: Azumarill|Play Rough|p2a: Chansey","|-damage|p2a: Chansey|105/641","|-damage|p1a: Azumarill|313/403|[from] item: Life Orb","|","|turn|17","|","|move|p2a: Chansey|Soft-Boiled|p2a: Chansey","|-heal|p2a: Chansey|426/641","|move|p1a: Azumarill|Waterfall|p2a: Chansey","|-damage|p2a: Chansey|0 fnt","|-damage|p1a: Azumarill|273/403|[from] item: Life Orb","|faint|p2a: Chansey","|","|-sideend|p1: Inferno Sableye|move: Light Screen","|","|switch|p2a: Heliolisk|Heliolisk, F|154/265","|-damage|p2a: Heliolisk|121/265|[from] Stealth Rock","|-damage|p2a: Heliolisk|88/265|[from] Spikes","|turn|18","|","|switch|p1a: Klefki|Klefki, M|202/317","|-damage|p1a: Klefki|183/317|[from] Stealth Rock","|move|p2a: Heliolisk|Thunderbolt|p1a: Klefki","|-damage|p1a: Klefki|0 fnt","|-damage|p2a: Heliolisk|62/265|[from] item: Life Orb","|faint|p1a: Klefki","|","|","|switch|p1a: Togekiss|Togekiss, F|234/311","|-damage|p1a: Togekiss|157/311|[from] Stealth Rock","|turn|19","|","|move|p2a: Heliolisk|Thunderbolt|p1a: Togekiss","|-supereffective|p1a: Togekiss","|-damage|p1a: Togekiss|0 fnt","|-damage|p2a: Heliolisk|36/265|[from] item: Life Orb","|faint|p1a: Togekiss","|","|","|switch|p1a: Gardevoir|Gardevoir, M, shiny|339/339","|-damage|p1a: Gardevoir|297/339|[from] Stealth Rock","|-ability|p1a: Gardevoir|Dry Skin|[from] ability: Trace|[of] p2a: Heliolisk","|turn|20","|","|detailschange|p1a: Gardevoir|Gardevoir-Mega, M, shiny","|-mega|p1a: Gardevoir|Gardevoir|Gardevoirite","|move|p2a: Heliolisk|Thunderbolt|p1a: Gardevoir","|-damage|p1a: Gardevoir|151/339","|-damage|p2a: Heliolisk|10/265|[from] item: Life Orb","|move|p1a: Gardevoir|Trick Room|p1a: Gardevoir","|-fieldstart|move: Trick Room|[of] p1a: Gardevoir","|","|turn|21","|","|move|p1a: Gardevoir|Hyper Voice|p2a: Heliolisk","|-damage|p2a: Heliolisk|0 fnt","|faint|p2a: Heliolisk","|","|","|switch|p2a: Porygon2|Porygon2|251/373","|-damage|p2a: Porygon2|205/373|[from] Spikes","|-damage|p2a: Porygon2|159/373|[from] Stealth Rock","|-boost|p2a: Porygon2|atk|1|[from] ability: Download","|turn|22","|","|move|p2a: Porygon2|Recover|p2a: Porygon2","|-heal|p2a: Porygon2|346/373","|move|p1a: Gardevoir|Focus Blast|p2a: Porygon2","|-supereffective|p2a: Porygon2","|-damage|p2a: Porygon2|120/373","|","|turn|23","|","|switch|p1a: Azumarill|Azumarill, M|273/403","|-damage|p1a: Azumarill|223/403|[from] Stealth Rock","|move|p2a: Porygon2|Recover|p2a: Porygon2","|-heal|p2a: Porygon2|307/373","|","|turn|24","|","|move|p1a: Azumarill|Superpower|p2a: Porygon2","|-supereffective|p2a: Porygon2","|-damage|p2a: Porygon2|60/373","|-unboost|p1a: Azumarill|atk|1","|-unboost|p1a: Azumarill|def|1","|-damage|p1a: Azumarill|183/403|[from] item: Life Orb","|move|p2a: Porygon2|Toxic|p1a: Azumarill","|-status|p1a: Azumarill|tox","|","|-damage|p1a: Azumarill|158/403 tox|[from] psn","|-fieldend|move: Trick Room","|turn|25","|","|move|p2a: Porygon2|Recover|p2a: Porygon2","|-heal|p2a: Porygon2|247/373","|move|p1a: Azumarill|Superpower|p2a: Porygon2","|-supereffective|p2a: Porygon2","|-damage|p2a: Porygon2|81/373","|-unboost|p1a: Azumarill|atk|1","|-unboost|p1a: Azumarill|def|1","|-damage|p1a: Azumarill|118/403 tox|[from] item: Life Orb","|","|-damage|p1a: Azumarill|68/403 tox|[from] psn","|turn|26","|","|move|p1a: Azumarill|Aqua Jet|p2a: Porygon2","|-damage|p2a: Porygon2|45/373","|-damage|p1a: Azumarill|28/403 tox|[from] item: Life Orb","|move|p2a: Porygon2|Recover|p2a: Porygon2","|-heal|p2a: Porygon2|232/373","|","|-damage|p1a: Azumarill|0 fnt|[from] psn","|faint|p1a: Azumarill","|","|switch|p1a: Sylveon|Sylveon, M|212/393","|-damage|p1a: Sylveon|163/393|[from] Stealth Rock","|turn|27","|","|move|p2a: Porygon2|Toxic|p1a: Sylveon","|-status|p1a: Sylveon|tox","|move|p1a: Sylveon|Psyshock|p2a: Porygon2","|-damage|p2a: Porygon2|144/373","|","|-damage|p1a: Sylveon|139/393 tox|[from] psn","|turn|28","|","|move|p2a: Porygon2|Recover|p2a: Porygon2","|-heal|p2a: Porygon2|331/373","|move|p1a: Sylveon|Psyshock|p2a: Porygon2","|-damage|p2a: Porygon2|256/373","|","|-damage|p1a: Sylveon|91/393 tox|[from] psn","|turn|29","|","|win|Shining Yin"],"p1rating":{"entryid":"83803","serverid":"eos","formatid":"monotype","userid":"infernosableye","username":"Inferno Sableye","w":"57","l":20,"t":"0","gxe":71.8,"r":"1679.4074871173","rd":"43.976320495332","sigma":"0","rptime":"1440493200","rpr":1677.4761783832,"rprd":43.229760022056,"rpsigma":"0","acre":1228.3178291216,"lacre":1228.3178291216,"oldacre":"1261.3634422742"},"p2rating":{"entryid":"71235","serverid":"eos","formatid":"monotype","userid":"shiningyin","username":"Shining Yin","w":58,"l":"30","t":"0","gxe":63.9,"r":"1601.3722672314","rd":"41.08457556178","sigma":"0","rptime":"1440493200","rpr":1608.0164605309,"rprd":40.125097710195,"rpsigma":"0","acre":1178.4763649109,"lacre":1178.4763649109,"oldacre":"1145.4307517583"},"endType":"forfeit"}