{"seed":[62536,45316,29344,65531],"turns":36,"p1":"GL♅Reshiram","p2":"Alliance - Venus V","p1team":[{"name":"Conductor","species":"heatran","item":"assaultvest","ability":"Flash Fire","moves":["lavaplume","earthpower","dragonpulse","flashcannon"],"nature":"Modest","evs":{"hp":0,"atk":0,"def":4,"spa":252,"spd":252,"spe":0},"ivs":{"hp":31,"atk":31,"def":31,"spa":31,"spd":31,"spe":31}},{"name":"Ninetales","species":"Ninetales","item":"focussash","ability":"Drought","moves":["flamethrower","solarbeam","roar","nastyplot"],"nature":"Timid","evs":{"hp":0,"atk":0,"def":0,"spa":252,"spd":4,"spe":252},"ivs":{"hp":31,"atk":31,"def":31,"spa":31,"spd":31,"spe":31}},{"name":"Torkoal","species":"Torkoal","item":"leftovers","ability":"Shell Armor","moves":["protect","willowisp","clearsmog","rapidspin"],"nature":"Bold","evs":{"hp":252,"atk":0,"def":252,"spa":4,"spd":0,"spe":0},"ivs":{"hp":31,"atk":31,"def":31,"spa":31,"spd":31,"spe":31}},{"name":"Rotom-Heat","species":"Rotom-Heat","item":"lightclay","ability":"Levitate","moves":["voltswitch","painsplit","reflect","lightscreen"],"nature":"Timid","evs":{"hp":236,"atk":0,"def":8,"spa":4,"spd":8,"spe":252},"ivs":{"hp":31,"atk":31,"def":31,"spa":31,"spd":31,"spe":31}},{"name":"Swordsman","species":"infernape","item":"focussash","ability":"Iron Fist","moves":["firepunch","machpunch","closecombat","swordsdance"],"nature":"Jolly","evs":{"hp":4,"atk":252,"def":0,"spa":0,"spd":0,"spe":252},"ivs":{"hp":31,"atk":31,"def":31,"spa":31,"spd":31,"spe":31}},{"name":"Charizard","species":"Charizard","item":"charizarditey","ability":"Blaze","moves":["fireblast","solarbeam","airslash","roost"],"nature":"Timid","evs":{"hp":0,"atk":0,"def":0,"spa":252,"spd":4,"spe":252},"ivs":{"hp":31,"atk":31,"def":31,"spa":31,"spd":31,"spe":31}}],"p2team":[{"name":"Madonna","species":"mandibuzz","item":"leftovers","ability":"Overcoat","moves":["bravebird","foulplay","roost","defog"],"nature":"Impish","evs":{"hp":252,"atk":4,"def":252,"spa":0,"spd":0,"spe":0},"ivs":{"hp":31,"atk":31,"def":31,"spa":31,"spd":31,"spe":31}},{"name":"Gérôme","species":"bisharp","item":"focussash","ability":"Defiant","moves":["suckerpunch","ironhead","metalburst","knockoff"],"nature":"Adamant","evs":{"hp":248,"atk":252,"def":0,"spa":0,"spd":8,"spe":0},"gender":"M","ivs":{"hp":31,"atk":31,"def":31,"spa":31,"spd":31,"spe":31}},{"name":"Big Bessy","species":"hydreigon","item":"choicescarf","ability":"Levitate","moves":["darkpulse","dracometeor","uturn","fireblast"],"nature":"Timid","evs":{"hp":0,"atk":0,"def":0,"spa":252,"spd":4,"spe":252},"gender":"F","ivs":{"hp":31,"atk":31,"def":31,"spa":31,"spd":31,"spe":31}},{"name":"Li'l Bessy","species":"tyranitar","item":"weaknesspolicy","ability":"Sand Stream","moves":["earthquake","rockslide","icebeam","pursuit"],"nature":"Relaxed","evs":{"hp":200,"atk":0,"def":108,"spa":0,"spd":200,"spe":0},"gender":"F","ivs":{"hp":31,"atk":31,"def":31,"spa":31,"spd":31,"spe":31}},{"name":"Monica Lewinski","species":"sableye","item":"sablenite","ability":"Prankster","moves":["recover","calmmind","willowisp","darkpulse"],"nature":"Bold","evs":{"hp":252,"atk":0,"def":48,"spa":0,"spd":208,"spe":0},"gender":"F","ivs":{"hp":31,"atk":31,"def":31,"spa":31,"spd":31,"spe":31}},{"name":"Hoopa-Unbound","species":"Hoopa-Unbound","item":"assaultvest","ability":"Magician","moves":["energyball","hyperspacefury","zenheadbutt","gunkshot"],"nature":"Lonely","evs":{"hp":248,"atk":252,"def":0,"spa":8,"spd":0,"spe":0},"ivs":{"hp":31,"atk":31,"def":31,"spa":31,"spd":31,"spe":31}}],"log":["|player|p1|GL♅Reshiram|163","|player|p2|Alliance - Venus V|239","|gametype|singles","|gen|6","|tier|Monotype","|rated","|rule|Baton Pass Clause: Limit one Baton Passer, can't pass Spe and other stats simultaneously","|rule|Swagger Clause: Swagger is banned","|rule|Same Type Clause: Pokémon in a team must share a type","|clearpoke","|poke|p1|Heatran, F","|poke|p1|Ninetales, F","|poke|p1|Torkoal, F","|poke|p1|Rotom-Heat","|poke|p1|Infernape, F","|poke|p1|Charizard, F","|poke|p2|Mandibuzz, F","|poke|p2|Bisharp, M","|poke|p2|Hydreigon, F","|poke|p2|Tyranitar, F","|poke|p2|Sableye, F","|poke|p2|Hoopa-Unbound","|rule|Sleep Clause Mod: Limit one foe put to sleep","|rule|Species Clause: Limit one of each Pokémon","|rule|OHKO Clause: OHKO moves are banned","|rule|Moody Clause: Moody is banned","|rule|Evasion Moves Clause: Evasion moves are banned","|rule|Endless Battle Clause: Forcing endless battles is banned","|rule|HP Percentage Mod: HP is shown in percentages","|teampreview","|","|start","|switch|p1a: Rotom-Heat|Rotom-Heat|300/300","|switch|p2a: Big Bessy|Hydreigon, F|325/325","|turn|1","|","|move|p2a: Big Bessy|U-turn|p1a: Rotom-Heat","|-resisted|p1a: Rotom-Heat","|-damage|p1a: Rotom-Heat|275/300","|","|switch|p2a: Monica Lewinski|Sableye, F|304/304","|move|p1a: Rotom-Heat|Light Screen|p1a: Rotom-Heat","|-sidestart|p1: GL♅Reshiram|move: Light Screen","|","|turn|2","|","|detailschange|p2a: Monica Lewinski|Sableye-Mega, F","|-mega|p2a: Monica Lewinski|Sableye|Sablenite","|move|p2a: Monica Lewinski|Calm Mind|p2a: Monica Lewinski","|-boost|p2a: Monica Lewinski|spa|1","|-boost|p2a: Monica Lewinski|spd|1","|move|p1a: Rotom-Heat|Volt Switch|p2a: Monica Lewinski","|-damage|p2a: Monica Lewinski|259/304","|","|switch|p1a: Swordsman|Infernape, F|294/294","|","|turn|3","|","|move|p1a: Swordsman|Swords Dance|p1a: Swordsman","|-boost|p1a: Swordsman|atk|2","|move|p2a: Monica Lewinski|Calm Mind|p2a: Monica Lewinski","|-boost|p2a: Monica Lewinski|spa|1","|-boost|p2a: Monica Lewinski|spd|1","|","|turn|4","|","|move|p1a: Swordsman|Swords Dance|p1a: Swordsman","|-boost|p1a: Swordsman|atk|2","|move|p2a: Monica Lewinski|Dark Pulse|p1a: Swordsman","|-resisted|p1a: Swordsman","|-damage|p1a: Swordsman|237/294","|","|turn|5","|","|switch|p2a: Madonna|Mandibuzz, F|424/424","|move|p1a: Swordsman|Swords Dance|p1a: Swordsman","|-boost|p1a: Swordsman|atk|2","|","|turn|6","|","|move|p1a: Swordsman|Close Combat|p2a: Madonna","|-damage|p2a: Madonna|0 fnt","|-unboost|p1a: Swordsman|def|1","|-unboost|p1a: Swordsman|spd|1","|faint|p2a: Madonna","|","|","|switch|p2a: Gérôme|Bisharp, M|333/333","|turn|7","|","|move|p1a: Swordsman|Swords Dance|p1a: Swordsman","|-fail|p1a: Swordsman","|move|p2a: Gérôme|Metal Burst|p1a: Swordsman","|-fail|p1a: Swordsman","|","|turn|8","|","|move|p1a: Swordsman|Mach Punch|p2a: Gérôme","|-supereffective|p2a: Gérôme","|-enditem|p2a: Gérôme|Focus Sash","|-damage|p2a: Gérôme|1/333","|move|p2a: Gérôme|Metal Burst|p1a: Swordsman","|-damage|p1a: Swordsman|0 fnt","|faint|p1a: Swordsman","|","|-sideend|p1: GL♅Reshiram|move: Light Screen","|","|switch|p1a: Rotom-Heat|Rotom-Heat|275/300","|turn|9","|","|move|p1a: Rotom-Heat|Volt Switch|p2a: Gérôme","|-damage|p2a: Gérôme|0 fnt","|faint|p2a: Gérôme","|","|switch|p1a: Ninetales|Ninetales, F|287/287","|-weather|SunnyDay","|","|-weather|SunnyDay|[upkeep]","|","|switch|p2a: Li'l Bessy|Tyranitar, F|391/391","|-weather|Sandstorm","|turn|10","|","|move|p1a: Ninetales|Nasty Plot|p1a: Ninetales","|-boost|p1a: Ninetales|spa|2","|move|p2a: Li'l Bessy|Rock Slide|p1a: Ninetales","|-crit|p1a: Ninetales","|-supereffective|p1a: Ninetales","|-enditem|p1a: Ninetales|Focus Sash","|-damage|p1a: Ninetales|1/287","|","|-weather|Sandstorm|[upkeep]","|-damage|p1a: Ninetales|0 fnt|[from] sandstorm","|faint|p1a: Ninetales","|","|switch|p1a: Charizard|Charizard, F|297/297","|turn|11","|","|switch|p1a: Torkoal|Torkoal, F|344/344","|switch|p2a: Monica Lewinski|Sableye-Mega, F|259/304","|","|-weather|Sandstorm|[upkeep]","|-damage|p1a: Torkoal|323/344|[from] sandstorm","|-damage|p2a: Monica Lewinski|240/304|[from] sandstorm","|-heal|p1a: Torkoal|344/344|[from] item: Leftovers","|turn|12","|","|switch|p1a: Rotom-Heat|Rotom-Heat|275/300","|move|p2a: Monica Lewinski|Calm Mind|p2a: Monica Lewinski","|-boost|p2a: Monica Lewinski|spa|1","|-boost|p2a: Monica Lewinski|spd|1","|","|-weather|Sandstorm|[upkeep]","|-damage|p1a: Rotom-Heat|257/300|[from] sandstorm","|-damage|p2a: Monica Lewinski|221/304|[from] sandstorm","|turn|13","|","|move|p1a: Rotom-Heat|Light Screen|p1a: Rotom-Heat","|-sidestart|p1: GL♅Reshiram|move: Light Screen","|move|p2a: Monica Lewinski|Calm Mind|p2a: Monica Lewinski","|-boost|p2a: Monica Lewinski|spa|1","|-boost|p2a: Monica Lewinski|spd|1","|","|-weather|Sandstorm|[upkeep]","|-damage|p1a: Rotom-Heat|239/300|[from] sandstorm","|-damage|p2a: Monica Lewinski|202/304|[from] sandstorm","|turn|14","|","|move|p1a: Rotom-Heat|Volt Switch|p2a: Monica Lewinski","|-damage|p2a: Monica Lewinski|169/304","|","|switch|p1a: Conductor|Heatran, F|323/323","|move|p2a: Monica Lewinski|Calm Mind|p2a: Monica Lewinski","|-boost|p2a: Monica Lewinski|spa|1","|-boost|p2a: Monica Lewinski|spd|1","|","|-weather|none","|turn|15","|","|move|p1a: Conductor|Lava Plume|p2a: Monica Lewinski","|-damage|p2a: Monica Lewinski|120/304","|move|p2a: Monica Lewinski|Recover|p2a: Monica Lewinski","|-heal|p2a: Monica Lewinski|272/304","|","|turn|16","|","|move|p1a: Conductor|Lava Plume|p2a: Monica Lewinski","|-damage|p2a: Monica Lewinski|221/304","|move|p2a: Monica Lewinski|Dark Pulse|p1a: Conductor","|-crit|p1a: Conductor","|-damage|p1a: Conductor|169/323","|","|turn|17","|","|move|p1a: Conductor|Lava Plume|p2a: Monica Lewinski","|-damage|p2a: Monica Lewinski|172/304","|move|p2a: Monica Lewinski|Dark Pulse|p1a: Conductor","|-damage|p1a: Conductor|121/323","|","|turn|18","|","|move|p1a: Conductor|Lava Plume|p2a: Monica Lewinski","|-crit|p2a: Monica Lewinski","|-damage|p2a: Monica Lewinski|0 fnt","|faint|p2a: Monica Lewinski","|","|","|switch|p2a: Hoopa-Unbound|Hoopa-Unbound|363/363","|turn|19","|","|switch|p1a: Torkoal|Torkoal, F|344/344","|move|p2a: Hoopa-Unbound|Hyperspace Fury|p1a: Torkoal","|-damage|p1a: Torkoal|206/344","|-unboost|p2a: Hoopa-Unbound|def|1","|","|-heal|p1a: Torkoal|227/344|[from] item: Leftovers","|turn|20","|","|switch|p2a: Big Bessy|Hydreigon, F|325/325","|move|p1a: Torkoal|Will-O-Wisp|p2a: Big Bessy","|-status|p2a: Big Bessy|brn","|","|-heal|p1a: Torkoal|248/344|[from] item: Leftovers","|-damage|p2a: Big Bessy|285/325 brn|[from] brn","|-sideend|p1: GL♅Reshiram|move: Light Screen","|turn|21","|","|move|p1a: Torkoal|Protect|p1a: Torkoal","|-singleturn|p1a: Torkoal|Protect","|move|p2a: Big Bessy|Draco Meteor|p1a: Torkoal","|-activate|p1a: Torkoal|Protect","|","|-heal|p1a: Torkoal|269/344|[from] item: Leftovers","|-damage|p2a: Big Bessy|245/325 brn|[from] brn","|turn|22","|","|switch|p1a: Conductor|Heatran, F|121/323","|move|p2a: Big Bessy|Draco Meteor|p1a: Conductor","|-resisted|p1a: Conductor","|-damage|p1a: Conductor|61/323","|-unboost|p2a: Big Bessy|spa|2","|","|-damage|p2a: Big Bessy|205/325 brn|[from] brn","|turn|23","|","|switch|p2a: Hoopa-Unbound|Hoopa-Unbound|363/363","|move|p1a: Conductor|Earth Power|p2a: Hoopa-Unbound","|-damage|p2a: Hoopa-Unbound|301/363","|","|turn|24","|","|move|p2a: Hoopa-Unbound|Hyperspace Fury|p1a: Conductor","|-damage|p1a: Conductor|0 fnt","|-unboost|p2a: Hoopa-Unbound|def|1","|faint|p1a: Conductor","|","|","|switch|p1a: Rotom-Heat|Rotom-Heat|239/300","|turn|25","|","|move|p1a: Rotom-Heat|Reflect|p1a: Rotom-Heat","|-sidestart|p1: GL♅Reshiram|Reflect","|move|p2a: Hoopa-Unbound|Hyperspace Fury|p1a: Rotom-Heat","|-damage|p1a: Rotom-Heat|137/300","|-unboost|p2a: Hoopa-Unbound|def|1","|","|turn|26","|","|switch|p2a: Big Bessy|Hydreigon, F|205/325 brn","|move|p1a: Rotom-Heat|Volt Switch|p2a: Big Bessy","|-crit|p2a: Big Bessy","|-resisted|p2a: Big Bessy","|-damage|p2a: Big Bessy|130/325 brn","|","|switch|p1a: Charizard|Charizard, F|297/297","|","|-damage|p2a: Big Bessy|90/325 brn|[from] brn","|turn|27","|","|move|p2a: Big Bessy|U-turn|p1a: Charizard","|-resisted|p1a: Charizard","|-damage|p1a: Charizard|293/297","|","|switch|p2a: Li'l Bessy|Tyranitar, F|391/391","|-weather|Sandstorm","|move|p1a: Charizard|Air Slash|p2a: Li'l Bessy","|-resisted|p2a: Li'l Bessy","|-damage|p2a: Li'l Bessy|357/391","|","|-weather|Sandstorm|[upkeep]","|-damage|p1a: Charizard|275/297|[from] sandstorm","|turn|28","|","|detailschange|p1a: Charizard|Charizard-Mega-Y, F","|-mega|p1a: Charizard|Charizard|Charizardite Y","|-weather|SunnyDay","|move|p1a: Charizard|Solar Beam|p2a: Li'l Bessy|[still]","|-prepare|p1a: Charizard|Solar Beam|p2a: Li'l Bessy","|-anim|p1a: Charizard|Solar Beam|p2a: Li'l Bessy","|-supereffective|p2a: Li'l Bessy","|-damage|p2a: Li'l Bessy|73/391","|-enditem|p2a: Li'l Bessy|Weakness Policy","|-boost|p2a: Li'l Bessy|atk|2|[from] item: Weakness Policy","|-boost|p2a: Li'l Bessy|spa|2|[from] item: Weakness Policy","|move|p2a: Li'l Bessy|Rock Slide|p1a: Charizard","|-supereffective|p1a: Charizard","|-damage|p1a: Charizard|0 fnt","|faint|p1a: Charizard","|","|-weather|SunnyDay|[upkeep]","|","|switch|p1a: Rotom-Heat|Rotom-Heat|137/300","|turn|29","|","|move|p1a: Rotom-Heat|Volt Switch|p2a: Li'l Bessy","|-damage|p2a: Li'l Bessy|0 fnt","|faint|p2a: Li'l Bessy","|","|switch|p1a: Torkoal|Torkoal, F|269/344","|","|-weather|SunnyDay|[upkeep]","|-heal|p1a: Torkoal|290/344|[from] item: Leftovers","|","|switch|p2a: Big Bessy|Hydreigon, F|90/325 brn","|turn|30","|","|move|p1a: Torkoal|Protect|p1a: Torkoal","|-singleturn|p1a: Torkoal|Protect","|move|p2a: Big Bessy|Draco Meteor|p1a: Torkoal","|-activate|p1a: Torkoal|Protect","|","|-weather|SunnyDay|[upkeep]","|-heal|p1a: Torkoal|311/344|[from] item: Leftovers","|-damage|p2a: Big Bessy|50/325 brn|[from] brn","|turn|31","|","|switch|p1a: Rotom-Heat|Rotom-Heat|137/300","|move|p2a: Big Bessy|Draco Meteor|p1a: Rotom-Heat","|-damage|p1a: Rotom-Heat|0 fnt","|-unboost|p2a: Big Bessy|spa|2","|faint|p1a: Rotom-Heat","|","|-weather|SunnyDay|[upkeep]","|-damage|p2a: Big Bessy|10/325 brn|[from] brn","|","|switch|p1a: Torkoal|Torkoal, F|311/344","|turn|32","|","|switch|p2a: Hoopa-Unbound|Hoopa-Unbound|301/363","|move|p1a: Torkoal|Protect|p1a: Torkoal","|-fail|p1a: Torkoal","|","|-weather|none","|-heal|p1a: Torkoal|332/344|[from] item: Leftovers","|-sideend|p1: GL♅Reshiram|Reflect","|turn|33","|","|move|p1a: Torkoal|Protect|p1a: Torkoal","|-singleturn|p1a: Torkoal|Protect","|move|p2a: Hoopa-Unbound|Hyperspace Fury|p1a: Torkoal","|-activate|p1a: Torkoal|move: Hyperspace Fury|[broken]","|-damage|p1a: Torkoal|194/344","|-unboost|p2a: Hoopa-Unbound|def|1","|","|-heal|p1a: Torkoal|215/344|[from] item: Leftovers","|turn|34","|","|move|p2a: Hoopa-Unbound|Hyperspace Fury|p1a: Torkoal","|-damage|p1a: Torkoal|77/344","|-unboost|p2a: Hoopa-Unbound|def|1","|move|p1a: Torkoal|Will-O-Wisp|p2a: Hoopa-Unbound","|-status|p2a: Hoopa-Unbound|brn","|","|-heal|p1a: Torkoal|98/344|[from] item: Leftovers","|-damage|p2a: Hoopa-Unbound|256/363 brn|[from] brn","|turn|35","|","|move|p2a: Hoopa-Unbound|Hyperspace Fury|p1a: Torkoal","|-damage|p1a: Torkoal|32/344","|-unboost|p2a: Hoopa-Unbound|def|1","|move|p1a: Torkoal|Rapid Spin|p2a: Hoopa-Unbound","|-damage|p2a: Hoopa-Unbound|208/363 brn","|","|-heal|p1a: Torkoal|53/344|[from] item: Leftovers","|-damage|p2a: Hoopa-Unbound|163/363 brn|[from] brn","|turn|36","|","|move|p2a: Hoopa-Unbound|Hyperspace Fury|p1a: Torkoal","|-damage|p1a: Torkoal|0 fnt","|-unboost|p2a: Hoopa-Unbound|def|1","|faint|p1a: Torkoal","|","|win|Alliance - Venus V"],"p1rating":{"entryid":"319032","serverid":"eos","formatid":"monotype","userid":"glreshiram","username":"GL♅Reshiram","w":"5","l":8,"t":"0","gxe":41.9,"r":"1452.3409538952","rd":"83.358695693218","sigma":"0","rptime":"1440493200","rpr":1436.9307065786,"rprd":81.411486860812,"rpsigma":"0","acre":1026.4714523187,"lacre":1026.4714523187,"oldacre":"1045.483823373"},"p2rating":{"entryid":471725,"formatid":"monotype","userid":"alliancevenusv","username":"Alliance - Venus V","r":1500,"rd":130,"sigma":0,"rpr":1536.1737595831,"rprd":122.37110777177,"rpsigma":0,"rptime":1440493200,"w":1,"l":0,"t":0,"gxe":54.5,"acre":1045.206807502,"lacre":1045.206807502,"oldacre":1000},"endType":"normal"}