{"seed":[51601,45360,43875,38634],"turns":34,"p1":"Alpha α Vodoom","p2":"Shining Yin","p1team":[{"name":"バンギラス","species":"tyranitar","item":"assaultvest","ability":"Sand Stream","moves":["earthquake","darkpulse","ancientpower","flamethrower"],"nature":"Quiet","evs":{"hp":248,"atk":8,"def":0,"spa":252,"spd":0,"spe":0},"shiny":true,"ivs":{"hp":31,"atk":31,"def":31,"spa":31,"spd":31,"spe":31}},{"name":"テラキオン","species":"terrakion","item":"choicescarf","ability":"Justified","moves":["closecombat","earthquake","rockslide","quickattack"],"nature":"Jolly","evs":{"hp":0,"atk":252,"def":0,"spa":0,"spd":4,"spe":252},"shiny":true,"ivs":{"hp":31,"atk":31,"def":31,"spa":31,"spd":31,"spe":31}},{"name":"ボスゴドラ","species":"aggron","item":"aggronite","ability":"Sturdy","moves":["metalburst","firepunch","rest","earthquake"],"nature":"Impish","evs":{"hp":248,"atk":0,"def":252,"spa":0,"spd":8,"spe":0},"shiny":true,"ivs":{"hp":31,"atk":31,"def":31,"spa":31,"spd":31,"spe":31}},{"name":"リリーラ","species":"lileep","item":"eviolite","ability":"Storm Drain","moves":["recover","toxic","infestation","gigadrain"],"nature":"Calm","evs":{"hp":252,"atk":0,"def":0,"spa":4,"spd":252,"spe":0},"shiny":true,"ivs":{"hp":31,"atk":31,"def":31,"spa":31,"spd":31,"spe":31}},{"name":"ディアンシー","species":"diancie","item":"diancite","ability":"Clear Body","moves":["protect","earthpower","diamondstorm","moonblast"],"nature":"Hasty","evs":{"hp":0,"atk":4,"def":0,"spa":252,"spd":0,"spe":252},"shiny":true,"ivs":{"hp":31,"atk":31,"def":31,"spa":31,"spd":31,"spe":31}},{"name":"アマルルガ","species":"aurorus","item":"choicescarf","ability":"Refrigerate","moves":["freezedry","hypervoice","earthpower","ancientpower"],"nature":"Timid","evs":{"hp":0,"atk":0,"def":0,"spa":252,"spd":4,"spe":252},"shiny":true,"ivs":{"hp":31,"atk":31,"def":31,"spa":31,"spd":31,"spe":31}}],"p2team":[{"name":"Chansey","species":"Chansey","item":"eviolite","ability":"Natural Cure","moves":["thunderwave","softboiled","seismictoss","stealthrock"],"nature":"Bold","evs":{"hp":0,"atk":0,"def":252,"spa":0,"spd":252,"spe":4},"ivs":{"hp":31,"atk":0,"def":31,"spa":31,"spd":31,"spe":31}},{"name":"Porygon2","species":"Porygon2","item":"eviolite","ability":"Download","moves":["icebeam","hiddenpowerfire","recover","toxic"],"nature":"Calm","evs":{"hp":248,"atk":0,"def":204,"spa":0,"spd":56,"spe":0},"ivs":{"hp":31,"atk":30,"def":31,"spa":30,"spd":31,"spe":30}},{"name":"Pidgeot","species":"Pidgeot","item":"pidgeotite","ability":"Keen Eye","moves":["hurricane","heatwave","defog","roost"],"nature":"Timid","evs":{"hp":0,"atk":0,"def":0,"spa":252,"spd":4,"spe":252},"ivs":{"hp":31,"atk":0,"def":31,"spa":31,"spd":31,"spe":31}},{"name":"Staraptor","species":"Staraptor","item":"choicescarf","ability":"Reckless","moves":["bravebird","uturn","doubleedge","closecombat"],"nature":"Jolly","evs":{"hp":0,"atk":252,"def":0,"spa":0,"spd":4,"spe":252},"ivs":{"hp":31,"atk":31,"def":31,"spa":31,"spd":31,"spe":31}},{"name":"Diggersby","species":"Diggersby","item":"choiceband","ability":"Huge Power","moves":["return","earthquake","knockoff","quickattack"],"nature":"Jolly","evs":{"hp":0,"atk":252,"def":0,"spa":0,"spd":4,"spe":252},"ivs":{"hp":31,"atk":31,"def":31,"spa":31,"spd":31,"spe":31}},{"name":"Heliolisk","species":"Heliolisk","item":"lifeorb","ability":"Dry Skin","moves":["grassknot","thunderbolt","surf","voltswitch"],"nature":"Timid","evs":{"hp":0,"atk":0,"def":0,"spa":252,"spd":4,"spe":252},"ivs":{"hp":31,"atk":0,"def":31,"spa":31,"spd":31,"spe":31}}],"log":["|player|p1|Alpha α Vodoom|1","|player|p2|Shining Yin|258","|gametype|singles","|gen|6","|tier|Monotype","|rated","|rule|Baton Pass Clause: Limit one Baton Passer, can't pass Spe and other stats simultaneously","|rule|Swagger Clause: Swagger is banned","|rule|Same Type Clause: Pokémon in a team must share a type","|clearpoke","|poke|p1|Tyranitar, M, shiny","|poke|p1|Terrakion, shiny","|poke|p1|Aggron, F, shiny","|poke|p1|Lileep, F, shiny","|poke|p1|Diancie, shiny","|poke|p1|Aurorus, M, shiny","|poke|p2|Chansey, F","|poke|p2|Porygon2","|poke|p2|Pidgeot, M","|poke|p2|Staraptor, F","|poke|p2|Diggersby, M","|poke|p2|Heliolisk, M","|rule|Sleep Clause Mod: Limit one foe put to sleep","|rule|Species Clause: Limit one of each Pokémon","|rule|OHKO Clause: OHKO moves are banned","|rule|Moody Clause: Moody is banned","|rule|Evasion Moves Clause: Evasion moves are banned","|rule|Endless Battle Clause: Forcing endless battles is banned","|rule|HP Percentage Mod: HP is shown in percentages","|teampreview","|","|start","|switch|p1a: ディアンシー|Diancie, shiny|241/241","|switch|p2a: Diggersby|Diggersby, M|311/311","|turn|1","|","|detailschange|p1a: ディアンシー|Diancie-Mega, shiny","|-mega|p1a: ディアンシー|Diancie|Diancite","|move|p1a: ディアンシー|Protect|p1a: ディアンシー","|-singleturn|p1a: ディアンシー|Protect","|move|p2a: Diggersby|Earthquake|p1a: ディアンシー","|-activate|p1a: ディアンシー|Protect","|","|turn|2","|","|switch|p1a: リリーラ|Lileep, F, shiny|336/336","|switch|p2a: Chansey|Chansey, F|641/641","|","|turn|3","|","|switch|p1a: ディアンシー|Diancie-Mega, shiny|241/241","|move|p2a: Chansey|Seismic Toss|p1a: ディアンシー","|-damage|p1a: ディアンシー|141/241","|","|turn|4","|","|move|p1a: ディアンシー|Protect|p1a: ディアンシー","|-singleturn|p1a: ディアンシー|Protect","|move|p2a: Chansey|Seismic Toss|p1a: ディアンシー","|-activate|p1a: ディアンシー|Protect","|","|turn|5","|","|switch|p1a: テラキオン|Terrakion, shiny|323/323","|move|p2a: Chansey|Seismic Toss|p1a: テラキオン","|-damage|p1a: テラキオン|223/323","|","|turn|6","|","|switch|p1a: ディアンシー|Diancie-Mega, shiny|141/241","|move|p2a: Chansey|Thunder Wave|p1a: ディアンシー","|move|p1a: ディアンシー|Thunder Wave|p2a: Chansey|[from]Magic Bounce","|-status|p2a: Chansey|par","|","|turn|7","|","|switch|p1a: テラキオン|Terrakion, shiny|223/323","|move|p2a: Chansey|Seismic Toss|p1a: テラキオン","|-damage|p1a: テラキオン|123/323","|","|turn|8","|","|move|p1a: テラキオン|Close Combat|p2a: Chansey","|-supereffective|p2a: Chansey","|-damage|p2a: Chansey|105/641 par","|-unboost|p1a: テラキオン|def|1","|-unboost|p1a: テラキオン|spd|1","|move|p2a: Chansey|Thunder Wave|p1a: テラキオン","|-status|p1a: テラキオン|par","|","|turn|9","|","|move|p1a: テラキオン|Close Combat|p2a: Chansey","|-supereffective|p2a: Chansey","|-damage|p2a: Chansey|0 fnt","|-unboost|p1a: テラキオン|def|1","|-unboost|p1a: テラキオン|spd|1","|faint|p2a: Chansey","|","|","|switch|p2a: Diggersby|Diggersby, M|311/311","|turn|10","|","|move|p2a: Diggersby|Earthquake|p1a: テラキオン","|-supereffective|p1a: テラキオン","|-damage|p1a: テラキオン|0 fnt","|faint|p1a: テラキオン","|","|","|switch|p1a: アマルルガ|Aurorus, M, shiny|387/387","|turn|11","|","|switch|p2a: Porygon2|Porygon2|373/373","|-boost|p2a: Porygon2|atk|1|[from] ability: Download","|move|p1a: アマルルガ|Hyper Voice|p2a: Porygon2","|-damage|p2a: Porygon2|265/373","|","|turn|12","|","|switch|p1a: リリーラ|Lileep, F, shiny|336/336","|move|p2a: Porygon2|Ice Beam|p1a: リリーラ","|-supereffective|p1a: リリーラ","|-damage|p1a: リリーラ|262/336","|","|turn|13","|","|move|p2a: Porygon2|Ice Beam|p1a: リリーラ","|-supereffective|p1a: リリーラ","|-damage|p1a: リリーラ|188/336","|move|p1a: リリーラ|Infestation|p2a: Porygon2","|-damage|p2a: Porygon2|259/373","|-activate|p2a: Porygon2|move: Infestation|[of] p1a: リリーラ","|","|-damage|p2a: Porygon2|213/373|[from] move: Infestation|[partiallytrapped]","|turn|14","|","|move|p2a: Porygon2|Toxic|p1a: リリーラ","|-status|p1a: リリーラ|tox","|move|p1a: リリーラ|Toxic|p2a: Porygon2","|-status|p2a: Porygon2|tox","|","|-damage|p2a: Porygon2|190/373 tox|[from] psn","|-damage|p1a: リリーラ|167/336 tox|[from] psn","|-damage|p2a: Porygon2|144/373 tox|[from] move: Infestation|[partiallytrapped]","|turn|15","|","|move|p2a: Porygon2|Recover|p2a: Porygon2","|-heal|p2a: Porygon2|331/373 tox","|move|p1a: リリーラ|Recover|p1a: リリーラ","|-heal|p1a: リリーラ|335/336 tox","|","|-damage|p2a: Porygon2|285/373 tox|[from] psn","|-damage|p1a: リリーラ|293/336 tox|[from] psn","|-damage|p2a: Porygon2|239/373 tox|[from] move: Infestation|[partiallytrapped]","|turn|16","|","|move|p2a: Porygon2|Ice Beam|p1a: リリーラ","|-crit|p1a: リリーラ","|-supereffective|p1a: リリーラ","|-damage|p1a: リリーラ|167/336 tox","|move|p1a: リリーラ|Recover|p1a: リリーラ","|-heal|p1a: リリーラ|335/336 tox","|","|-damage|p2a: Porygon2|170/373 tox|[from] psn","|-damage|p1a: リリーラ|272/336 tox|[from] psn","|-damage|p2a: Porygon2|124/373 tox|[from] move: Infestation|[partiallytrapped]","|turn|17","|","|move|p2a: Porygon2|Recover|p2a: Porygon2","|-heal|p2a: Porygon2|311/373 tox","|move|p1a: リリーラ|Recover|p1a: リリーラ","|-heal|p1a: リリーラ|336/336 tox","|","|-damage|p2a: Porygon2|219/373 tox|[from] psn","|-damage|p1a: リリーラ|252/336 tox|[from] psn","|-damage|p2a: Porygon2|173/373 tox|[from] move: Infestation|[partiallytrapped]","|turn|18","|","|move|p2a: Porygon2|Recover|p2a: Porygon2","|-heal|p2a: Porygon2|360/373 tox","|move|p1a: リリーラ|Recover|p1a: リリーラ","|-heal|p1a: リリーラ|336/336 tox","|","|-damage|p2a: Porygon2|245/373 tox|[from] psn","|-damage|p1a: リリーラ|231/336 tox|[from] psn","|-end|p2a: Porygon2|Infestation|[partiallytrapped]","|turn|19","|","|switch|p2a: Pidgeot|Pidgeot, M|307/307","|move|p1a: リリーラ|Recover|p1a: リリーラ","|-heal|p1a: リリーラ|336/336 tox","|","|-damage|p1a: リリーラ|210/336 tox|[from] psn","|turn|20","|","|switch|p1a: バンギラス|Tyranitar, M, shiny|403/403","|-weather|Sandstorm","|detailschange|p2a: Pidgeot|Pidgeot-Mega, M","|-mega|p2a: Pidgeot|Pidgeot|Pidgeotite","|move|p2a: Pidgeot|Hurricane|p1a: バンギラス","|-resisted|p1a: バンギラス","|-damage|p1a: バンギラス|355/403","|-start|p1a: バンギラス|confusion","|","|-weather|Sandstorm|[upkeep]","|-damage|p2a: Pidgeot|288/307|[from] sandstorm","|turn|21","|","|switch|p2a: Diggersby|Diggersby, M|311/311","|-activate|p1a: バンギラス|confusion","|move|p1a: バンギラス|Ancient Power|p2a: Diggersby","|-resisted|p2a: Diggersby","|-damage|p2a: Diggersby|254/311","|","|-weather|Sandstorm|[upkeep]","|turn|22","|","|switch|p1a: リリーラ|Lileep, F, shiny|210/336 tox","|move|p2a: Diggersby|Earthquake|p1a: リリーラ","|-damage|p1a: リリーラ|0 fnt","|faint|p1a: リリーラ","|","|-weather|Sandstorm|[upkeep]","|","|switch|p1a: アマルルガ|Aurorus, M, shiny|387/387","|turn|23","|","|switch|p2a: Porygon2|Porygon2|245/373 tox","|-boost|p2a: Porygon2|atk|1|[from] ability: Download","|move|p1a: アマルルガ|Hyper Voice|p2a: Porygon2","|-crit|p2a: Porygon2","|-damage|p2a: Porygon2|95/373 tox","|","|-weather|Sandstorm|[upkeep]","|-damage|p2a: Porygon2|72/373 tox|[from] sandstorm","|-damage|p2a: Porygon2|49/373 tox|[from] psn","|turn|24","|","|move|p1a: アマルルガ|Hyper Voice|p2a: Porygon2","|-damage|p2a: Porygon2|0 fnt","|faint|p2a: Porygon2","|","|-weather|none","|","|switch|p2a: Heliolisk|Heliolisk, M|265/265","|turn|25","|","|switch|p1a: バンギラス|Tyranitar, M, shiny|355/403","|-weather|Sandstorm","|move|p2a: Heliolisk|Surf|p1a: バンギラス","|-supereffective|p1a: バンギラス","|-damage|p1a: バンギラス|243/403","|-damage|p2a: Heliolisk|239/265|[from] item: Life Orb","|","|-weather|Sandstorm|[upkeep]","|-damage|p2a: Heliolisk|223/265|[from] sandstorm","|turn|26","|","|move|p2a: Heliolisk|Grass Knot|p1a: バンギラス","|-supereffective|p1a: バンギラス","|-damage|p1a: バンギラス|100/403","|-damage|p2a: Heliolisk|197/265|[from] item: Life Orb","|move|p1a: バンギラス|Dark Pulse|p2a: Heliolisk","|-damage|p2a: Heliolisk|70/265","|","|-weather|Sandstorm|[upkeep]","|-damage|p2a: Heliolisk|54/265|[from] sandstorm","|turn|27","|","|move|p2a: Heliolisk|Grass Knot|p1a: バンギラス","|-crit|p1a: バンギラス","|-supereffective|p1a: バンギラス","|-damage|p1a: バンギラス|0 fnt","|-damage|p2a: Heliolisk|28/265|[from] item: Life Orb","|faint|p1a: バンギラス","|","|-weather|Sandstorm|[upkeep]","|-damage|p2a: Heliolisk|12/265|[from] sandstorm","|","|switch|p1a: アマルルガ|Aurorus, M, shiny|387/387","|turn|28","|","|move|p1a: アマルルガ|Hyper Voice|p2a: Heliolisk","|-damage|p2a: Heliolisk|0 fnt","|faint|p2a: Heliolisk","|","|-weather|Sandstorm|[upkeep]","|","|switch|p2a: Staraptor|Staraptor, F|311/311","|turn|29","|","|move|p2a: Staraptor|Close Combat|p1a: アマルルガ","|-supereffective|p1a: アマルルガ","|-damage|p1a: アマルルガ|0 fnt","|-unboost|p2a: Staraptor|def|1","|-unboost|p2a: Staraptor|spd|1","|faint|p1a: アマルルガ","|","|-weather|none","|","|switch|p1a: ボスゴドラ|Aggron, F, shiny|343/343","|turn|30","|","|switch|p2a: Diggersby|Diggersby, M|254/311","|move|p1a: ボスゴドラ|Metal Burst|p2a: Diggersby","|-fail|p2a: Diggersby","|","|turn|31","|","|move|p2a: Diggersby|Earthquake|p1a: ボスゴドラ","|-supereffective|p1a: ボスゴドラ","|-ability|p1a: ボスゴドラ|Sturdy","|-damage|p1a: ボスゴドラ|1/343","|move|p1a: ボスゴドラ|Metal Burst|p2a: Diggersby","|-damage|p2a: Diggersby|0 fnt","|faint|p2a: Diggersby","|","|","|switch|p2a: Pidgeot|Pidgeot-Mega, M|288/307","|turn|32","|","|move|p2a: Pidgeot|Hurricane|p1a: ボスゴドラ","|-resisted|p1a: ボスゴドラ","|-damage|p1a: ボスゴドラ|0 fnt","|faint|p1a: ボスゴドラ","|","|","|switch|p1a: ディアンシー|Diancie-Mega, shiny|141/241","|turn|33","|","|move|p2a: Pidgeot|Hurricane|p1a: ディアンシー","|-resisted|p1a: ディアンシー","|-damage|p1a: ディアンシー|47/241","|move|p1a: ディアンシー|Diamond Storm|p2a: Pidgeot","|-supereffective|p2a: Pidgeot","|-damage|p2a: Pidgeot|0 fnt","|faint|p2a: Pidgeot","|","|","|switch|p2a: Staraptor|Staraptor, F|311/311","|turn|34","|","|move|p2a: Staraptor|Brave Bird|p1a: ディアンシー","|-crit|p1a: ディアンシー","|-resisted|p1a: ディアンシー","|-damage|p1a: ディアンシー|0 fnt","|-damage|p2a: Staraptor|295/311|[from] recoil|[of] p1a: ディアンシー","|faint|p1a: ディアンシー","|","|win|Shining Yin"],"p1rating":{"entryid":"214259","serverid":"eos","formatid":"monotype","userid":"alphavodoom","username":"Alpha α Vodoom","w":"22","l":21,"t":"0","gxe":53.6,"r":"1525.2294629997","rd":"53.260758502949","sigma":"0","rptime":"1440579600","rpr":1527.7526213947,"rprd":52.136649364697,"rpsigma":"0","acre":1125.3001633005,"lacre":1125.3001633005,"oldacre":"1142.0613966833"},"p2rating":{"entryid":"71235","serverid":"eos","formatid":"monotype","userid":"shiningyin","username":"Shining Yin","w":66,"l":"31","t":"0","gxe":66.1,"r":"1611.0691699868","rd":"39.913970420739","sigma":"0","rptime":"1440579600","rpr":1626.6569876861,"rprd":38.30188919691,"rpsigma":"0","acre":1277.7582008381,"lacre":1277.7582008381,"oldacre":"1260.9969674553"},"endType":"normal"}