{"seed":[22710,21683,54671,43980],"turns":27,"p1":"Rain Hoot","p2":"Emg E4 Bit","p1team":[{"name":"Aerodactyl","species":"Aerodactyl","item":"lifeorb","ability":"Pressure","moves":["aerialace","stoneedge","earthquake","taunt"],"nature":"Adamant","evs":{"hp":0,"atk":252,"def":0,"spa":0,"spd":4,"spe":252},"ivs":{"hp":31,"atk":31,"def":31,"spa":31,"spd":31,"spe":31}},{"name":"Golem","species":"Golem","item":"weaknesspolicy","ability":"Sturdy","moves":["rockblast","earthquake","suckerpunch","rockpolish"],"nature":"Adamant","evs":{"hp":0,"atk":252,"def":0,"spa":0,"spd":4,"spe":252},"ivs":{"hp":31,"atk":31,"def":31,"spa":31,"spd":31,"spe":31}},{"name":"Tyranitar","species":"Tyranitar","item":"expertbelt","ability":"Sand Stream","moves":["thunderwave","icebeam","flamethrower","darkpulse"],"nature":"Modest","evs":{"hp":248,"atk":0,"def":0,"spa":252,"spd":8,"spe":0},"ivs":{"hp":31,"atk":31,"def":31,"spa":31,"spd":31,"spe":31}},{"name":"Diancie","species":"Diancie","item":"diancite","ability":"Clear Body","moves":["moonblast","earthpower","diamondstorm","protect"],"nature":"Hasty","evs":{"hp":0,"atk":0,"def":0,"spa":252,"spd":0,"spe":252},"ivs":{"hp":31,"atk":31,"def":31,"spa":31,"spd":31,"spe":31}},{"name":"Shuckle","species":"Shuckle","item":"leftovers","ability":"Sturdy","moves":["stickyweb","stealthrock","toxic","encore"],"nature":"Calm","evs":{"hp":252,"atk":0,"def":4,"spa":0,"spd":252,"spe":0},"ivs":{"hp":31,"atk":31,"def":31,"spa":31,"spd":31,"spe":31}},{"name":"Aurorus","species":"Aurorus","item":"assaultvest","ability":"Refrigerate","moves":["hypervoice","freezedry","darkpulse","chargebeam"],"nature":"Modest","evs":{"hp":248,"atk":0,"def":0,"spa":252,"spd":8,"spe":0},"ivs":{"hp":31,"atk":31,"def":31,"spa":31,"spd":31,"spe":31}}],"p2team":[{"name":"Rock God","species":"tyranitar","item":"tyranitarite","ability":"Sand Stream","moves":["dragondance","crunch","icepunch","earthquake"],"nature":"Jolly","evs":{"hp":0,"atk":252,"def":0,"spa":0,"spd":4,"spe":252},"gender":"M","shiny":true,"ivs":{"hp":31,"atk":31,"def":31,"spa":31,"spd":31,"spe":31}},{"name":"Last Thing You See","species":"terrakion","item":"choiceband","ability":"Justified","moves":["stoneedge","closecombat","earthquake","quickattack"],"nature":"Jolly","evs":{"hp":0,"atk":252,"def":4,"spa":0,"spd":0,"spe":252},"shiny":true,"ivs":{"hp":31,"atk":31,"def":31,"spa":31,"spd":31,"spe":31}},{"name":"Blown Back","species":"cradily","item":"leftovers","ability":"Storm Drain","moves":["gigadrain","earthpower","recover","mirrorcoat"],"nature":"Calm","evs":{"hp":252,"atk":0,"def":168,"spa":0,"spd":88,"spe":0},"gender":"F","ivs":{"hp":31,"atk":31,"def":31,"spa":31,"spd":31,"spe":31}},{"name":"Unkillable","species":"rhyperior","item":"weaknesspolicy","ability":"Solid Rock","moves":["earthquake","stoneedge","firepunch","icepunch"],"nature":"Impish","evs":{"hp":252,"atk":4,"def":252,"spa":0,"spd":0,"spe":0},"gender":"M","shiny":true,"ivs":{"hp":31,"atk":31,"def":31,"spa":31,"spd":31,"spe":31}},{"name":"Comeback","species":"omastar","item":"focussash","ability":"Weak Armor","moves":["hydropump","icebeam","hiddenpowergrass","shellsmash"],"nature":"Timid","evs":{"hp":0,"atk":0,"def":4,"spa":252,"spd":0,"spe":252},"gender":"F","ivs":{"hp":31,"atk":30,"def":31,"spa":30,"spd":31,"spe":31}},{"name":"Mah Boy","species":"shuckle","item":"mentalherb","ability":"Sturdy","moves":["stickyweb","stealthrock","encore","toxic"],"nature":"Impish","evs":{"hp":252,"atk":0,"def":156,"spa":0,"spd":100,"spe":0},"gender":"M","shiny":true,"ivs":{"hp":31,"atk":31,"def":31,"spa":31,"spd":31,"spe":31}}],"log":["|player|p1|Rain Hoot|170","|player|p2|Emg E4 Bit|154","|gametype|singles","|gen|6","|tier|Monotype","|rated","|rule|Baton Pass Clause: Limit one Baton Passer, can't pass Spe and other stats simultaneously","|rule|Swagger Clause: Swagger is banned","|rule|Same Type Clause: Pokémon in a team must share a type","|clearpoke","|poke|p1|Aerodactyl, F","|poke|p1|Golem, F","|poke|p1|Tyranitar, M","|poke|p1|Diancie","|poke|p1|Shuckle, F","|poke|p1|Aurorus, F","|poke|p2|Tyranitar, M, shiny","|poke|p2|Terrakion, shiny","|poke|p2|Cradily, F","|poke|p2|Rhyperior, M, shiny","|poke|p2|Omastar, F","|poke|p2|Shuckle, M, shiny","|rule|Sleep Clause Mod: Limit one foe put to sleep","|rule|Species Clause: Limit one of each Pokémon","|rule|OHKO Clause: OHKO moves are banned","|rule|Moody Clause: Moody is banned","|rule|Evasion Moves Clause: Evasion moves are banned","|rule|Endless Battle Clause: Forcing endless battles is banned","|rule|HP Percentage Mod: HP is shown in percentages","|teampreview","|","|start","|switch|p1a: Shuckle|Shuckle, F|244/244","|switch|p2a: Mah Boy|Shuckle, M, shiny|244/244","|turn|1","|","|move|p2a: Mah Boy|Encore|p1a: Shuckle","|-fail|p1a: Shuckle","|move|p1a: Shuckle|Sticky Web|p2a: Mah Boy","|-sidestart|p2: Emg E4 Bit|move: Sticky Web","|","|turn|2","|","|switch|p1a: Diancie|Diancie|241/241","|move|p2a: Mah Boy|Encore|p1a: Diancie","|-fail|p1a: Diancie","|","|turn|3","|","|switch|p2a: Blown Back|Cradily, F|376/376","|-activate|p2a: Blown Back|move: Sticky Web","|-unboost|p2a: Blown Back|spe|1","|detailschange|p1a: Diancie|Diancie-Mega","|-mega|p1a: Diancie|Diancie|Diancite","|move|p1a: Diancie|Diamond Storm|p2a: Blown Back","|-damage|p2a: Blown Back|225/376","|","|-heal|p2a: Blown Back|248/376|[from] item: Leftovers","|turn|4","|","|switch|p1a: Aurorus|Aurorus, F|449/449","|move|p2a: Blown Back|Giga Drain|p1a: Aurorus","|-supereffective|p1a: Aurorus","|-damage|p1a: Aurorus|341/449","|-heal|p2a: Blown Back|302/376|[from] drain|[of] p1a: Aurorus","|","|-heal|p2a: Blown Back|325/376|[from] item: Leftovers","|turn|5","|","|switch|p2a: Mah Boy|Shuckle, M, shiny|244/244","|-activate|p2a: Mah Boy|move: Sticky Web","|-unboost|p2a: Mah Boy|spe|1","|move|p1a: Aurorus|Hyper Voice|p2a: Mah Boy","|-damage|p2a: Mah Boy|153/244","|","|turn|6","|","|switch|p2a: Blown Back|Cradily, F|325/376","|-activate|p2a: Blown Back|move: Sticky Web","|-unboost|p2a: Blown Back|spe|1","|move|p1a: Aurorus|Dark Pulse|p2a: Blown Back","|-damage|p2a: Blown Back|253/376","|","|-heal|p2a: Blown Back|276/376|[from] item: Leftovers","|turn|7","|","|switch|p2a: Rock God|Tyranitar, M, shiny|341/341","|-activate|p2a: Rock God|move: Sticky Web","|-unboost|p2a: Rock God|spe|1","|-weather|Sandstorm","|move|p1a: Aurorus|Hyper Voice|p2a: Rock God","|-damage|p2a: Rock God|223/341","|","|-weather|Sandstorm|[upkeep]","|turn|8","|","|switch|p1a: Aerodactyl|Aerodactyl, F|301/301","|-ability|p1a: Aerodactyl|Pressure","|detailschange|p2a: Rock God|Tyranitar-Mega, M, shiny","|-mega|p2a: Rock God|Tyranitar|Tyranitarite","|move|p2a: Rock God|Dragon Dance|p2a: Rock God","|-boost|p2a: Rock God|atk|1","|-boost|p2a: Rock God|spe|1","|","|-weather|Sandstorm|[upkeep]","|turn|9","|","|move|p1a: Aerodactyl|Earthquake|p2a: Rock God","|-supereffective|p2a: Rock God","|-damage|p2a: Rock God|25/341","|-damage|p1a: Aerodactyl|271/301|[from] item: Life Orb","|move|p2a: Rock God|Ice Punch|p1a: Aerodactyl","|-supereffective|p1a: Aerodactyl","|-damage|p1a: Aerodactyl|0 fnt","|faint|p1a: Aerodactyl","|","|-weather|Sandstorm|[upkeep]","|","|switch|p1a: Diancie|Diancie-Mega|241/241","|turn|10","|","|move|p1a: Diancie|Moonblast|p2a: Rock God","|-supereffective|p2a: Rock God","|-damage|p2a: Rock God|0 fnt","|faint|p2a: Rock God","|","|-weather|Sandstorm|[upkeep]","|","|switch|p2a: Blown Back|Cradily, F|276/376","|-activate|p2a: Blown Back|move: Sticky Web","|-unboost|p2a: Blown Back|spe|1","|turn|11","|","|switch|p1a: Aurorus|Aurorus, F|341/449","|move|p2a: Blown Back|Giga Drain|p1a: Aurorus","|-supereffective|p1a: Aurorus","|-damage|p1a: Aurorus|263/449","|-heal|p2a: Blown Back|315/376|[from] drain|[of] p1a: Aurorus","|","|-weather|none","|-heal|p2a: Blown Back|338/376|[from] item: Leftovers","|turn|12","|","|switch|p2a: Last Thing You See|Terrakion, shiny|323/323","|-activate|p2a: Last Thing You See|move: Sticky Web","|-unboost|p2a: Last Thing You See|spe|1","|move|p1a: Aurorus|Hyper Voice|p2a: Last Thing You See","|-damage|p2a: Last Thing You See|121/323","|","|turn|13","|","|switch|p1a: Shuckle|Shuckle, F|244/244","|move|p2a: Last Thing You See|Close Combat|p1a: Shuckle","|-damage|p1a: Shuckle|100/244","|-unboost|p2a: Last Thing You See|def|1","|-unboost|p2a: Last Thing You See|spd|1","|","|-heal|p1a: Shuckle|115/244|[from] item: Leftovers","|turn|14","|","|move|p2a: Last Thing You See|Close Combat|p1a: Shuckle","|-damage|p1a: Shuckle|0 fnt","|-unboost|p2a: Last Thing You See|def|1","|-unboost|p2a: Last Thing You See|spd|1","|faint|p1a: Shuckle","|","|","|switch|p1a: Diancie|Diancie-Mega|241/241","|turn|15","|","|switch|p2a: Mah Boy|Shuckle, M, shiny|153/244","|-activate|p2a: Mah Boy|move: Sticky Web","|-unboost|p2a: Mah Boy|spe|1","|move|p1a: Diancie|Moonblast|p2a: Mah Boy","|-damage|p2a: Mah Boy|65/244","|","|turn|16","|","|move|p1a: Diancie|Diamond Storm|p2a: Mah Boy","|-supereffective|p2a: Mah Boy","|-damage|p2a: Mah Boy|0 fnt","|faint|p2a: Mah Boy","|","|","|switch|p2a: Blown Back|Cradily, F|338/376","|-activate|p2a: Blown Back|move: Sticky Web","|-unboost|p2a: Blown Back|spe|1","|turn|17","|","|switch|p1a: Tyranitar|Tyranitar, M|403/403","|-weather|Sandstorm","|move|p2a: Blown Back|Giga Drain|p1a: Tyranitar","|-supereffective|p1a: Tyranitar","|-damage|p1a: Tyranitar|299/403","|-heal|p2a: Blown Back|376/376|[from] drain|[of] p1a: Tyranitar","|","|-weather|Sandstorm|[upkeep]","|turn|18","|","|move|p1a: Tyranitar|Thunder Wave|p2a: Blown Back","|-status|p2a: Blown Back|par","|move|p2a: Blown Back|Mirror Coat|p1a: Tyranitar","|-immune|p1a: Tyranitar|[msg]","|","|-weather|Sandstorm|[upkeep]","|turn|19","|","|move|p1a: Tyranitar|Ice Beam|p2a: Blown Back","|-supereffective|p2a: Blown Back","|-damage|p2a: Blown Back|254/376 par","|move|p2a: Blown Back|Giga Drain|p1a: Tyranitar","|-supereffective|p1a: Tyranitar","|-damage|p1a: Tyranitar|191/403","|-heal|p2a: Blown Back|308/376 par|[from] drain|[of] p1a: Tyranitar","|","|-weather|Sandstorm|[upkeep]","|-heal|p2a: Blown Back|331/376 par|[from] item: Leftovers","|turn|20","|","|move|p1a: Tyranitar|Dark Pulse|p2a: Blown Back","|-damage|p2a: Blown Back|264/376 par","|move|p2a: Blown Back|Giga Drain|p1a: Tyranitar","|-supereffective|p1a: Tyranitar","|-damage|p1a: Tyranitar|87/403","|-heal|p2a: Blown Back|316/376 par|[from] drain|[of] p1a: Tyranitar","|","|-weather|Sandstorm|[upkeep]","|-heal|p2a: Blown Back|339/376 par|[from] item: Leftovers","|turn|21","|","|move|p1a: Tyranitar|Ice Beam|p2a: Blown Back","|-supereffective|p2a: Blown Back","|-damage|p2a: Blown Back|229/376 par","|move|p2a: Blown Back|Giga Drain|p1a: Tyranitar","|-supereffective|p1a: Tyranitar","|-damage|p1a: Tyranitar|0 fnt","|-heal|p2a: Blown Back|273/376 par|[from] drain|[of] p1a: Tyranitar","|faint|p1a: Tyranitar","|","|-weather|none","|-heal|p2a: Blown Back|296/376 par|[from] item: Leftovers","|","|switch|p1a: Aurorus|Aurorus, F|263/449","|turn|22","|","|switch|p2a: Unkillable|Rhyperior, M, shiny|434/434","|-activate|p2a: Unkillable|move: Sticky Web","|-unboost|p2a: Unkillable|spe|1","|move|p1a: Aurorus|Hyper Voice|p2a: Unkillable","|-crit|p2a: Unkillable","|-supereffective|p2a: Unkillable","|-damage|p2a: Unkillable|0 fnt","|faint|p2a: Unkillable","|","|","|switch|p2a: Last Thing You See|Terrakion, shiny|121/323","|-activate|p2a: Last Thing You See|move: Sticky Web","|-unboost|p2a: Last Thing You See|spe|1","|turn|23","|","|switch|p1a: Diancie|Diancie-Mega|241/241","|move|p2a: Last Thing You See|Close Combat|p1a: Diancie","|-damage|p1a: Diancie|0 fnt","|-unboost|p2a: Last Thing You See|def|1","|-unboost|p2a: Last Thing You See|spd|1","|faint|p1a: Diancie","|","|","|switch|p1a: Golem|Golem, F|301/301","|turn|24","|","|move|p2a: Last Thing You See|Close Combat|p1a: Golem","|-supereffective|p1a: Golem","|-ability|p1a: Golem|Sturdy","|-damage|p1a: Golem|1/301","|-enditem|p1a: Golem|Weakness Policy","|-boost|p1a: Golem|atk|2|[from] item: Weakness Policy","|-boost|p1a: Golem|spa|2|[from] item: Weakness Policy","|-unboost|p2a: Last Thing You See|def|1","|-unboost|p2a: Last Thing You See|spd|1","|move|p1a: Golem|Earthquake|p2a: Last Thing You See","|-supereffective|p2a: Last Thing You See","|-damage|p2a: Last Thing You See|0 fnt","|faint|p2a: Last Thing You See","|","|","|switch|p2a: Comeback|Omastar, F|281/281","|-activate|p2a: Comeback|move: Sticky Web","|-unboost|p2a: Comeback|spe|1","|turn|25","|","|move|p1a: Golem|Earthquake|p2a: Comeback","|-supereffective|p2a: Comeback","|-enditem|p2a: Comeback|Focus Sash","|-damage|p2a: Comeback|1/281","|-unboost|p2a: Comeback|def|1|[from] ability: Weak Armor","|-boost|p2a: Comeback|spe|1|[from] ability: Weak Armor","|move|p2a: Comeback|Shell Smash|p2a: Comeback","|-unboost|p2a: Comeback|def|1","|-unboost|p2a: Comeback|spd|1","|-boost|p2a: Comeback|atk|2","|-boost|p2a: Comeback|spa|2","|-boost|p2a: Comeback|spe|2","|","|turn|26","|","|move|p1a: Golem|Sucker Punch|p2a: Comeback","|-damage|p2a: Comeback|0 fnt","|faint|p2a: Comeback","|","|","|switch|p2a: Blown Back|Cradily, F|296/376 par","|-activate|p2a: Blown Back|move: Sticky Web","|-unboost|p2a: Blown Back|spe|1","|turn|27","|","|move|p1a: Golem|Earthquake|p2a: Blown Back","|-damage|p2a: Blown Back|0 fnt","|faint|p2a: Blown Back","|","|win|Rain Hoot"],"p1rating":{"entryid":"129353","serverid":"eos","formatid":"monotype","userid":"rainhoot","username":"Rain Hoot","w":27,"l":"21","t":"0","gxe":56.2,"r":"1533.8219226","rd":"51.215173094897","sigma":"0","rptime":"1440579600","rpr":1547.4217173554,"rprd":50.244840803489,"rpsigma":"0","acre":1286.2918065587,"lacre":1286.2918065587,"oldacre":"1268.6563472428"},"p2rating":{"entryid":"86213","serverid":"eos","formatid":"monotype","userid":"emge4bit","username":"Emg E4 Bit","w":"14","l":8,"t":"0","gxe":56.6,"r":"1554.1292790727","rd":"72.218718264046","sigma":"0","rptime":"1440579600","rpr":1550.6241439118,"rprd":69.553020647926,"rpsigma":"0","acre":1145.5478189052,"lacre":1145.5478189052,"oldacre":"1163.1832782211"},"endType":"normal"}