{"seed":[37316,42687,20483,21665],"turns":25,"p1":"SWL Jyph","p2":"Axis WillWolf","p1team":[{"name":"Sharpedo","species":"Sharpedo","item":"sharpedonite","ability":"Speed Boost","moves":["protect","waterfall","icefang","crunch"],"nature":"Adamant","evs":{"hp":0,"atk":252,"def":0,"spa":0,"spd":4,"spe":252},"ivs":{"hp":31,"atk":31,"def":31,"spa":31,"spd":31,"spe":31}},{"name":"Gyarados","species":"Gyarados","item":"leftovers","ability":"Intimidate","moves":["substitute","dragondance","waterfall","bounce"],"nature":"Jolly","evs":{"hp":80,"atk":252,"def":0,"spa":0,"spd":0,"spe":176},"ivs":{"hp":31,"atk":31,"def":31,"spa":31,"spd":31,"spe":31}},{"name":"Swampert","species":"Swampert","item":"leftovers","ability":"Torrent","moves":["stealthrock","toxic","roar","earthquake"],"nature":"Impish","evs":{"hp":252,"atk":4,"def":252,"spa":0,"spd":0,"spe":0},"ivs":{"hp":31,"atk":31,"def":31,"spa":31,"spd":31,"spe":31}},{"name":"Lanturn","species":"Lanturn","item":"leftovers","ability":"Volt Absorb","moves":["healbell","voltswitch","scald","toxic"],"nature":"Calm","evs":{"hp":252,"atk":0,"def":0,"spa":4,"spd":252,"spe":0},"ivs":{"hp":31,"atk":31,"def":31,"spa":31,"spd":31,"spe":31}},{"name":"Keldeo","species":"Keldeo","item":"leftovers","ability":"Justified","moves":["substitute","calmmind","scald","secretsword"],"nature":"Timid","evs":{"hp":0,"atk":0,"def":4,"spa":252,"spd":0,"spe":252},"ivs":{"hp":31,"atk":31,"def":31,"spa":31,"spd":31,"spe":31}},{"name":"Empoleon","species":"Empoleon","item":"leftovers","ability":"Torrent","moves":["scald","defog","icebeam","knockoff"],"nature":"Calm","evs":{"hp":248,"atk":0,"def":0,"spa":8,"spd":252,"spe":0},"ivs":{"hp":31,"atk":31,"def":31,"spa":31,"spd":31,"spe":31}}],"p2team":[{"name":"Ambipom","species":"Ambipom","item":"lifeorb","ability":"Technician","moves":["fakeout","knockoff","doublehit","uturn"],"nature":"Jolly","evs":{"hp":0,"atk":252,"def":0,"spa":0,"spd":4,"spe":252},"ivs":{"hp":31,"atk":31,"def":31,"spa":31,"spd":31,"spe":31}},{"name":"Swellow","species":"Swellow","item":"flameorb","ability":"Guts","moves":["facade","protect","bravebird","uturn"],"nature":"Jolly","evs":{"hp":0,"atk":252,"def":0,"spa":0,"spd":4,"spe":252},"ivs":{"hp":31,"atk":31,"def":31,"spa":31,"spd":31,"spe":31}},{"name":"Zangoose","species":"Zangoose","item":"toxicorb","ability":"Toxic Boost","moves":["facade","protect","closecombat","nightslash"],"nature":"Jolly","evs":{"hp":0,"atk":252,"def":0,"spa":0,"spd":4,"spe":252},"ivs":{"hp":31,"atk":31,"def":31,"spa":31,"spd":31,"spe":31}},{"name":"Ursaring","species":"Ursaring","item":"flameorb","ability":"Quick Feet","moves":["facade","protect","closecombat","crunch"],"nature":"Jolly","evs":{"hp":0,"atk":252,"def":0,"spa":0,"spd":0,"spe":252},"ivs":{"hp":31,"atk":31,"def":31,"spa":31,"spd":31,"spe":31}},{"name":"Lopunny","species":"Lopunny","item":"lopunnite","ability":"Limber","moves":["fakeout","drainpunch","icepunch","thunderpunch"],"nature":"Adamant","evs":{"hp":0,"atk":252,"def":0,"spa":0,"spd":4,"spe":252},"ivs":{"hp":31,"atk":31,"def":31,"spa":31,"spd":31,"spe":31}},{"name":"Smeargle","species":"Smeargle","item":"focussash","ability":"Own Tempo","moves":["spore","stickyweb","stealthrock","spikes"],"nature":"Timid","evs":{"hp":248,"atk":0,"def":0,"spa":0,"spd":8,"spe":252},"ivs":{"hp":31,"atk":31,"def":31,"spa":31,"spd":31,"spe":31}}],"log":["|player|p1|SWL Jyph|swljyph.png","|player|p2|Axis WillWolf|54","|gametype|singles","|gen|6","|tier|Monotype","|rated","|rule|Baton Pass Clause: Limit one Baton Passer, can't pass Spe and other stats simultaneously","|rule|Swagger Clause: Swagger is banned","|rule|Same Type Clause: Pokémon in a team must share a type","|clearpoke","|poke|p1|Sharpedo, F","|poke|p1|Gyarados, M","|poke|p1|Swampert, M","|poke|p1|Lanturn, F","|poke|p1|Keldeo","|poke|p1|Empoleon, F","|poke|p2|Ambipom, M","|poke|p2|Swellow, M","|poke|p2|Zangoose, M","|poke|p2|Ursaring, M","|poke|p2|Lopunny, M","|poke|p2|Smeargle, M","|rule|Sleep Clause Mod: Limit one foe put to sleep","|rule|Species Clause: Limit one of each Pokémon","|rule|OHKO Clause: OHKO moves are banned","|rule|Moody Clause: Moody is banned","|rule|Evasion Moves Clause: Evasion moves are banned","|rule|Endless Battle Clause: Forcing endless battles is banned","|rule|HP Percentage Mod: HP is shown in percentages","|teampreview","|","|start","|switch|p1a: Empoleon|Empoleon, F|371/371","|switch|p2a: Lopunny|Lopunny, M|271/271","|turn|1","|","|switch|p1a: Gyarados|Gyarados, M|351/351","|-ability|p1a: Gyarados|Intimidate","|-unboost|p2a: Lopunny|atk|1","|detailschange|p2a: Lopunny|Lopunny-Mega, M","|-mega|p2a: Lopunny|Lopunny|Lopunnite","|move|p2a: Lopunny|Fake Out|p1a: Gyarados","|-damage|p1a: Gyarados|282/351","|","|-heal|p1a: Gyarados|303/351|[from] item: Leftovers","|turn|2","|","|move|p2a: Lopunny|Thunder Punch|p1a: Gyarados","|-supereffective|p1a: Gyarados","|-damage|p1a: Gyarados|0 fnt","|faint|p1a: Gyarados","|","|","|switch|p1a: Swampert|Swampert, M|404/404","|turn|3","|","|switch|p2a: Smeargle|Smeargle, M|313/313","|move|p1a: Swampert|Stealth Rock|p2a: Smeargle","|-sidestart|p2: Axis WillWolf|move: Stealth Rock","|","|turn|4","|","|move|p2a: Smeargle|Spore|p1a: Swampert","|-status|p1a: Swampert|slp","|cant|p1a: Swampert|slp","|","|turn|5","|","|switch|p1a: Lanturn|Lanturn, F|454/454","|move|p2a: Smeargle|Sticky Web|p1a: Lanturn","|-sidestart|p1: SWL Jyph|move: Sticky Web","|","|turn|6","|","|move|p2a: Smeargle|Stealth Rock|p1a: Lanturn","|-sidestart|p1: SWL Jyph|move: Stealth Rock","|move|p1a: Lanturn|Toxic|p2a: Smeargle","|-status|p2a: Smeargle|tox","|","|-damage|p2a: Smeargle|294/313 tox|[from] psn","|turn|7","|","|move|p2a: Smeargle|Spikes|p1a: Lanturn","|-sidestart|p1: SWL Jyph|Spikes","|move|p1a: Lanturn|Scald|p2a: Smeargle","|-damage|p2a: Smeargle|149/313 tox","|","|-damage|p2a: Smeargle|111/313 tox|[from] psn","|turn|8","|","|switch|p1a: Empoleon|Empoleon, F|371/371","|-damage|p1a: Empoleon|325/371|[from] Spikes","|-damage|p1a: Empoleon|302/371|[from] Stealth Rock","|-activate|p1a: Empoleon|move: Sticky Web","|-unboost|p1a: Empoleon|spe|1","|move|p2a: Smeargle|Spikes|p1a: Empoleon","|-sidestart|p1: SWL Jyph|Spikes","|","|-heal|p1a: Empoleon|325/371|[from] item: Leftovers","|-damage|p2a: Smeargle|54/313 tox|[from] psn","|turn|9","|","|move|p2a: Smeargle|Sticky Web|p1a: Empoleon","|-fail|p1a: Empoleon","|move|p1a: Empoleon|Defog|p2a: Smeargle","|-unboost|p2a: Smeargle|evasion|1","|-sideend|p2: Axis WillWolf|Stealth Rock|[from] move: Defog|[of] p2a: Smeargle","|-sideend|p1: SWL Jyph|Spikes|[from] move: Defog|[of] p1a: Empoleon","|-sideend|p1: SWL Jyph|Stealth Rock|[from] move: Defog|[of] p1a: Empoleon","|-sideend|p1: SWL Jyph|Sticky Web|[from] move: Defog|[of] p1a: Empoleon","|","|-heal|p1a: Empoleon|348/371|[from] item: Leftovers","|-damage|p2a: Smeargle|0 fnt|[from] psn","|faint|p2a: Smeargle","|","|switch|p2a: Lopunny|Lopunny-Mega, M|271/271","|turn|10","|","|move|p2a: Lopunny|Drain Punch|p1a: Empoleon","|-supereffective|p1a: Empoleon","|-damage|p1a: Empoleon|0 fnt","|faint|p1a: Empoleon","|","|","|switch|p1a: Lanturn|Lanturn, F|454/454","|turn|11","|","|switch|p2a: Ursaring|Ursaring, M|321/321","|move|p1a: Lanturn|Heal Bell|p1a: Lanturn","|-cureteam|p1a: Lanturn|[from] move: HealBell","|","|-status|p2a: Ursaring|brn|[from] item: Flame Orb","|turn|12","|","|move|p2a: Ursaring|Facade|p1a: Lanturn","|-damage|p1a: Lanturn|36/454","|move|p1a: Lanturn|Scald|p2a: Ursaring","|-damage|p2a: Ursaring|227/321 brn","|","|-heal|p1a: Lanturn|64/454|[from] item: Leftovers","|-damage|p2a: Ursaring|187/321 brn|[from] brn","|turn|13","|","|move|p2a: Ursaring|Facade|p1a: Lanturn","|-damage|p1a: Lanturn|0 fnt","|faint|p1a: Lanturn","|","|-damage|p2a: Ursaring|147/321 brn|[from] brn","|","|switch|p1a: Keldeo|Keldeo|323/323","|turn|14","|","|move|p1a: Keldeo|Secret Sword|p2a: Ursaring","|-supereffective|p2a: Ursaring","|-damage|p2a: Ursaring|0 fnt","|faint|p2a: Ursaring","|","|","|switch|p2a: Ambipom|Ambipom, M|291/291","|turn|15","|","|move|p2a: Ambipom|Fake Out|p1a: Keldeo","|-damage|p1a: Keldeo|193/323","|-damage|p2a: Ambipom|262/291|[from] item: Life Orb","|cant|p1a: Keldeo|flinch","|","|-heal|p1a: Keldeo|213/323|[from] item: Leftovers","|turn|16","|","|switch|p1a: Swampert|Swampert, M|404/404","|move|p2a: Ambipom|Double Hit|p1a: Swampert","|-damage|p1a: Swampert|333/404","|-damage|p1a: Swampert|255/404","|-hitcount|p1a: Swampert|2","|-damage|p2a: Ambipom|233/291|[from] item: Life Orb","|","|-heal|p1a: Swampert|280/404|[from] item: Leftovers","|turn|17","|","|move|p2a: Ambipom|Double Hit|p1a: Swampert","|-damage|p1a: Swampert|194/404","|-damage|p1a: Swampert|123/404","|-hitcount|p1a: Swampert|2","|-damage|p2a: Ambipom|204/291|[from] item: Life Orb","|move|p1a: Swampert|Stealth Rock|p2a: Ambipom","|-sidestart|p2: Axis WillWolf|move: Stealth Rock","|","|-heal|p1a: Swampert|148/404|[from] item: Leftovers","|turn|18","|","|move|p2a: Ambipom|Double Hit|p1a: Swampert","|-damage|p1a: Swampert|69/404","|-damage|p1a: Swampert|0 fnt","|-hitcount|p1a: Swampert|2","|-damage|p2a: Ambipom|175/291|[from] item: Life Orb","|faint|p1a: Swampert","|","|","|switch|p1a: Sharpedo|Sharpedo, F|281/281","|turn|19","|","|move|p1a: Sharpedo|Protect|p1a: Sharpedo","|-singleturn|p1a: Sharpedo|Protect","|move|p2a: Ambipom|U-turn|p1a: Sharpedo","|-activate|p1a: Sharpedo|Protect","|","|-boost|p1a: Sharpedo|spe|1|[from] ability: Speed Boost","|turn|20","|","|detailschange|p1a: Sharpedo|Sharpedo-Mega, F","|-mega|p1a: Sharpedo|Sharpedo|Sharpedonite","|move|p1a: Sharpedo|Crunch|p2a: Ambipom","|-damage|p2a: Ambipom|0 fnt","|faint|p2a: Ambipom","|","|","|switch|p2a: Lopunny|Lopunny-Mega, M|271/271","|-damage|p2a: Lopunny|255/271|[from] Stealth Rock","|turn|21","|","|move|p2a: Lopunny|Fake Out|p1a: Sharpedo","|-damage|p1a: Sharpedo|163/281","|cant|p1a: Sharpedo|flinch","|","|turn|22","|","|move|p1a: Sharpedo|Protect|p1a: Sharpedo","|-singleturn|p1a: Sharpedo|Protect","|move|p2a: Lopunny|Drain Punch|p1a: Sharpedo","|-activate|p1a: Sharpedo|Protect","|","|turn|23","|","|move|p1a: Sharpedo|Waterfall|p2a: Lopunny","|-damage|p2a: Lopunny|80/271","|move|p2a: Lopunny|Drain Punch|p1a: Sharpedo","|-crit|p1a: Sharpedo","|-supereffective|p1a: Sharpedo","|-damage|p1a: Sharpedo|0 fnt","|-heal|p2a: Lopunny|162/271|[from] drain|[of] p1a: Sharpedo","|faint|p1a: Sharpedo","|","|","|switch|p1a: Keldeo|Keldeo|213/323","|turn|24","|","|move|p2a: Lopunny|Drain Punch|p1a: Keldeo","|-damage|p1a: Keldeo|36/323","|-heal|p2a: Lopunny|251/271|[from] drain|[of] p1a: Keldeo","|move|p1a: Keldeo|Secret Sword|p2a: Lopunny","|-supereffective|p2a: Lopunny","|-damage|p2a: Lopunny|0 fnt","|faint|p2a: Lopunny","|","|-heal|p1a: Keldeo|56/323|[from] item: Leftovers","|","|switch|p2a: Swellow|Swellow, M|261/261","|-damage|p2a: Swellow|196/261|[from] Stealth Rock","|turn|25","|","|move|p2a: Swellow|Facade|p1a: Keldeo","|-damage|p1a: Keldeo|0 fnt","|faint|p1a: Keldeo","|","|win|Axis WillWolf"],"p1rating":{"entryid":"10848","serverid":"eos","formatid":"monotype","userid":"swljyph","username":"SWL Jyph","w":"11","l":7,"t":"0","gxe":59.8,"r":"1592.9877604431","rd":"74.992925972029","sigma":"0","rptime":"1440579600","rpr":1576.2681361137,"rprd":73.5524072576,"rpsigma":"0","acre":1155.1525814955,"lacre":1155.1525814955,"oldacre":"1190.3616953168"},"p2rating":{"entryid":"468203","serverid":"eos","formatid":"monotype","userid":"axiswillwolf","username":"Axis WillWolf","w":3,"l":"4","t":"0","gxe":46.8,"r":"1535.9522996752","rd":"122.33358662183","sigma":"0","rptime":"1440579600","rpr":1474.7243677561,"rprd":95.077054056789,"rpsigma":"0","acre":1087.645669629,"lacre":1087.645669629,"oldacre":"1039.6973355496"},"endType":"normal"}