{"seed":[62255,24712,36694,17536],"turns":38,"p1":"SWL Jyph","p2":"V Icarus","p1team":[{"name":"Sharpedo","species":"Sharpedo","item":"sharpedonite","ability":"Speed Boost","moves":["protect","waterfall","icefang","crunch"],"nature":"Adamant","evs":{"hp":0,"atk":252,"def":0,"spa":0,"spd":4,"spe":252},"ivs":{"hp":31,"atk":31,"def":31,"spa":31,"spd":31,"spe":31}},{"name":"Gyarados","species":"Gyarados","item":"leftovers","ability":"Intimidate","moves":["substitute","dragondance","waterfall","bounce"],"nature":"Jolly","evs":{"hp":80,"atk":252,"def":0,"spa":0,"spd":0,"spe":176},"ivs":{"hp":31,"atk":31,"def":31,"spa":31,"spd":31,"spe":31}},{"name":"Swampert","species":"Swampert","item":"leftovers","ability":"Torrent","moves":["stealthrock","toxic","roar","earthquake"],"nature":"Impish","evs":{"hp":252,"atk":4,"def":252,"spa":0,"spd":0,"spe":0},"ivs":{"hp":31,"atk":31,"def":31,"spa":31,"spd":31,"spe":31}},{"name":"Lanturn","species":"Lanturn","item":"leftovers","ability":"Volt Absorb","moves":["healbell","voltswitch","scald","toxic"],"nature":"Calm","evs":{"hp":252,"atk":0,"def":0,"spa":4,"spd":252,"spe":0},"ivs":{"hp":31,"atk":31,"def":31,"spa":31,"spd":31,"spe":31}},{"name":"Keldeo","species":"Keldeo","item":"leftovers","ability":"Justified","moves":["substitute","calmmind","scald","secretsword"],"nature":"Timid","evs":{"hp":0,"atk":0,"def":4,"spa":252,"spd":0,"spe":252},"ivs":{"hp":31,"atk":31,"def":31,"spa":31,"spd":31,"spe":31}},{"name":"Empoleon","species":"Empoleon","item":"leftovers","ability":"Torrent","moves":["scald","defog","icebeam","knockoff"],"nature":"Calm","evs":{"hp":248,"atk":0,"def":0,"spa":8,"spd":252,"spe":0},"ivs":{"hp":31,"atk":31,"def":31,"spa":31,"spd":31,"spe":31}}],"p2team":[{"name":"Glalie","species":"Glalie","item":"glalitite","ability":"Inner Focus","moves":["iceshard","bodyslam","protect","earthquake"],"nature":"Jolly","evs":{"hp":4,"atk":252,"def":0,"spa":0,"spd":0,"spe":252},"shiny":true,"ivs":{"hp":31,"atk":31,"def":31,"spa":31,"spd":31,"spe":31}},{"name":"Regice","species":"Regice","item":"leftovers","ability":"Clear Body","moves":["blizzard","thunderbolt","hail","toxic"],"nature":"Modest","evs":{"hp":112,"atk":0,"def":156,"spa":240,"spd":0,"spe":0},"shiny":true,"ivs":{"hp":31,"atk":31,"def":31,"spa":31,"spd":31,"spe":31}},{"name":"Avalugg","species":"Avalugg","item":"leftovers","ability":"Sturdy","moves":["gyroball","rapidspin","recover","roar"],"nature":"Brave","evs":{"hp":236,"atk":0,"def":184,"spa":0,"spd":88,"spe":0},"ivs":{"hp":31,"atk":31,"def":31,"spa":31,"spd":31,"spe":0}},{"name":"Kyurem-Black","species":"Kyurem-Black","item":"lifeorb","ability":"Teravolt","moves":["roost","substitute","icebeam","earthpower"],"nature":"Timid","evs":{"hp":0,"atk":0,"def":0,"spa":252,"spd":4,"spe":252},"shiny":true,"ivs":{"hp":31,"atk":31,"def":31,"spa":31,"spd":31,"spe":31}},{"name":"Mamoswine","species":"Mamoswine","item":"focussash","ability":"Thick Fat","moves":["earthquake","iciclecrash","knockoff","stealthrock"],"nature":"Jolly","evs":{"hp":36,"atk":216,"def":4,"spa":0,"spd":0,"spe":252},"shiny":true,"ivs":{"hp":31,"atk":31,"def":31,"spa":31,"spd":31,"spe":31}},{"name":"Weavile","species":"Weavile","item":"focussash","ability":"Pickpocket","moves":["iciclecrash","knockoff","lowkick","swordsdance"],"nature":"Jolly","evs":{"hp":0,"atk":216,"def":40,"spa":0,"spd":0,"spe":252},"shiny":true,"ivs":{"hp":31,"atk":31,"def":31,"spa":31,"spd":31,"spe":31}}],"log":["|player|p1|SWL Jyph|swljyph.png","|player|p2|V Icarus|vicarus.png","|gametype|singles","|gen|6","|tier|Monotype","|rated","|rule|Baton Pass Clause: Limit one Baton Passer, can't pass Spe and other stats simultaneously","|rule|Swagger Clause: Swagger is banned","|rule|Same Type Clause: Pokémon in a team must share a type","|clearpoke","|poke|p1|Sharpedo, F","|poke|p1|Gyarados, M","|poke|p1|Swampert, F","|poke|p1|Lanturn, F","|poke|p1|Keldeo","|poke|p1|Empoleon, M","|poke|p2|Glalie, M, shiny","|poke|p2|Regice, shiny","|poke|p2|Avalugg, M","|poke|p2|Kyurem-Black, shiny","|poke|p2|Mamoswine, M, shiny","|poke|p2|Weavile, F, shiny","|rule|Sleep Clause Mod: Limit one foe put to sleep","|rule|Species Clause: Limit one of each Pokémon","|rule|OHKO Clause: OHKO moves are banned","|rule|Moody Clause: Moody is banned","|rule|Evasion Moves Clause: Evasion moves are banned","|rule|Endless Battle Clause: Forcing endless battles is banned","|rule|HP Percentage Mod: HP is shown in percentages","|teampreview","|","|start","|switch|p1a: Keldeo|Keldeo|323/323","|switch|p2a: Kyurem-Black|Kyurem-Black, shiny|391/391","|-ability|p2a: Kyurem-Black|Teravolt","|turn|1","|","|switch|p1a: Swampert|Swampert, F|404/404","|switch|p2a: Avalugg|Avalugg, M|390/390","|","|turn|2","|","|move|p1a: Swampert|Toxic|p2a: Avalugg|[miss]","|-miss|p1a: Swampert|p2a: Avalugg","|move|p2a: Avalugg|Roar|p1a: Swampert","|drag|p1a: Gyarados|Gyarados, M|351/351","|-ability|p1a: Gyarados|Intimidate","|-unboost|p2a: Avalugg|atk|1","|","|turn|3","|","|switch|p1a: Swampert|Swampert, F|404/404","|switch|p2a: Kyurem-Black|Kyurem-Black, shiny|391/391","|-ability|p2a: Kyurem-Black|Teravolt","|","|turn|4","|","|move|p2a: Kyurem-Black|Substitute|p2a: Kyurem-Black","|-start|p2a: Kyurem-Black|Substitute","|-damage|p2a: Kyurem-Black|294/391","|move|p1a: Swampert|Toxic|p2a: Kyurem-Black","|-fail|p2a: Kyurem-Black","|","|turn|5","|","|move|p2a: Kyurem-Black|Ice Beam|p1a: Swampert","|-damage|p1a: Swampert|178/404","|-damage|p2a: Kyurem-Black|255/391|[from] item: Life Orb","|move|p1a: Swampert|Roar|p2a: Kyurem-Black","|drag|p2a: Weavile|Weavile, F, shiny|281/281","|","|-heal|p1a: Swampert|203/404|[from] item: Leftovers","|turn|6","|","|move|p2a: Weavile|Icicle Crash|p1a: Swampert","|-damage|p1a: Swampert|103/404","|move|p1a: Swampert|Stealth Rock|p2a: Weavile","|-sidestart|p2: V Icarus|move: Stealth Rock","|","|-heal|p1a: Swampert|128/404|[from] item: Leftovers","|turn|7","|","|move|p2a: Weavile|Swords Dance|p2a: Weavile","|-boost|p2a: Weavile|atk|2","|move|p1a: Swampert|Earthquake|p2a: Weavile","|-crit|p2a: Weavile","|-damage|p2a: Weavile|31/281","|","|-heal|p1a: Swampert|153/404|[from] item: Leftovers","|turn|8","|","|move|p2a: Weavile|Knock Off|p1a: Swampert","|-damage|p1a: Swampert|0 fnt","|-enditem|p1a: Swampert|Leftovers|[from] move: Knock Off|[of] p2a: Weavile","|faint|p1a: Swampert","|","|","|switch|p1a: Gyarados|Gyarados, M|351/351","|-ability|p1a: Gyarados|Intimidate","|-unboost|p2a: Weavile|atk|1","|turn|9","|","|move|p2a: Weavile|Low Kick|p1a: Gyarados","|-resisted|p1a: Gyarados","|-damage|p1a: Gyarados|234/351","|move|p1a: Gyarados|Waterfall|p2a: Weavile","|-damage|p2a: Weavile|0 fnt","|faint|p2a: Weavile","|","|-heal|p1a: Gyarados|255/351|[from] item: Leftovers","|","|switch|p2a: Kyurem-Black|Kyurem-Black, shiny|255/391","|-damage|p2a: Kyurem-Black|158/391|[from] Stealth Rock","|-ability|p2a: Kyurem-Black|Teravolt","|turn|10","|","|switch|p1a: Empoleon|Empoleon, M|371/371","|move|p2a: Kyurem-Black|Roost|p2a: Kyurem-Black","|-heal|p2a: Kyurem-Black|354/391","|","|turn|11","|","|move|p2a: Kyurem-Black|Substitute|p2a: Kyurem-Black","|-start|p2a: Kyurem-Black|Substitute","|-damage|p2a: Kyurem-Black|257/391","|move|p1a: Empoleon|Knock Off|p2a: Kyurem-Black","|-activate|p2a: Kyurem-Black|Substitute|[damage]","|","|turn|12","|","|move|p2a: Kyurem-Black|Earth Power|p1a: Empoleon","|-supereffective|p1a: Empoleon","|-damage|p1a: Empoleon|179/371","|-damage|p2a: Kyurem-Black|218/391|[from] item: Life Orb","|move|p1a: Empoleon|Knock Off|p2a: Kyurem-Black","|-end|p2a: Kyurem-Black|Substitute","|","|-heal|p1a: Empoleon|202/371|[from] item: Leftovers","|turn|13","|","|move|p2a: Kyurem-Black|Substitute|p2a: Kyurem-Black","|-start|p2a: Kyurem-Black|Substitute","|-damage|p2a: Kyurem-Black|121/391","|move|p1a: Empoleon|Knock Off|p2a: Kyurem-Black","|-activate|p2a: Kyurem-Black|Substitute|[damage]","|","|-heal|p1a: Empoleon|225/371|[from] item: Leftovers","|turn|14","|","|move|p2a: Kyurem-Black|Roost|p2a: Kyurem-Black","|-heal|p2a: Kyurem-Black|317/391","|move|p1a: Empoleon|Knock Off|p2a: Kyurem-Black","|-end|p2a: Kyurem-Black|Substitute","|","|-heal|p1a: Empoleon|248/371|[from] item: Leftovers","|turn|15","|","|move|p2a: Kyurem-Black|Substitute|p2a: Kyurem-Black","|-start|p2a: Kyurem-Black|Substitute","|-damage|p2a: Kyurem-Black|220/391","|move|p1a: Empoleon|Ice Beam|p2a: Kyurem-Black","|-activate|p2a: Kyurem-Black|Substitute|[damage]","|","|-heal|p1a: Empoleon|271/371|[from] item: Leftovers","|turn|16","|","|move|p2a: Kyurem-Black|Earth Power|p1a: Empoleon","|-supereffective|p1a: Empoleon","|-damage|p1a: Empoleon|97/371","|-unboost|p1a: Empoleon|spd|1","|-damage|p2a: Kyurem-Black|181/391|[from] item: Life Orb","|move|p1a: Empoleon|Ice Beam|p2a: Kyurem-Black","|-end|p2a: Kyurem-Black|Substitute","|","|-heal|p1a: Empoleon|120/371|[from] item: Leftovers","|turn|17","|","|switch|p1a: Gyarados|Gyarados, M|255/351","|-ability|p1a: Gyarados|Intimidate","|-unboost|p2a: Kyurem-Black|atk|1","|move|p2a: Kyurem-Black|Substitute|p2a: Kyurem-Black","|-start|p2a: Kyurem-Black|Substitute","|-damage|p2a: Kyurem-Black|84/391","|","|-heal|p1a: Gyarados|276/351|[from] item: Leftovers","|turn|18","|","|move|p2a: Kyurem-Black|Roost|p2a: Kyurem-Black","|-heal|p2a: Kyurem-Black|280/391","|move|p1a: Gyarados|Bounce|p2a: Kyurem-Black|[still]","|-prepare|p1a: Gyarados|Bounce|p2a: Kyurem-Black","|","|-heal|p1a: Gyarados|297/351|[from] item: Leftovers","|turn|19","|","|move|p2a: Kyurem-Black|Roost|p2a: Kyurem-Black","|-heal|p2a: Kyurem-Black|391/391","|move|p1a: Gyarados|Bounce|p2a: Kyurem-Black|[from]lockedmove","|-end|p2a: Kyurem-Black|Substitute","|","|-heal|p1a: Gyarados|318/351|[from] item: Leftovers","|turn|20","|","|move|p2a: Kyurem-Black|Ice Beam|p1a: Gyarados","|-damage|p1a: Gyarados|131/351","|-damage|p2a: Kyurem-Black|352/391|[from] item: Life Orb","|move|p1a: Gyarados|Substitute|p1a: Gyarados","|-start|p1a: Gyarados|Substitute","|-damage|p1a: Gyarados|44/351","|","|-heal|p1a: Gyarados|65/351|[from] item: Leftovers","|turn|21","|","|move|p2a: Kyurem-Black|Ice Beam|p1a: Gyarados","|-end|p1a: Gyarados|Substitute","|-damage|p2a: Kyurem-Black|313/391|[from] item: Life Orb","|move|p1a: Gyarados|Dragon Dance|p1a: Gyarados","|-boost|p1a: Gyarados|atk|1","|-boost|p1a: Gyarados|spe|1","|","|-heal|p1a: Gyarados|86/351|[from] item: Leftovers","|turn|22","|","|move|p1a: Gyarados|Waterfall|p2a: Kyurem-Black","|-resisted|p2a: Kyurem-Black","|-damage|p2a: Kyurem-Black|211/391","|move|p2a: Kyurem-Black|Substitute|p2a: Kyurem-Black","|-start|p2a: Kyurem-Black|Substitute","|-damage|p2a: Kyurem-Black|114/391","|","|-heal|p1a: Gyarados|107/351|[from] item: Leftovers","|turn|23","|","|move|p1a: Gyarados|Waterfall|p2a: Kyurem-Black","|-resisted|p2a: Kyurem-Black","|-end|p2a: Kyurem-Black|Substitute","|move|p2a: Kyurem-Black|Roost|p2a: Kyurem-Black","|-heal|p2a: Kyurem-Black|310/391","|","|-heal|p1a: Gyarados|128/351|[from] item: Leftovers","|turn|24","|","|move|p1a: Gyarados|Waterfall|p2a: Kyurem-Black","|-resisted|p2a: Kyurem-Black","|-damage|p2a: Kyurem-Black|198/391","|move|p2a: Kyurem-Black|Ice Beam|p1a: Gyarados","|-damage|p1a: Gyarados|0 fnt","|-damage|p2a: Kyurem-Black|159/391|[from] item: Life Orb","|faint|p1a: Gyarados","|","|","|switch|p1a: Keldeo|Keldeo|323/323","|turn|25","|","|switch|p2a: Avalugg|Avalugg, M|390/390","|-damage|p2a: Avalugg|293/390|[from] Stealth Rock","|move|p1a: Keldeo|Secret Sword|p2a: Avalugg","|-supereffective|p2a: Avalugg","|-damage|p2a: Avalugg|131/390","|","|-heal|p2a: Avalugg|155/390|[from] item: Leftovers","|turn|26","|","|move|p1a: Keldeo|Secret Sword|p2a: Avalugg","|-supereffective|p2a: Avalugg","|-damage|p2a: Avalugg|3/390","|move|p2a: Avalugg|Rapid Spin|p1a: Keldeo","|-damage|p1a: Keldeo|301/323","|-sideend|p2: V Icarus|Stealth Rock|[from] move: Rapid Spin|[of] p2a: Avalugg","|","|-heal|p1a: Keldeo|321/323|[from] item: Leftovers","|-heal|p2a: Avalugg|27/390|[from] item: Leftovers","|turn|27","|","|move|p1a: Keldeo|Secret Sword|p2a: Avalugg","|-supereffective|p2a: Avalugg","|-damage|p2a: Avalugg|0 fnt","|faint|p2a: Avalugg","|","|-heal|p1a: Keldeo|323/323|[from] item: Leftovers","|","|switch|p2a: Mamoswine|Mamoswine, M, shiny|370/370","|turn|28","|","|switch|p1a: Empoleon|Empoleon, M|120/371","|move|p2a: Mamoswine|Earthquake|p1a: Empoleon","|-supereffective|p1a: Empoleon","|-damage|p1a: Empoleon|0 fnt","|faint|p1a: Empoleon","|","|","|switch|p1a: Keldeo|Keldeo|323/323","|turn|29","|","|switch|p2a: Regice|Regice, shiny|329/329","|move|p1a: Keldeo|Scald|p2a: Regice","|-damage|p2a: Regice|254/329","|","|-heal|p2a: Regice|274/329|[from] item: Leftovers","|turn|30","|","|move|p1a: Keldeo|Substitute|p1a: Keldeo","|-start|p1a: Keldeo|Substitute","|-damage|p1a: Keldeo|243/323","|move|p2a: Regice|Toxic|p1a: Keldeo|[miss]","|-miss|p2a: Regice|p1a: Keldeo","|","|-heal|p1a: Keldeo|263/323|[from] item: Leftovers","|-heal|p2a: Regice|294/329|[from] item: Leftovers","|turn|31","|","|move|p1a: Keldeo|Calm Mind|p1a: Keldeo","|-boost|p1a: Keldeo|spa|1","|-boost|p1a: Keldeo|spd|1","|move|p2a: Regice|Thunderbolt|p1a: Keldeo","|-supereffective|p1a: Keldeo","|-end|p1a: Keldeo|Substitute","|","|-heal|p1a: Keldeo|283/323|[from] item: Leftovers","|-heal|p2a: Regice|314/329|[from] item: Leftovers","|turn|32","|","|move|p1a: Keldeo|Calm Mind|p1a: Keldeo","|-boost|p1a: Keldeo|spa|1","|-boost|p1a: Keldeo|spd|1","|move|p2a: Regice|Thunderbolt|p1a: Keldeo","|-supereffective|p1a: Keldeo","|-damage|p1a: Keldeo|179/323","|","|-heal|p1a: Keldeo|199/323|[from] item: Leftovers","|-heal|p2a: Regice|329/329|[from] item: Leftovers","|turn|33","|","|move|p1a: Keldeo|Secret Sword|p2a: Regice","|-supereffective|p2a: Regice","|-damage|p2a: Regice|0 fnt","|faint|p2a: Regice","|","|-heal|p1a: Keldeo|219/323|[from] item: Leftovers","|","|switch|p2a: Mamoswine|Mamoswine, M, shiny|370/370","|turn|34","|","|move|p1a: Keldeo|Scald|p2a: Mamoswine","|-supereffective|p2a: Mamoswine","|-enditem|p2a: Mamoswine|Focus Sash","|-damage|p2a: Mamoswine|1/370","|move|p2a: Mamoswine|Earthquake|p1a: Keldeo","|-damage|p1a: Keldeo|27/323","|","|-heal|p1a: Keldeo|47/323|[from] item: Leftovers","|turn|35","|","|switch|p1a: Lanturn|Lanturn, F|454/454","|move|p2a: Mamoswine|Earthquake|p1a: Lanturn","|-supereffective|p1a: Lanturn","|-damage|p1a: Lanturn|0 fnt","|faint|p1a: Lanturn","|","|","|switch|p1a: Sharpedo|Sharpedo, F|281/281","|turn|36","|","|move|p1a: Sharpedo|Crunch|p2a: Mamoswine","|-damage|p2a: Mamoswine|0 fnt","|faint|p2a: Mamoswine","|","|-boost|p1a: Sharpedo|spe|1|[from] ability: Speed Boost","|","|switch|p2a: Glalie|Glalie, M, shiny|302/302","|turn|37","|","|detailschange|p1a: Sharpedo|Sharpedo-Mega, F","|-mega|p1a: Sharpedo|Sharpedo|Sharpedonite","|detailschange|p2a: Glalie|Glalie-Mega, M, shiny","|-mega|p2a: Glalie|Glalie|Glalitite","|move|p1a: Sharpedo|Crunch|p2a: Glalie","|-damage|p2a: Glalie|0 fnt","|faint|p2a: Glalie","|","|","|switch|p2a: Kyurem-Black|Kyurem-Black, shiny|159/391","|-ability|p2a: Kyurem-Black|Teravolt","|turn|38","|","|move|p1a: Sharpedo|Crunch|p2a: Kyurem-Black","|-damage|p2a: Kyurem-Black|0 fnt","|faint|p2a: Kyurem-Black","|","|win|SWL Jyph"],"p1rating":{"entryid":"10848","serverid":"eos","formatid":"monotype","userid":"swljyph","username":"SWL Jyph","w":13,"l":"8","t":"0","gxe":60.6,"r":"1592.9877604431","rd":"74.992925972029","sigma":"0","rptime":"1440579600","rpr":1582.8281392911,"rprd":69.722515638763,"rpsigma":"0","acre":1170.2807646936,"lacre":1170.2807646936,"oldacre":"1147.3190063101"},"p2rating":{"entryid":"312374","serverid":"eos","formatid":"monotype","userid":"vicarus","username":"V Icarus","w":"4","l":2,"t":"0","gxe":57.7,"r":"1563.3279781395","rd":"116.31455219011","sigma":"0","rptime":"1440579600","rpr":1560.4617047124,"rprd":97.838846096176,"rpsigma":"0","acre":1095.9679271735,"lacre":1095.9679271735,"oldacre":"1118.929685557"},"endType":"normal"}