{"seed":[44669,53583,26773,11729],"turns":31,"p1":"Union Wevrm","p2":"key7","p1team":[{"name":"Flygon","species":"Flygon","item":"choiceband","ability":"Levitate","moves":["earthquake","stoneedge","outrage","superpower"],"nature":"Jolly","evs":{"hp":0,"atk":252,"def":0,"spa":0,"spd":4,"spe":252},"ivs":{"hp":31,"atk":31,"def":31,"spa":31,"spd":31,"spe":31}},{"name":"Zygarde","species":"Zygarde","item":"leftovers","ability":"Aura Break","moves":["dragondance","extremespeed","rockslide","substitute"],"nature":"Adamant","evs":{"hp":0,"atk":252,"def":0,"spa":0,"spd":4,"spe":252},"ivs":{"hp":31,"atk":31,"def":31,"spa":31,"spd":31,"spe":31}},{"name":"Latios","species":"Latios","item":"latiosite","ability":"Levitate","moves":["dracometeor","psychic","thunderbolt","dragonpulse"],"nature":"Timid","evs":{"hp":0,"atk":0,"def":0,"spa":252,"spd":4,"spe":252},"ivs":{"hp":31,"atk":31,"def":31,"spa":31,"spd":31,"spe":31}},{"name":"Noivern","species":"Noivern","item":"choicespecs","ability":"Frisk","moves":["airslash","boomburst","dracometeor","flamethrower"],"nature":"Timid","evs":{"hp":0,"atk":0,"def":0,"spa":252,"spd":4,"spe":252},"ivs":{"hp":31,"atk":31,"def":31,"spa":31,"spd":31,"spe":31}},{"name":"Kingdra","species":"Kingdra","item":"leftovers","ability":"Sniper","moves":["dragondance","outrage","bounce","waterfall"],"nature":"Adamant","evs":{"hp":0,"atk":0,"def":0,"spa":0,"spd":4,"spe":252},"ivs":{"hp":31,"atk":31,"def":31,"spa":31,"spd":31,"spe":31}},{"name":"Hydreigon","species":"Hydreigon","item":"lifeorb","ability":"Levitate","moves":["crunch","dragonrush","flamethrower","steelwing"],"nature":"Hasty","evs":{"hp":0,"atk":252,"def":0,"spa":4,"spd":0,"spe":252},"ivs":{"hp":31,"atk":31,"def":31,"spa":31,"spd":31,"spe":31}}],"p2team":[{"name":"Aggron","species":"Aggron","item":"lifeorb","ability":"Rock Head","moves":["rockpolish","headsmash","ironhead","earthquake"],"nature":"Adamant","evs":{"hp":0,"atk":252,"def":0,"spa":0,"spd":4,"spe":252},"ivs":{"hp":31,"atk":31,"def":31,"spa":31,"spd":31,"spe":31}},{"name":"Scizor","species":"Scizor","item":"scizorite","ability":"Technician","moves":["swordsdance","xscissor","bulletpunch","roost"],"nature":"Adamant","evs":{"hp":248,"atk":252,"def":0,"spa":0,"spd":8,"spe":0},"ivs":{"hp":31,"atk":31,"def":31,"spa":31,"spd":31,"spe":31}},{"name":"Lucario","species":"Lucario","item":"focussash","ability":"Inner Focus","moves":["nastyplot","aurasphere","flashcannon","vacuumwave"],"nature":"Timid","evs":{"hp":0,"atk":0,"def":0,"spa":252,"spd":4,"spe":252},"ivs":{"hp":31,"atk":31,"def":31,"spa":31,"spd":31,"spe":31}},{"name":"Heatran","species":"Heatran","item":"airballoon","ability":"Flash Fire","moves":["fireblast","flashcannon","earthpower","protect"],"nature":"Modest","evs":{"hp":240,"atk":0,"def":0,"spa":252,"spd":8,"spe":8},"ivs":{"hp":31,"atk":31,"def":31,"spa":31,"spd":31,"spe":31}},{"name":"Skarmory","species":"Skarmory","item":"leftovers","ability":"Sturdy","moves":["spikes","toxic","protect","bravebird"],"nature":"Impish","evs":{"hp":252,"atk":0,"def":232,"spa":0,"spd":0,"spe":24},"ivs":{"hp":31,"atk":31,"def":31,"spa":31,"spd":31,"spe":31}},{"name":"Registeel","species":"Registeel","item":"leftovers","ability":"Clear Body","moves":["stealthrock","protect","toxic","seismictoss"],"nature":"Calm","evs":{"hp":252,"atk":0,"def":4,"spa":0,"spd":252,"spe":0},"ivs":{"hp":31,"atk":31,"def":31,"spa":31,"spd":31,"spe":31}}],"log":["|player|p1|Union Wevrm|unionwevrm.png","|player|p2|key7|key7.png","|gametype|singles","|gen|6","|tier|Monotype","|rated","|rule|Baton Pass Clause: Limit one Baton Passer, can't pass Spe and other stats simultaneously","|rule|Swagger Clause: Swagger is banned","|rule|Same Type Clause: Pokémon in a team must share a type","|clearpoke","|poke|p1|Flygon, M","|poke|p1|Zygarde","|poke|p1|Latios, M","|poke|p1|Noivern, F","|poke|p1|Kingdra, F","|poke|p1|Hydreigon, M","|poke|p2|Aggron, F","|poke|p2|Scizor, M","|poke|p2|Lucario, F","|poke|p2|Heatran, M","|poke|p2|Skarmory, F","|poke|p2|Registeel","|rule|Sleep Clause Mod: Limit one foe put to sleep","|rule|Species Clause: Limit one of each Pokémon","|rule|OHKO Clause: OHKO moves are banned","|rule|Moody Clause: Moody is banned","|rule|Evasion Moves Clause: Evasion moves are banned","|rule|Endless Battle Clause: Forcing endless battles is banned","|rule|HP Percentage Mod: HP is shown in percentages","|teampreview","|","|start","|switch|p1a: Flygon|Flygon, M|301/301","|switch|p2a: Registeel|Registeel|364/364","|turn|1","|","|switch|p2a: Skarmory|Skarmory, F|334/334","|move|p1a: Flygon|Earthquake|p2a: Skarmory","|-immune|p2a: Skarmory|[msg]","|","|turn|2","|","|switch|p1a: Hydreigon|Hydreigon, M|325/325","|move|p2a: Skarmory|Toxic|p1a: Hydreigon","|-status|p1a: Hydreigon|tox","|","|-damage|p1a: Hydreigon|305/325 tox|[from] psn","|turn|3","|","|move|p2a: Skarmory|Protect|p2a: Skarmory","|-singleturn|p2a: Skarmory|Protect","|move|p1a: Hydreigon|Flamethrower|p2a: Skarmory","|-activate|p2a: Skarmory|Protect","|","|-damage|p1a: Hydreigon|265/325 tox|[from] psn","|turn|4","|","|switch|p2a: Heatran|Heatran, M|383/383","|-item|p2a: Heatran|Air Balloon","|move|p1a: Hydreigon|Crunch|p2a: Heatran","|-damage|p2a: Heatran|218/383","|-enditem|p2a: Heatran|Air Balloon","|-damage|p1a: Hydreigon|233/325 tox|[from] item: Life Orb","|","|-damage|p1a: Hydreigon|173/325 tox|[from] psn","|turn|5","|","|move|p2a: Heatran|Protect|p2a: Heatran","|-singleturn|p2a: Heatran|Protect","|move|p1a: Hydreigon|Crunch|p2a: Heatran","|-activate|p2a: Heatran|Protect","|","|-damage|p1a: Hydreigon|93/325 tox|[from] psn","|turn|6","|","|switch|p1a: Kingdra|Kingdra, F|291/291","|move|p2a: Heatran|Protect|p2a: Heatran","|-fail|p2a: Heatran","|","|turn|7","|","|move|p1a: Kingdra|Dragon Dance|p1a: Kingdra","|-boost|p1a: Kingdra|atk|1","|-boost|p1a: Kingdra|spe|1","|move|p2a: Heatran|Earth Power|p1a: Kingdra","|-damage|p1a: Kingdra|162/291","|","|-heal|p1a: Kingdra|180/291|[from] item: Leftovers","|turn|8","|","|move|p1a: Kingdra|Waterfall|p2a: Heatran","|-supereffective|p2a: Heatran","|-damage|p2a: Heatran|0 fnt","|faint|p2a: Heatran","|","|-heal|p1a: Kingdra|198/291|[from] item: Leftovers","|","|switch|p2a: Skarmory|Skarmory, F|334/334","|turn|9","|","|move|p1a: Kingdra|Waterfall|p2a: Skarmory","|-damage|p2a: Skarmory|249/334","|move|p2a: Skarmory|Toxic|p1a: Kingdra|[miss]","|-miss|p2a: Skarmory|p1a: Kingdra","|","|-heal|p1a: Kingdra|216/291|[from] item: Leftovers","|-heal|p2a: Skarmory|269/334|[from] item: Leftovers","|turn|10","|","|move|p1a: Kingdra|Waterfall|p2a: Skarmory","|-damage|p2a: Skarmory|184/334","|move|p2a: Skarmory|Toxic|p1a: Kingdra","|-status|p1a: Kingdra|tox","|","|-heal|p1a: Kingdra|234/291 tox|[from] item: Leftovers","|-heal|p2a: Skarmory|204/334|[from] item: Leftovers","|-damage|p1a: Kingdra|216/291 tox|[from] psn","|turn|11","|","|move|p2a: Skarmory|Protect|p2a: Skarmory","|-singleturn|p2a: Skarmory|Protect","|move|p1a: Kingdra|Waterfall|p2a: Skarmory","|-activate|p2a: Skarmory|Protect","|","|-heal|p1a: Kingdra|234/291 tox|[from] item: Leftovers","|-heal|p2a: Skarmory|224/334|[from] item: Leftovers","|-damage|p1a: Kingdra|198/291 tox|[from] psn","|turn|12","|","|move|p1a: Kingdra|Dragon Dance|p1a: Kingdra","|-boost|p1a: Kingdra|atk|1","|-boost|p1a: Kingdra|spe|1","|move|p2a: Skarmory|Spikes|p1a: Kingdra","|-sidestart|p1: Union Wevrm|Spikes","|","|-heal|p1a: Kingdra|216/291 tox|[from] item: Leftovers","|-heal|p2a: Skarmory|244/334|[from] item: Leftovers","|-damage|p1a: Kingdra|162/291 tox|[from] psn","|turn|13","|","|move|p1a: Kingdra|Dragon Dance|p1a: Kingdra","|-boost|p1a: Kingdra|atk|1","|-boost|p1a: Kingdra|spe|1","|move|p2a: Skarmory|Brave Bird|p1a: Kingdra","|-damage|p1a: Kingdra|44/291 tox","|-damage|p2a: Skarmory|205/334|[from] recoil|[of] p1a: Kingdra","|","|-heal|p1a: Kingdra|62/291 tox|[from] item: Leftovers","|-heal|p2a: Skarmory|225/334|[from] item: Leftovers","|-damage|p1a: Kingdra|0 fnt|[from] psn","|faint|p1a: Kingdra","|","|switch|p1a: Hydreigon|Hydreigon, M|93/325 tox","|turn|14","|","|switch|p1a: Noivern|Noivern, F|311/311","|-item|p2a: Skarmory|Leftovers|[from] ability: Frisk|[of] p1a: Noivern|[identify]","|move|p2a: Skarmory|Protect|p2a: Skarmory","|-fail|p2a: Skarmory","|","|-heal|p2a: Skarmory|245/334|[from] item: Leftovers","|turn|15","|","|move|p2a: Skarmory|Protect|p2a: Skarmory","|-singleturn|p2a: Skarmory|Protect","|move|p1a: Noivern|Flamethrower|p2a: Skarmory","|-activate|p2a: Skarmory|Protect","|","|-heal|p2a: Skarmory|265/334|[from] item: Leftovers","|turn|16","|","|move|p1a: Noivern|Flamethrower|p2a: Skarmory","|-supereffective|p2a: Skarmory","|-damage|p2a: Skarmory|0 fnt","|faint|p2a: Skarmory","|","|","|switch|p2a: Registeel|Registeel|364/364","|turn|17","|","|move|p1a: Noivern|Flamethrower|p2a: Registeel","|-supereffective|p2a: Registeel","|-damage|p2a: Registeel|224/364","|move|p2a: Registeel|Toxic|p1a: Noivern","|-status|p1a: Noivern|tox","|","|-heal|p2a: Registeel|246/364|[from] item: Leftovers","|-damage|p1a: Noivern|292/311 tox|[from] psn","|turn|18","|","|move|p2a: Registeel|Protect|p2a: Registeel","|-singleturn|p2a: Registeel|Protect","|move|p1a: Noivern|Flamethrower|p2a: Registeel","|-activate|p2a: Registeel|Protect","|","|-heal|p2a: Registeel|268/364|[from] item: Leftovers","|-damage|p1a: Noivern|254/311 tox|[from] psn","|turn|19","|","|move|p1a: Noivern|Flamethrower|p2a: Registeel","|-supereffective|p2a: Registeel","|-damage|p2a: Registeel|122/364","|move|p2a: Registeel|Stealth Rock|p1a: Noivern","|-sidestart|p1: Union Wevrm|move: Stealth Rock","|","|-heal|p2a: Registeel|144/364|[from] item: Leftovers","|-damage|p1a: Noivern|197/311 tox|[from] psn","|turn|20","|","|switch|p1a: Flygon|Flygon, M|301/301","|-damage|p1a: Flygon|283/301|[from] Stealth Rock","|move|p2a: Registeel|Seismic Toss|p1a: Flygon","|-damage|p1a: Flygon|183/301","|","|-heal|p2a: Registeel|166/364|[from] item: Leftovers","|turn|21","|","|move|p1a: Flygon|Earthquake|p2a: Registeel","|-supereffective|p2a: Registeel","|-damage|p2a: Registeel|0 fnt","|faint|p2a: Registeel","|","|","|switch|p2a: Scizor|Scizor, M|343/343","|turn|22","|","|detailschange|p2a: Scizor|Scizor-Mega, M","|-mega|p2a: Scizor|Scizor|Scizorite","|move|p1a: Flygon|Earthquake|p2a: Scizor","|-damage|p2a: Scizor|183/343","|move|p2a: Scizor|Swords Dance|p2a: Scizor","|-boost|p2a: Scizor|atk|2","|","|turn|23","|","|move|p2a: Scizor|Bullet Punch|p1a: Flygon","|-crit|p1a: Flygon","|-damage|p1a: Flygon|0 fnt","|faint|p1a: Flygon","|","|","|switch|p1a: Zygarde|Zygarde|357/357","|-damage|p1a: Zygarde|313/357|[from] Spikes","|-damage|p1a: Zygarde|291/357|[from] Stealth Rock","|-ability|p1a: Zygarde|Aura Break","|turn|24","|","|move|p2a: Scizor|Bullet Punch|p1a: Zygarde","|-damage|p1a: Zygarde|75/357","|move|p1a: Zygarde|Rock Slide|p2a: Scizor","|-damage|p2a: Scizor|125/343","|","|-heal|p1a: Zygarde|97/357|[from] item: Leftovers","|turn|25","|","|move|p2a: Scizor|Bullet Punch|p1a: Zygarde","|-damage|p1a: Zygarde|0 fnt","|faint|p1a: Zygarde","|","|","|switch|p1a: Latios|Latios, M|301/301","|-damage|p1a: Latios|264/301|[from] Stealth Rock","|turn|26","|","|detailschange|p1a: Latios|Latios-Mega, M","|-mega|p1a: Latios|Latios|Latiosite","|move|p2a: Scizor|Bullet Punch|p1a: Latios","|-damage|p1a: Latios|15/301","|move|p1a: Latios|Draco Meteor|p2a: Scizor","|-resisted|p2a: Scizor","|-damage|p2a: Scizor|0 fnt","|-unboost|p1a: Latios|spa|2","|faint|p2a: Scizor","|","|","|switch|p2a: Lucario|Lucario, F|281/281","|turn|27","|","|move|p1a: Latios|Draco Meteor|p2a: Lucario","|-resisted|p2a: Lucario","|-damage|p2a: Lucario|190/281","|-unboost|p1a: Latios|spa|2","|move|p2a: Lucario|Nasty Plot|p2a: Lucario","|-boost|p2a: Lucario|spa|2","|","|turn|28","|","|move|p1a: Latios|Psychic|p2a: Lucario","|-damage|p2a: Lucario|99/281","|move|p2a: Lucario|Flash Cannon|p1a: Latios","|-damage|p1a: Latios|0 fnt","|faint|p1a: Latios","|","|","|switch|p1a: Noivern|Noivern, F|197/311 tox","|-damage|p1a: Noivern|120/311 tox|[from] Stealth Rock","|-item|p2a: Lucario|Focus Sash|[from] ability: Frisk|[of] p1a: Noivern|[identify]","|turn|29","|","|move|p2a: Lucario|Vacuum Wave|p1a: Noivern","|-resisted|p1a: Noivern","|-damage|p1a: Noivern|39/311 tox","|move|p1a: Noivern|Flamethrower|p2a: Lucario","|-supereffective|p2a: Lucario","|-damage|p2a: Lucario|0 fnt","|faint|p2a: Lucario","|","|-damage|p1a: Noivern|20/311 tox|[from] psn","|","|switch|p2a: Aggron|Aggron, F|281/281","|turn|30","|","|move|p1a: Noivern|Flamethrower|p2a: Aggron","|-damage|p2a: Aggron|98/281","|move|p2a: Aggron|Rock Polish|p2a: Aggron","|-boost|p2a: Aggron|spe|2","|","|-damage|p1a: Noivern|0 fnt|[from] psn","|faint|p1a: Noivern","|","|switch|p1a: Hydreigon|Hydreigon, M|93/325 tox","|-damage|p1a: Hydreigon|53/325 tox|[from] Stealth Rock","|turn|31","|","|move|p2a: Aggron|Iron Head|p1a: Hydreigon","|-damage|p1a: Hydreigon|0 fnt","|-damage|p2a: Aggron|70/281|[from] item: Life Orb","|faint|p1a: Hydreigon","|","|win|key7"],"p1rating":{"entryid":"373318","serverid":"eos","formatid":"monotype","userid":"unionwevrm","username":"Union Wevrm","w":"16","l":17,"t":"0","gxe":48.5,"r":"1497.8852227557","rd":"59.960375022424","sigma":"0","rptime":"1440579600","rpr":1488.330581148,"rprd":57.755489488264,"rpsigma":"0","acre":1072.1774201051,"lacre":1072.1774201051,"oldacre":"1095.4942601676"},"p2rating":{"entryid":"188976","serverid":"eos","formatid":"monotype","userid":"key7","username":"key7","w":16,"l":"11","t":"0","gxe":60,"r":"1568.1237806876","rd":"65.399760701541","sigma":"0","rptime":"1440579600","rpr":1577.5371308691,"rprd":64.350384000144,"rpsigma":"0","acre":1133.8550329107,"lacre":1133.8550329107,"oldacre":"1109.8903202868"},"endType":"normal"}