{"seed":[13841,18247,49658,59801],"turns":23,"p1":"Emg GL Test Tech","p2":"Rain Zeref","p1team":[{"name":"FingerTrap","species":"hoopaunbound","item":"lifeorb","ability":"Magician","moves":["gunkshot","focusblast","psychic","hyperspacefury"],"nature":"Hasty","evs":{"hp":0,"atk":88,"def":0,"spa":168,"spd":0,"spe":252},"ivs":{"hp":31,"atk":31,"def":31,"spa":31,"spd":31,"spe":31}},{"name":"Gallade","species":"Gallade","item":"galladite","ability":"Steadfast","moves":["drainpunch","swordsdance","willowisp","shadowsneak"],"nature":"Jolly","evs":{"hp":4,"atk":252,"def":0,"spa":0,"spd":0,"spe":252},"ivs":{"hp":31,"atk":31,"def":31,"spa":31,"spd":31,"spe":31}},{"name":"Latios","species":"Latios","item":"choicescarf","ability":"Levitate","moves":["dracometeor","trick","psychic","defog"],"nature":"Timid","evs":{"hp":0,"atk":0,"def":0,"spa":252,"spd":4,"spe":252},"ivs":{"hp":31,"atk":31,"def":31,"spa":31,"spd":31,"spe":31}},{"name":"Miracle eye","species":"jirachi","item":"leftovers","ability":"Serene Grace","moves":["thunderwave","ironhead","healingwish","substitute"],"nature":"Careful","evs":{"hp":248,"atk":0,"def":0,"spa":0,"spd":228,"spe":32},"ivs":{"hp":31,"atk":31,"def":31,"spa":31,"spd":31,"spe":31}},{"name":"Bulky ORB","species":"deoxysdefense","item":"leftovers","ability":"Pressure","moves":["nightshade","recover","cosmicpower","toxic"],"nature":"Careful","evs":{"hp":252,"atk":0,"def":128,"spa":0,"spd":128,"spe":0},"ivs":{"hp":31,"atk":31,"def":31,"spa":31,"spd":31,"spe":31}},{"name":"No Duh !!!","species":"slowbro","item":"leftovers","ability":"Regenerator","moves":["scald","slackoff","fireblast","yawn"],"nature":"Bold","evs":{"hp":252,"atk":0,"def":200,"spa":0,"spd":56,"spe":0},"ivs":{"hp":31,"atk":31,"def":31,"spa":31,"spd":31,"spe":31}}],"p2team":[{"name":"Hydreigon","species":"Hydreigon","item":"lifeorb","ability":"Levitate","moves":["flamethrower","darkpulse","dracometeor","earthpower"],"nature":"Timid","evs":{"hp":0,"atk":0,"def":0,"spa":252,"spd":4,"spe":252},"gender":"F","shiny":true,"ivs":{"hp":31,"atk":31,"def":31,"spa":31,"spd":31,"spe":31}},{"name":"DEEZ NUTS!!","species":"weavile","item":"choicescarf","ability":"Pressure","moves":["iceshard","iciclecrash","knockoff","brickbreak"],"nature":"Adamant","evs":{"hp":0,"atk":252,"def":0,"spa":0,"spd":4,"spe":252},"gender":"F","ivs":{"hp":31,"atk":31,"def":31,"spa":31,"spd":31,"spe":31}},{"name":"DEEZ NUTS!!!","species":"mandibuzz","item":"leftovers","ability":"Overcoat","moves":["toxic","roost","foulplay","knockoff"],"nature":"Bold","evs":{"hp":252,"atk":0,"def":252,"spa":0,"spd":4,"spe":0},"ivs":{"hp":31,"atk":0,"def":31,"spa":31,"spd":31,"spe":31},"shiny":true},{"name":"DEEZ NUTS!!!!","species":"bisharp","item":"lumberry","ability":"Defiant","moves":["swordsdance","knockoff","suckerpunch","ironhead"],"nature":"Jolly","evs":{"hp":4,"atk":252,"def":0,"spa":0,"spd":0,"spe":252},"ivs":{"hp":31,"atk":31,"def":31,"spa":31,"spd":31,"spe":31}},{"name":"DEEZ NUTS!!!!!","species":"hoopaunbound","item":"choicescarf","ability":"Magician","moves":["drainpunch","hyperspacefury","gunkshot","zenheadbutt"],"nature":"Jolly","evs":{"hp":0,"atk":252,"def":0,"spa":0,"spd":4,"spe":252},"ivs":{"hp":31,"atk":31,"def":31,"spa":31,"spd":31,"spe":31}},{"name":"DEEZ NUTS!!!!!!","species":"tyranitar","item":"tyranitarite","ability":"Sand Stream","moves":["dragondance","stoneedge","crunch","earthquake"],"nature":"Jolly","evs":{"hp":0,"atk":252,"def":0,"spa":0,"spd":4,"spe":252},"ivs":{"hp":31,"atk":31,"def":31,"spa":31,"spd":31,"spe":31}}],"log":["|player|p1|Emg GL Test Tech|149","|player|p2|Rain Zeref|rainzeref.png","|gametype|singles","|gen|6","|tier|Monotype","|rated","|rule|Baton Pass Clause: Limit one Baton Passer, can't pass Spe and other stats simultaneously","|rule|Swagger Clause: Swagger is banned","|rule|Same Type Clause: Pokémon in a team must share a type","|clearpoke","|poke|p1|Hoopa-Unbound","|poke|p1|Gallade, M","|poke|p1|Latios, M","|poke|p1|Jirachi","|poke|p1|Deoxys-Defense","|poke|p1|Slowbro, M","|poke|p2|Hydreigon, F, shiny","|poke|p2|Weavile, F","|poke|p2|Mandibuzz, F, shiny","|poke|p2|Bisharp, M","|poke|p2|Hoopa-Unbound","|poke|p2|Tyranitar, F","|rule|Sleep Clause Mod: Limit one foe put to sleep","|rule|Species Clause: Limit one of each Pokémon","|rule|OHKO Clause: OHKO moves are banned","|rule|Moody Clause: Moody is banned","|rule|Evasion Moves Clause: Evasion moves are banned","|rule|Endless Battle Clause: Forcing endless battles is banned","|rule|HP Percentage Mod: HP is shown in percentages","|teampreview","|","|start","|switch|p1a: Gallade|Gallade, M|278/278","|switch|p2a: DEEZ NUTS!!!!|Bisharp, M|272/272","|turn|1","|","|switch|p2a: DEEZ NUTS!!!|Mandibuzz, F, shiny|424/424","|detailschange|p1a: Gallade|Gallade-Mega, M","|-mega|p1a: Gallade|Gallade|Galladite","|move|p1a: Gallade|Drain Punch|p2a: DEEZ NUTS!!!","|-damage|p2a: DEEZ NUTS!!!|318/424","|","|-heal|p2a: DEEZ NUTS!!!|344/424|[from] item: Leftovers","|turn|2","|","|move|p1a: Gallade|Will-O-Wisp|p2a: DEEZ NUTS!!!","|-status|p2a: DEEZ NUTS!!!|brn","|move|p2a: DEEZ NUTS!!!|Foul Play|p1a: Gallade","|-damage|p1a: Gallade|174/278","|","|-heal|p2a: DEEZ NUTS!!!|370/424 brn|[from] item: Leftovers","|-damage|p2a: DEEZ NUTS!!!|317/424 brn|[from] brn","|turn|3","|","|switch|p1a: No Duh !!!|Slowbro, M|394/394","|move|p2a: DEEZ NUTS!!!|Foul Play|p1a: No Duh !!!","|-supereffective|p1a: No Duh !!!","|-damage|p1a: No Duh !!!|342/394","|","|-heal|p2a: DEEZ NUTS!!!|343/424 brn|[from] item: Leftovers","|-heal|p1a: No Duh !!!|366/394|[from] item: Leftovers","|-damage|p2a: DEEZ NUTS!!!|290/424 brn|[from] brn","|turn|4","|","|move|p2a: DEEZ NUTS!!!|Toxic|p1a: No Duh !!!","|-status|p1a: No Duh !!!|tox","|move|p1a: No Duh !!!|Scald|p2a: DEEZ NUTS!!!","|-damage|p2a: DEEZ NUTS!!!|199/424 brn","|","|-heal|p2a: DEEZ NUTS!!!|225/424 brn|[from] item: Leftovers","|-heal|p1a: No Duh !!!|390/394 tox|[from] item: Leftovers","|-damage|p2a: DEEZ NUTS!!!|172/424 brn|[from] brn","|-damage|p1a: No Duh !!!|366/394 tox|[from] psn","|turn|5","|","|switch|p1a: Latios|Latios, M|301/301","|move|p2a: DEEZ NUTS!!!|Roost|p2a: DEEZ NUTS!!!","|-heal|p2a: DEEZ NUTS!!!|384/424 brn","|","|-heal|p2a: DEEZ NUTS!!!|410/424 brn|[from] item: Leftovers","|-damage|p2a: DEEZ NUTS!!!|357/424 brn|[from] brn","|turn|6","|","|move|p1a: Latios|Trick|p2a: DEEZ NUTS!!!","|-activate|p1a: Latios|move: Trick|[of] p2a: DEEZ NUTS!!!","|-item|p2a: DEEZ NUTS!!!|Choice Scarf|[from] move: Trick","|-item|p1a: Latios|Leftovers|[from] move: Trick","|move|p2a: DEEZ NUTS!!!|Knock Off|p1a: Latios","|-supereffective|p1a: Latios","|-damage|p1a: Latios|226/301","|-enditem|p1a: Latios|Leftovers|[from] move: Knock Off|[of] p2a: DEEZ NUTS!!!","|","|-damage|p2a: DEEZ NUTS!!!|304/424 brn|[from] brn","|turn|7","|","|switch|p1a: Gallade|Gallade-Mega, M|174/278","|move|p2a: DEEZ NUTS!!!|Knock Off|p1a: Gallade","|-damage|p1a: Gallade|155/278","|","|-damage|p2a: DEEZ NUTS!!!|251/424 brn|[from] brn","|turn|8","|","|move|p1a: Gallade|Drain Punch|p2a: DEEZ NUTS!!!","|-damage|p2a: DEEZ NUTS!!!|148/424 brn","|-heal|p1a: Gallade|207/278|[from] drain|[of] p2a: DEEZ NUTS!!!","|move|p2a: DEEZ NUTS!!!|Knock Off|p1a: Gallade","|-damage|p1a: Gallade|187/278","|","|-damage|p2a: DEEZ NUTS!!!|95/424 brn|[from] brn","|turn|9","|","|move|p1a: Gallade|Drain Punch|p2a: DEEZ NUTS!!!","|-damage|p2a: DEEZ NUTS!!!|0 fnt","|-heal|p1a: Gallade|235/278|[from] drain|[of] p2a: DEEZ NUTS!!!","|faint|p2a: DEEZ NUTS!!!","|","|","|switch|p2a: DEEZ NUTS!!!!!|Hoopa-Unbound|301/301","|turn|10","|","|switch|p1a: Latios|Latios, M|226/301","|move|p2a: DEEZ NUTS!!!!!|Hyperspace Fury|p1a: Latios","|-supereffective|p1a: Latios","|-damage|p1a: Latios|0 fnt","|-unboost|p2a: DEEZ NUTS!!!!!|def|1","|faint|p1a: Latios","|","|","|switch|p1a: FingerTrap|Hoopa-Unbound|301/301","|turn|11","|","|switch|p2a: DEEZ NUTS!!!!!!|Tyranitar, F|341/341","|-weather|Sandstorm","|move|p1a: FingerTrap|Hyperspace Fury|p2a: DEEZ NUTS!!!!!!","|-resisted|p2a: DEEZ NUTS!!!!!!","|-damage|p2a: DEEZ NUTS!!!!!!|236/341","|-unboost|p1a: FingerTrap|def|1","|-damage|p1a: FingerTrap|271/301|[from] item: Life Orb","|","|-weather|Sandstorm|[upkeep]","|-damage|p1a: FingerTrap|253/301|[from] sandstorm","|turn|12","|","|detailschange|p2a: DEEZ NUTS!!!!!!|Tyranitar-Mega, F","|-mega|p2a: DEEZ NUTS!!!!!!|Tyranitar|Tyranitarite","|move|p1a: FingerTrap|Focus Blast|p2a: DEEZ NUTS!!!!!!","|-supereffective|p2a: DEEZ NUTS!!!!!!","|-damage|p2a: DEEZ NUTS!!!!!!|0 fnt","|-damage|p1a: FingerTrap|223/301|[from] item: Life Orb","|faint|p2a: DEEZ NUTS!!!!!!","|","|-weather|Sandstorm|[upkeep]","|-damage|p1a: FingerTrap|205/301|[from] sandstorm","|","|switch|p2a: DEEZ NUTS!!!!!|Hoopa-Unbound|301/301","|turn|13","|","|move|p2a: DEEZ NUTS!!!!!|Hyperspace Fury|p1a: FingerTrap","|-damage|p1a: FingerTrap|0 fnt","|-unboost|p2a: DEEZ NUTS!!!!!|def|1","|faint|p1a: FingerTrap","|","|-weather|Sandstorm|[upkeep]","|-damage|p2a: DEEZ NUTS!!!!!|283/301|[from] sandstorm","|","|switch|p1a: No Duh !!!|Slowbro, M|394/394 tox","|turn|14","|","|move|p2a: DEEZ NUTS!!!!!|Hyperspace Fury|p1a: No Duh !!!","|-supereffective|p1a: No Duh !!!","|-damage|p1a: No Duh !!!|122/394 tox","|-unboost|p2a: DEEZ NUTS!!!!!|def|1","|move|p1a: No Duh !!!|Scald|p2a: DEEZ NUTS!!!!!","|-damage|p2a: DEEZ NUTS!!!!!|205/301","|","|-weather|Sandstorm|[upkeep]","|-damage|p2a: DEEZ NUTS!!!!!|187/301|[from] sandstorm","|-damage|p1a: No Duh !!!|98/394 tox|[from] sandstorm","|-heal|p1a: No Duh !!!|122/394 tox|[from] item: Leftovers","|-damage|p1a: No Duh !!!|98/394 tox|[from] psn","|turn|15","|","|move|p2a: DEEZ NUTS!!!!!|Hyperspace Fury|p1a: No Duh !!!","|-supereffective|p1a: No Duh !!!","|-damage|p1a: No Duh !!!|0 fnt","|-unboost|p2a: DEEZ NUTS!!!!!|def|1","|faint|p1a: No Duh !!!","|","|-weather|none","|","|switch|p1a: Gallade|Gallade-Mega, M|235/278","|turn|16","|","|switch|p2a: DEEZ NUTS!!!!|Bisharp, M|272/272","|move|p1a: Gallade|Shadow Sneak|p2a: DEEZ NUTS!!!!","|-resisted|p2a: DEEZ NUTS!!!!","|-damage|p2a: DEEZ NUTS!!!!|242/272","|","|turn|17","|","|move|p2a: DEEZ NUTS!!!!|Sucker Punch|p1a: Gallade","|-fail|p2a: DEEZ NUTS!!!!","|move|p1a: Gallade|Swords Dance|p1a: Gallade","|-boost|p1a: Gallade|atk|2","|","|turn|18","|","|move|p2a: DEEZ NUTS!!!!|Sucker Punch|p1a: Gallade","|-fail|p2a: DEEZ NUTS!!!!","|move|p1a: Gallade|Will-O-Wisp|p2a: DEEZ NUTS!!!!","|-status|p2a: DEEZ NUTS!!!!|brn","|-enditem|p2a: DEEZ NUTS!!!!|Lum Berry|[eat]","|-curestatus|p2a: DEEZ NUTS!!!!|brn","|","|turn|19","|","|move|p1a: Gallade|Drain Punch|p2a: DEEZ NUTS!!!!","|-supereffective|p2a: DEEZ NUTS!!!!","|-damage|p2a: DEEZ NUTS!!!!|0 fnt","|-heal|p1a: Gallade|278/278|[from] drain|[of] p2a: DEEZ NUTS!!!!","|faint|p2a: DEEZ NUTS!!!!","|","|","|switch|p2a: DEEZ NUTS!!|Weavile, F|281/281","|-ability|p2a: DEEZ NUTS!!|Pressure","|turn|20","|","|move|p2a: DEEZ NUTS!!|Icicle Crash|p1a: Gallade","|-damage|p1a: Gallade|104/278","|move|p1a: Gallade|Drain Punch|p2a: DEEZ NUTS!!","|-supereffective|p2a: DEEZ NUTS!!","|-damage|p2a: DEEZ NUTS!!|0 fnt","|-heal|p1a: Gallade|245/278|[from] drain|[of] p2a: DEEZ NUTS!!","|faint|p2a: DEEZ NUTS!!","|","|","|switch|p2a: DEEZ NUTS!!!!!|Hoopa-Unbound|187/301","|turn|21","|","|move|p1a: Gallade|Shadow Sneak|p2a: DEEZ NUTS!!!!!","|-damage|p2a: DEEZ NUTS!!!!!|26/301","|move|p2a: DEEZ NUTS!!!!!|Hyperspace Fury|p1a: Gallade","|-damage|p1a: Gallade|41/278","|-unboost|p2a: DEEZ NUTS!!!!!|def|1","|","|turn|22","|","|move|p1a: Gallade|Shadow Sneak|p2a: DEEZ NUTS!!!!!","|-damage|p2a: DEEZ NUTS!!!!!|0 fnt","|faint|p2a: DEEZ NUTS!!!!!","|","|","|switch|p2a: Hydreigon|Hydreigon, F, shiny|325/325","|turn|23","|","|move|p1a: Gallade|Drain Punch|p2a: Hydreigon","|-supereffective|p2a: Hydreigon","|-damage|p2a: Hydreigon|0 fnt","|-heal|p1a: Gallade|204/278|[from] drain|[of] p2a: Hydreigon","|faint|p2a: Hydreigon","|","|win|Emg GL Test Tech"],"p1rating":{"entryid":"437770","serverid":"eos","formatid":"monotype","userid":"emggltesttech","username":"Emg GL Test Tech","w":11,"l":"5","t":"0","gxe":63.1,"r":"1543.9237951074","rd":"111.00780181906","sigma":"0","rptime":"1440579600","rpr":1603.1731213284,"rprd":75.701365190248,"rpsigma":"0","acre":1157.9868470773,"lacre":1157.9868470773,"oldacre":"1137.4961645831"},"p2rating":{"entryid":"191502","serverid":"eos","formatid":"monotype","userid":"rainzeref","username":"Rain Zeref","w":"7","l":22,"t":"0","gxe":33.3,"r":"1373.3715900998","rd":"65.033715773295","sigma":"0","rptime":"1440579600","rpr":1367.0171345895,"rprd":64.225148674349,"rpsigma":"0","acre":1056.8243262208,"lacre":1056.8243262208,"oldacre":"1074.1350680672"},"endType":"normal"}