{"seed":[16275,58357,25742,47965],"turns":26,"p1":"Alpha알파α리더LeadèR","p2":"Apex✦Reborn","p1team":[{"name":"Tornadus-Therian","species":"Tornadus-Therian","item":"assaultvest","ability":"Regenerator","moves":["hurricane","heatwave","knockoff","uturn"],"nature":"Modest","evs":{"hp":112,"atk":0,"def":0,"spa":200,"spd":0,"spe":196},"shiny":true,"ivs":{"hp":31,"atk":31,"def":31,"spa":31,"spd":31,"spe":31}},{"name":"Landorus-Therian","species":"Landorus-Therian","item":"choicescarf","ability":"Intimidate","moves":["uturn","knockoff","earthquake","rockslide"],"nature":"Jolly","evs":{"hp":4,"atk":252,"def":0,"spa":0,"spd":0,"spe":252},"ivs":{"hp":31,"atk":31,"def":31,"spa":31,"spd":31,"spe":31}},{"name":"Skarmory","species":"Skarmory","item":"rockyhelmet","ability":"Sturdy","moves":["ironhead","roost","defog","stealthrock"],"nature":"Impish","evs":{"hp":252,"atk":0,"def":212,"spa":0,"spd":44,"spe":0},"shiny":true,"ivs":{"hp":31,"atk":31,"def":31,"spa":31,"spd":31,"spe":31}},{"name":"Thundurus-Therian","species":"Thundurus-Therian","item":"lifeorb","ability":"Volt Absorb","moves":["hiddenpowerice","grassknot","focusblast","voltswitch"],"nature":"Timid","evs":{"hp":4,"atk":0,"def":0,"spa":252,"spd":0,"spe":252},"ivs":{"hp":31,"atk":30,"def":30,"spa":31,"spd":31,"spe":31}},{"name":"Gyarados","species":"Gyarados","item":"gyaradosite","ability":"Intimidate","moves":["dragondance","earthquake","waterfall","icefang"],"nature":"Adamant","evs":{"hp":0,"atk":252,"def":0,"spa":0,"spd":4,"spe":252},"ivs":{"hp":31,"atk":31,"def":31,"spa":31,"spd":31,"spe":31}},{"name":"Dragonite","species":"Dragonite","item":"weaknesspolicy","ability":"Multiscale","moves":["extremespeed","dragondance","firepunch","dragonclaw"],"nature":"Adamant","evs":{"hp":4,"atk":252,"def":0,"spa":0,"spd":0,"spe":252},"ivs":{"hp":31,"atk":31,"def":31,"spa":31,"spd":31,"spe":31}}],"p2team":[{"name":"Shuckle","species":"Shuckle","item":"mentalherb","ability":"Sturdy","moves":["stickyweb","encore","toxic","stealthrock"],"nature":"Calm","evs":{"hp":248,"atk":0,"def":8,"spa":0,"spd":252,"spe":0},"ivs":{"hp":31,"atk":31,"def":31,"spa":31,"spd":31,"spe":31}},{"name":"Scizor","species":"Scizor","item":"lifeorb","ability":"Technician","moves":["bulletpunch","swordsdance","roost","quickattack"],"nature":"Adamant","evs":{"hp":248,"atk":252,"def":0,"spa":0,"spd":8,"spe":0},"ivs":{"hp":31,"atk":31,"def":31,"spa":31,"spd":31,"spe":31}},{"name":"Volcarona","species":"Volcarona","item":"lifeorb","ability":"Flame Body","moves":["fierydance","bugbuzz","gigadrain","quiverdance"],"nature":"Timid","evs":{"hp":4,"atk":0,"def":0,"spa":252,"spd":0,"spe":252},"ivs":{"hp":31,"atk":31,"def":31,"spa":31,"spd":31,"spe":31}},{"name":"Galvantula","species":"Galvantula","item":"focussash","ability":"Compound Eyes","moves":["thunder","stickyweb","thunderwave","bugbuzz"],"nature":"Timid","evs":{"hp":0,"atk":0,"def":0,"spa":252,"spd":4,"spe":252},"ivs":{"hp":31,"atk":31,"def":31,"spa":31,"spd":31,"spe":31}},{"name":"Beedrill","species":"Beedrill","item":"beedrillite","ability":"Swarm","moves":["uturn","xscissor","poisonjab","defog"],"nature":"Jolly","evs":{"hp":0,"atk":252,"def":0,"spa":0,"spd":4,"spe":252},"ivs":{"hp":31,"atk":31,"def":31,"spa":31,"spd":31,"spe":31}},{"name":"Armaldo","species":"Armaldo","item":"lifeorb","ability":"Swift Swim","moves":["rapidspin","stoneedge","xscissor","aquajet"],"nature":"","evs":{"hp":0,"atk":0,"def":0,"spa":0,"spd":0,"spe":0},"ivs":{"hp":31,"atk":31,"def":31,"spa":31,"spd":31,"spe":31}}],"log":["|player|p1|Alpha알파α리더LeadèR|alphakyurem.gif","|player|p2|Apex✦Reborn|160","|gametype|singles","|gen|6","|tier|Monotype","|rated","|rule|Baton Pass Clause: Limit one Baton Passer, can't pass Spe and other stats simultaneously","|rule|Swagger Clause: Swagger is banned","|rule|Same Type Clause: Pokémon in a team must share a type","|clearpoke","|poke|p1|Tornadus-Therian, M, shiny","|poke|p1|Landorus-Therian, M","|poke|p1|Skarmory, F, shiny","|poke|p1|Thundurus-Therian, M","|poke|p1|Gyarados, M","|poke|p1|Dragonite, F","|poke|p2|Shuckle, M","|poke|p2|Scizor, M","|poke|p2|Volcarona, M","|poke|p2|Galvantula, M","|poke|p2|Beedrill, F","|poke|p2|Armaldo, F","|rule|Sleep Clause Mod: Limit one foe put to sleep","|rule|Species Clause: Limit one of each Pokémon","|rule|OHKO Clause: OHKO moves are banned","|rule|Moody Clause: Moody is banned","|rule|Evasion Moves Clause: Evasion moves are banned","|rule|Endless Battle Clause: Forcing endless battles is banned","|rule|HP Percentage Mod: HP is shown in percentages","|teampreview","|","|start","|switch|p1a: Thundurus-Therian|Thundurus-Therian, M|300/300","|switch|p2a: Shuckle|Shuckle, M|243/243","|turn|1","|","|move|p1a: Thundurus-Therian|Focus Blast|p2a: Shuckle","|-damage|p2a: Shuckle|170/243","|-damage|p1a: Thundurus-Therian|270/300|[from] item: Life Orb","|move|p2a: Shuckle|Toxic|p1a: Thundurus-Therian|[miss]","|-miss|p2a: Shuckle|p1a: Thundurus-Therian","|","|turn|2","|","|move|p1a: Thundurus-Therian|Volt Switch|p2a: Shuckle","|-damage|p2a: Shuckle|104/243","|-damage|p1a: Thundurus-Therian|240/300|[from] item: Life Orb","|","|switch|p1a: Skarmory|Skarmory, F, shiny|334/334","|move|p2a: Shuckle|Sticky Web|p1a: Skarmory","|-sidestart|p1: Alpha알파α리더LeadèR|move: Sticky Web","|","|turn|3","|","|move|p1a: Skarmory|Iron Head|p2a: Shuckle","|-supereffective|p2a: Shuckle","|-damage|p2a: Shuckle|24/243","|move|p2a: Shuckle|Encore|p1a: Skarmory","|-start|p1a: Skarmory|Encore","|","|turn|4","|","|switch|p2a: Volcarona|Volcarona, M|312/312","|move|p1a: Skarmory|Iron Head|p2a: Volcarona","|-resisted|p2a: Volcarona","|-damage|p2a: Volcarona|255/312","|","|turn|5","|","|switch|p1a: Tornadus-Therian|Tornadus-Therian, M, shiny|327/327","|move|p2a: Volcarona|Quiver Dance|p2a: Volcarona","|-boost|p2a: Volcarona|spa|1","|-boost|p2a: Volcarona|spd|1","|-boost|p2a: Volcarona|spe|1","|","|turn|6","|","|move|p2a: Volcarona|Fiery Dance|p1a: Tornadus-Therian","|-damage|p1a: Tornadus-Therian|132/327","|-damage|p2a: Volcarona|224/312|[from] item: Life Orb","|move|p1a: Tornadus-Therian|Hurricane|p2a: Volcarona","|-supereffective|p2a: Volcarona","|-damage|p2a: Volcarona|6/312","|","|turn|7","|","|switch|p1a: Gyarados|Gyarados, M|331/331","|-ability|p1a: Gyarados|Intimidate","|-unboost|p2a: Volcarona|atk|1","|move|p2a: Volcarona|Giga Drain|p1a: Gyarados","|-damage|p1a: Gyarados|157/331","|-heal|p2a: Volcarona|93/312|[from] drain|[of] p1a: Gyarados","|-damage|p2a: Volcarona|62/312|[from] item: Life Orb","|","|turn|8","|","|move|p2a: Volcarona|Giga Drain|p1a: Gyarados","|-damage|p1a: Gyarados|0 fnt","|-heal|p2a: Volcarona|141/312|[from] drain|[of] p1a: Gyarados","|-damage|p2a: Volcarona|110/312|[from] item: Life Orb","|faint|p1a: Gyarados","|","|","|switch|p1a: Landorus-Therian|Landorus-Therian, M|320/320","|-ability|p1a: Landorus-Therian|Intimidate","|-unboost|p2a: Volcarona|atk|1","|turn|9","|","|move|p2a: Volcarona|Giga Drain|p1a: Landorus-Therian","|-damage|p1a: Landorus-Therian|95/320","|-heal|p2a: Volcarona|223/312|[from] drain|[of] p1a: Landorus-Therian","|-damage|p2a: Volcarona|192/312|[from] item: Life Orb","|move|p1a: Landorus-Therian|Earthquake|p2a: Volcarona","|-damage|p2a: Volcarona|0 fnt","|faint|p2a: Volcarona","|","|","|switch|p2a: Scizor|Scizor, M|343/343","|turn|10","|","|switch|p1a: Dragonite|Dragonite, F|324/324","|move|p2a: Scizor|Bullet Punch|p1a: Dragonite","|-damage|p1a: Dragonite|245/324","|-damage|p2a: Scizor|309/343|[from] item: Life Orb","|","|turn|11","|","|move|p1a: Dragonite|Fire Punch|p2a: Scizor","|-supereffective|p2a: Scizor","|-damage|p2a: Scizor|0 fnt","|faint|p2a: Scizor","|","|","|switch|p2a: Armaldo|Armaldo, F|291/291","|turn|12","|","|switch|p1a: Skarmory|Skarmory, F, shiny|334/334","|move|p2a: Armaldo|Stone Edge|p1a: Skarmory","|-crit|p1a: Skarmory","|-damage|p1a: Skarmory|170/334","|-damage|p2a: Armaldo|262/291|[from] item: Life Orb","|","|turn|13","|","|switch|p2a: Shuckle|Shuckle, M|24/243","|move|p1a: Skarmory|Roost|p1a: Skarmory","|-heal|p1a: Skarmory|334/334","|","|turn|14","|","|move|p1a: Skarmory|Iron Head|p2a: Shuckle","|-supereffective|p2a: Shuckle","|-damage|p2a: Shuckle|0 fnt","|faint|p2a: Shuckle","|","|","|switch|p2a: Galvantula|Galvantula, M|281/281","|turn|15","|","|switch|p1a: Landorus-Therian|Landorus-Therian, M|95/320","|-ability|p1a: Landorus-Therian|Intimidate","|-unboost|p2a: Galvantula|atk|1","|move|p2a: Galvantula|Thunder|p1a: Landorus-Therian","|-immune|p1a: Landorus-Therian|[msg]","|","|turn|16","|","|switch|p2a: Beedrill|Beedrill, F|271/271","|move|p1a: Landorus-Therian|Rock Slide|p2a: Beedrill","|-miss|p1a: Landorus-Therian|p2a: Beedrill","|","|turn|17","|","|switch|p1a: Skarmory|Skarmory, F, shiny|334/334","|detailschange|p2a: Beedrill|Beedrill-Mega, F","|-mega|p2a: Beedrill|Beedrill|Beedrillite","|move|p2a: Beedrill|Poison Jab|p1a: Skarmory","|-immune|p1a: Skarmory|[msg]","|","|turn|18","|","|switch|p2a: Galvantula|Galvantula, M|281/281","|move|p1a: Skarmory|Stealth Rock|p2a: Galvantula","|-sidestart|p2: Apex✦Reborn|move: Stealth Rock","|","|turn|19","|","|switch|p1a: Dragonite|Dragonite, F|245/324","|move|p2a: Galvantula|Bug Buzz|p1a: Dragonite","|-resisted|p1a: Dragonite","|-damage|p1a: Dragonite|180/324","|","|turn|20","|","|move|p1a: Dragonite|Extreme Speed|p2a: Galvantula","|-damage|p2a: Galvantula|106/281","|move|p2a: Galvantula|Thunder Wave|p1a: Dragonite","|-status|p1a: Dragonite|par","|","|turn|21","|","|switch|p2a: Armaldo|Armaldo, F|262/291","|-damage|p2a: Armaldo|190/291|[from] Stealth Rock","|cant|p1a: Dragonite|par","|","|turn|22","|","|move|p2a: Armaldo|Stone Edge|p1a: Dragonite|[miss]","|-miss|p2a: Armaldo|p1a: Dragonite","|cant|p1a: Dragonite|par","|","|turn|23","|","|move|p2a: Armaldo|Stone Edge|p1a: Dragonite","|-supereffective|p1a: Dragonite","|-damage|p1a: Dragonite|0 fnt","|-damage|p2a: Armaldo|161/291|[from] item: Life Orb","|faint|p1a: Dragonite","|","|","|switch|p1a: Landorus-Therian|Landorus-Therian, M|95/320","|-ability|p1a: Landorus-Therian|Intimidate","|-unboost|p2a: Armaldo|atk|1","|turn|24","|","|move|p2a: Armaldo|Aqua Jet|p1a: Landorus-Therian","|-supereffective|p1a: Landorus-Therian","|-damage|p1a: Landorus-Therian|20/320","|-damage|p2a: Armaldo|132/291|[from] item: Life Orb","|move|p1a: Landorus-Therian|Rock Slide|p2a: Armaldo","|-supereffective|p2a: Armaldo","|-damage|p2a: Armaldo|0 fnt","|faint|p2a: Armaldo","|","|","|switch|p2a: Beedrill|Beedrill-Mega, F|271/271","|-damage|p2a: Beedrill|204/271|[from] Stealth Rock","|turn|25","|","|move|p1a: Landorus-Therian|Rock Slide|p2a: Beedrill","|-supereffective|p2a: Beedrill","|-damage|p2a: Beedrill|0 fnt","|faint|p2a: Beedrill","|","|","|switch|p2a: Galvantula|Galvantula, M|106/281","|-damage|p2a: Galvantula|36/281|[from] Stealth Rock","|turn|26","|","|win|Alpha알파α리더LeadèR"],"p1rating":{"entryid":"473243","serverid":"eos","formatid":"monotype","userid":"alphaleadr","username":"Alpha알파α리더LeadèR","w":2,"l":"0","t":"0","gxe":60,"r":"1500","rd":"130","sigma":"0","rptime":"1440493200","rpr":1580.6000888894,"rprd":116.34958426186,"rpsigma":"0","acre":1082.6446838155,"lacre":1082.6446838155,"oldacre":"1056.1201288198"},"p2rating":{"entryid":473409,"formatid":"monotype","userid":"apexreborn","username":"Apex✦Reborn","r":1500,"rd":130,"sigma":0,"rpr":1459.8393856612,"rprd":122.8583080769,"rpsigma":0,"rptime":1440493200,"w":0,"l":1,"t":0,"gxe":45,"acre":1000,"lacre":1000,"oldacre":1000},"endType":"forfeit"}