{"seed":[24478,4205,36598,27082],"turns":27,"p1":"Apex Salamence","p2":"Alliance - Contort","p1team":[{"name":"Jupiter","species":"thundurus","item":"lifeorb","ability":"Prankster","moves":["flashcannon","taunt","thunderwave","thunderbolt"],"nature":"Timid","evs":{"hp":0,"atk":0,"def":0,"spa":252,"spd":4,"spe":252},"shiny":true,"ivs":{"hp":31,"atk":31,"def":31,"spa":31,"spd":31,"spe":31}},{"name":"Gaea","species":"landorus","item":"lifeorb","ability":"Sheer Force","moves":["earthpower","sludgewave","psychic","stealthrock"],"nature":"Timid","evs":{"hp":0,"atk":0,"def":0,"spa":252,"spd":4,"spe":252},"shiny":true,"ivs":{"hp":31,"atk":31,"def":31,"spa":31,"spd":31,"spe":31}},{"name":"Porunga","species":"dragonite","item":"weaknesspolicy","ability":"Multiscale","moves":["dragonclaw","dragondance","extremespeed","firepunch"],"nature":"","gender":"M","shiny":true,"evs":{"hp":0,"atk":0,"def":0,"spa":0,"spd":0,"spe":0},"ivs":{"hp":31,"atk":31,"def":31,"spa":31,"spd":31,"spe":31}},{"name":"BIRD JESUS","species":"pidgeot","item":"pidgeotite","ability":"Big Pecks","moves":["heatwave","hurricane","protect","hiddenpowerground"],"nature":"Timid","evs":{"hp":0,"atk":0,"def":0,"spa":252,"spd":4,"spe":252},"gender":"M","ivs":{"hp":31,"atk":31,"def":31,"spa":30,"spd":30,"spe":31},"shiny":true},{"name":"Raptor","species":"staraptor","item":"choicescarf","ability":"Reckless","moves":["bravebird","closecombat","doubleedge","uturn"],"nature":"Jolly","evs":{"hp":0,"atk":252,"def":0,"spa":0,"spd":4,"spe":252},"gender":"M","shiny":true,"ivs":{"hp":31,"atk":31,"def":31,"spa":31,"spd":31,"spe":31}},{"name":"BoneZ","species":"mandibuzz","item":"leftovers","ability":"Overcoat","moves":["defog","foulplay","toxic","roost"],"nature":"Bold","evs":{"hp":252,"atk":0,"def":252,"spa":0,"spd":4,"spe":0},"shiny":true,"ivs":{"hp":31,"atk":31,"def":31,"spa":31,"spd":31,"spe":31}}],"p2team":[{"name":"Sableye","species":"Sableye","item":"sablenite","ability":"Prankster","moves":["calmmind","recover","willowisp","snarl"],"nature":"Bold","evs":{"hp":252,"atk":0,"def":196,"spa":0,"spd":60,"spe":0},"ivs":{"hp":31,"atk":31,"def":31,"spa":31,"spd":31,"spe":31}},{"name":"Tyranitar","species":"Tyranitar","item":"leftovers","ability":"Sand Stream","moves":["stoneedge","fireblast","stealthrock","thunderwave"],"nature":"Brave","evs":{"hp":252,"atk":56,"def":0,"spa":0,"spd":200,"spe":0},"ivs":{"hp":31,"atk":31,"def":31,"spa":31,"spd":31,"spe":31}},{"name":"Hoopa-Unbound","species":"Hoopa-Unbound","item":"choicescarf","ability":"Magician","moves":["hyperspacefury","hyperspacehole","gunkshot","energyball"],"nature":"Hasty","evs":{"hp":0,"atk":180,"def":0,"spa":76,"spd":0,"spe":252},"ivs":{"hp":31,"atk":31,"def":31,"spa":31,"spd":31,"spe":31}},{"name":"Crawdaunt","species":"Crawdaunt","item":"lifeorb","ability":"Adaptability","moves":["knockoff","aquajet","swordsdance","crabhammer"],"nature":"Adamant","evs":{"hp":0,"atk":252,"def":0,"spa":0,"spd":4,"spe":252},"ivs":{"hp":31,"atk":31,"def":31,"spa":31,"spd":31,"spe":31}},{"name":"Mandibuzz","species":"Mandibuzz","item":"rockyhelmet","ability":"Overcoat","moves":["bravebird","foulplay","roost","defog"],"nature":"Impish","evs":{"hp":248,"atk":8,"def":252,"spa":0,"spd":0,"spe":0},"ivs":{"hp":31,"atk":31,"def":31,"spa":31,"spd":31,"spe":31}},{"name":"Bisharp","species":"Bisharp","item":"lumberry","ability":"Defiant","moves":["swordsdance","knockoff","ironhead","suckerpunch"],"nature":"Adamant","evs":{"hp":0,"atk":252,"def":0,"spa":0,"spd":4,"spe":252},"ivs":{"hp":31,"atk":31,"def":31,"spa":31,"spd":31,"spe":31}}],"log":["|player|p1|Apex Salamence|1","|player|p2|Alliance - Contort|alliancecontort.png","|gametype|singles","|gen|6","|tier|Monotype","|rated","|rule|Baton Pass Clause: Limit one Baton Passer, can't pass Spe and other stats simultaneously","|rule|Swagger Clause: Swagger is banned","|rule|Same Type Clause: Pokémon in a team must share a type","|clearpoke","|poke|p1|Thundurus, M, shiny","|poke|p1|Landorus, M, shiny","|poke|p1|Dragonite, M, shiny","|poke|p1|Pidgeot, M, shiny","|poke|p1|Staraptor, M, shiny","|poke|p1|Mandibuzz, F, shiny","|poke|p2|Sableye, M","|poke|p2|Tyranitar, F","|poke|p2|Hoopa-Unbound","|poke|p2|Crawdaunt, F","|poke|p2|Mandibuzz, F","|poke|p2|Bisharp, M","|rule|Sleep Clause Mod: Limit one foe put to sleep","|rule|Species Clause: Limit one of each Pokémon","|rule|OHKO Clause: OHKO moves are banned","|rule|Moody Clause: Moody is banned","|rule|Evasion Moves Clause: Evasion moves are banned","|rule|Endless Battle Clause: Forcing endless battles is banned","|rule|HP Percentage Mod: HP is shown in percentages","|teampreview","|","|start","|switch|p1a: Jupiter|Thundurus, M, shiny|299/299","|switch|p2a: Tyranitar|Tyranitar, F|404/404","|-weather|Sandstorm","|turn|1","|","|move|p1a: Jupiter|Taunt|p2a: Tyranitar","|-start|p2a: Tyranitar|move: Taunt","|cant|p2a: Tyranitar|move: Taunt|Stealth Rock","|","|-weather|Sandstorm|[upkeep]","|-damage|p1a: Jupiter|281/299|[from] sandstorm","|turn|2","|","|move|p1a: Jupiter|Flash Cannon|p2a: Tyranitar","|-supereffective|p2a: Tyranitar","|-damage|p2a: Tyranitar|277/404","|-damage|p1a: Jupiter|252/299|[from] item: Life Orb","|move|p2a: Tyranitar|Stone Edge|p1a: Jupiter","|-supereffective|p1a: Jupiter","|-damage|p1a: Jupiter|0 fnt","|faint|p1a: Jupiter","|","|-weather|Sandstorm|[upkeep]","|-heal|p2a: Tyranitar|302/404|[from] item: Leftovers","|","|switch|p1a: BoneZ|Mandibuzz, F, shiny|424/424","|turn|3","|","|move|p1a: BoneZ|Toxic|p2a: Tyranitar","|-status|p2a: Tyranitar|tox","|move|p2a: Tyranitar|Stone Edge|p1a: BoneZ|[miss]","|-miss|p2a: Tyranitar|p1a: BoneZ","|","|-weather|Sandstorm|[upkeep]","|-heal|p2a: Tyranitar|327/404 tox|[from] item: Leftovers","|-damage|p2a: Tyranitar|302/404 tox|[from] psn","|-end|p2a: Tyranitar|move: Taunt","|turn|4","|","|move|p1a: BoneZ|Foul Play|p2a: Tyranitar","|-resisted|p2a: Tyranitar","|-damage|p2a: Tyranitar|221/404 tox","|move|p2a: Tyranitar|Stone Edge|p1a: BoneZ","|-supereffective|p1a: BoneZ","|-damage|p1a: BoneZ|200/424","|","|-weather|Sandstorm|[upkeep]","|-heal|p1a: BoneZ|226/424|[from] item: Leftovers","|-heal|p2a: Tyranitar|246/404 tox|[from] item: Leftovers","|-damage|p2a: Tyranitar|196/404 tox|[from] psn","|turn|5","|","|switch|p2a: Crawdaunt|Crawdaunt, F|267/267","|move|p1a: BoneZ|Roost|p1a: BoneZ","|-heal|p1a: BoneZ|424/424","|","|-weather|none","|turn|6","|","|move|p2a: Crawdaunt|Crabhammer|p1a: BoneZ|[miss]","|-miss|p2a: Crawdaunt|p1a: BoneZ","|move|p1a: BoneZ|Toxic|p2a: Crawdaunt","|-status|p2a: Crawdaunt|tox","|","|-damage|p2a: Crawdaunt|251/267 tox|[from] psn","|turn|7","|","|move|p2a: Crawdaunt|Swords Dance|p2a: Crawdaunt","|-boost|p2a: Crawdaunt|atk|2","|move|p1a: BoneZ|Foul Play|p2a: Crawdaunt","|-resisted|p2a: Crawdaunt","|-damage|p2a: Crawdaunt|54/267 tox","|","|-damage|p2a: Crawdaunt|22/267 tox|[from] psn","|turn|8","|","|move|p2a: Crawdaunt|Crabhammer|p1a: BoneZ","|-damage|p1a: BoneZ|0 fnt","|-damage|p2a: Crawdaunt|0 fnt|[from] item: Life Orb","|faint|p1a: BoneZ","|faint|p2a: Crawdaunt","|","|","|switch|p1a: Gaea|Landorus, M, shiny|319/319","|switch|p2a: Mandibuzz|Mandibuzz, F|423/423","|turn|9","|","|move|p1a: Gaea|Sludge Wave|p2a: Mandibuzz","|-damage|p2a: Mandibuzz|233/423","|move|p2a: Mandibuzz|Foul Play|p1a: Gaea","|-damage|p1a: Gaea|180/319","|","|turn|10","|","|move|p1a: Gaea|Sludge Wave|p2a: Mandibuzz","|-damage|p2a: Mandibuzz|48/423","|move|p2a: Mandibuzz|Roost|p2a: Mandibuzz","|-heal|p2a: Mandibuzz|260/423","|","|turn|11","|","|move|p1a: Gaea|Sludge Wave|p2a: Mandibuzz","|-damage|p2a: Mandibuzz|66/423","|move|p2a: Mandibuzz|Roost|p2a: Mandibuzz","|-heal|p2a: Mandibuzz|278/423","|","|turn|12","|","|switch|p2a: Bisharp|Bisharp, M|271/271","|move|p1a: Gaea|Stealth Rock|p2a: Bisharp","|-sidestart|p2: Alliance - Contort|move: Stealth Rock","|","|turn|13","|","|move|p2a: Bisharp|Sucker Punch|p1a: Gaea","|-damage|p1a: Gaea|5/319","|move|p1a: Gaea|Earth Power|p2a: Bisharp","|-supereffective|p2a: Bisharp","|-damage|p2a: Bisharp|0 fnt","|faint|p2a: Bisharp","|","|","|switch|p2a: Hoopa-Unbound|Hoopa-Unbound|301/301","|-damage|p2a: Hoopa-Unbound|264/301|[from] Stealth Rock","|turn|14","|","|move|p2a: Hoopa-Unbound|Hyperspace Hole|p1a: Gaea","|-crit|p1a: Gaea","|-damage|p1a: Gaea|0 fnt","|faint|p1a: Gaea","|","|","|switch|p1a: Raptor|Staraptor, M, shiny|311/311","|turn|15","|","|switch|p2a: Tyranitar|Tyranitar, F|196/404 tox","|-damage|p2a: Tyranitar|146/404 tox|[from] Stealth Rock","|-weather|Sandstorm","|move|p1a: Raptor|U-turn|p2a: Tyranitar","|-supereffective|p2a: Tyranitar","|-damage|p2a: Tyranitar|0 fnt","|faint|p2a: Tyranitar","|","|switch|p1a: BIRD JESUS|Pidgeot, M, shiny|307/307","|","|-weather|Sandstorm|[upkeep]","|-damage|p1a: BIRD JESUS|288/307|[from] sandstorm","|","|switch|p2a: Hoopa-Unbound|Hoopa-Unbound|264/301","|-damage|p2a: Hoopa-Unbound|227/301|[from] Stealth Rock","|turn|16","|","|detailschange|p1a: BIRD JESUS|Pidgeot-Mega, M, shiny","|-mega|p1a: BIRD JESUS|Pidgeot|Pidgeotite","|move|p2a: Hoopa-Unbound|Hyperspace Fury|p1a: BIRD JESUS","|-damage|p1a: BIRD JESUS|29/307","|-unboost|p2a: Hoopa-Unbound|def|1","|move|p1a: BIRD JESUS|Hurricane|p2a: Hoopa-Unbound","|-damage|p2a: Hoopa-Unbound|56/301","|","|-weather|Sandstorm|[upkeep]","|-damage|p2a: Hoopa-Unbound|38/301|[from] sandstorm","|-damage|p1a: BIRD JESUS|10/307|[from] sandstorm","|turn|17","|","|move|p2a: Hoopa-Unbound|Hyperspace Fury|p1a: BIRD JESUS","|-damage|p1a: BIRD JESUS|0 fnt","|-unboost|p2a: Hoopa-Unbound|def|1","|faint|p1a: BIRD JESUS","|","|-weather|Sandstorm|[upkeep]","|-damage|p2a: Hoopa-Unbound|20/301|[from] sandstorm","|","|switch|p1a: Raptor|Staraptor, M, shiny|311/311","|turn|18","|","|move|p1a: Raptor|U-turn|p2a: Hoopa-Unbound","|-supereffective|p2a: Hoopa-Unbound","|-damage|p2a: Hoopa-Unbound|0 fnt","|faint|p2a: Hoopa-Unbound","|","|switch|p1a: Porunga|Dragonite, M, shiny|323/323","|","|-weather|Sandstorm|[upkeep]","|-damage|p1a: Porunga|303/323|[from] sandstorm","|","|switch|p2a: Sableye|Sableye, M|304/304","|-damage|p2a: Sableye|266/304|[from] Stealth Rock","|turn|19","|","|move|p2a: Sableye|Will-O-Wisp|p1a: Porunga","|-status|p1a: Porunga|brn","|move|p1a: Porunga|Dragon Claw|p2a: Sableye","|-damage|p2a: Sableye|215/304","|","|-weather|none","|-damage|p1a: Porunga|263/323 brn|[from] brn","|turn|20","|","|detailschange|p2a: Sableye|Sableye-Mega, M","|-mega|p2a: Sableye|Sableye|Sablenite","|move|p2a: Sableye|Calm Mind|p2a: Sableye","|-boost|p2a: Sableye|spa|1","|-boost|p2a: Sableye|spd|1","|move|p1a: Porunga|Dragon Dance|p1a: Porunga","|-boost|p1a: Porunga|atk|1","|-boost|p1a: Porunga|spe|1","|","|-damage|p1a: Porunga|223/323 brn|[from] brn","|turn|21","|","|move|p1a: Porunga|Dragon Dance|p1a: Porunga","|-boost|p1a: Porunga|atk|1","|-boost|p1a: Porunga|spe|1","|move|p2a: Sableye|Snarl|p1a: Porunga","|-damage|p1a: Porunga|144/323 brn","|-unboost|p1a: Porunga|spa|1","|","|-damage|p1a: Porunga|104/323 brn|[from] brn","|turn|22","|","|move|p1a: Porunga|Dragon Claw|p2a: Sableye","|-damage|p2a: Sableye|140/304","|move|p2a: Sableye|Recover|p2a: Sableye","|-heal|p2a: Sableye|292/304","|","|-damage|p1a: Porunga|64/323 brn|[from] brn","|turn|23","|","|move|p1a: Porunga|Dragon Claw|p2a: Sableye","|-damage|p2a: Sableye|214/304","|move|p2a: Sableye|Recover|p2a: Sableye","|-heal|p2a: Sableye|304/304","|","|-damage|p1a: Porunga|24/323 brn|[from] brn","|turn|24","|","|move|p1a: Porunga|Fire Punch|p2a: Sableye","|-damage|p2a: Sableye|254/304","|-status|p2a: Sableye|brn","|move|p2a: Sableye|Recover|p2a: Sableye","|-heal|p2a: Sableye|304/304 brn","|","|-damage|p1a: Porunga|0 fnt|[from] brn","|-damage|p2a: Sableye|266/304 brn|[from] brn","|faint|p1a: Porunga","|","|switch|p1a: Raptor|Staraptor, M, shiny|311/311","|turn|25","|","|move|p1a: Raptor|Brave Bird|p2a: Sableye","|-damage|p2a: Sableye|113/304 brn","|-damage|p1a: Raptor|261/311|[from] recoil|[of] p2a: Sableye","|move|p2a: Sableye|Will-O-Wisp|p1a: Raptor|[miss]","|-miss|p2a: Sableye|p1a: Raptor","|","|-damage|p2a: Sableye|75/304 brn|[from] brn","|turn|26","|","|move|p1a: Raptor|Brave Bird|p2a: Sableye","|-damage|p2a: Sableye|0 fnt","|-damage|p1a: Raptor|236/311|[from] recoil|[of] p2a: Sableye","|faint|p2a: Sableye","|","|","|switch|p2a: Mandibuzz|Mandibuzz, F|278/423","|-damage|p2a: Mandibuzz|173/423|[from] Stealth Rock","|turn|27","|","|move|p1a: Raptor|Brave Bird|p2a: Mandibuzz","|-crit|p2a: Mandibuzz","|-damage|p2a: Mandibuzz|0 fnt","|-damage|p1a: Raptor|185/311|[from] item: Rocky Helmet|[of] p2a: Mandibuzz","|-damage|p1a: Raptor|128/311|[from] recoil|[of] p2a: Mandibuzz","|faint|p2a: Mandibuzz","|","|win|Apex Salamence"],"p1rating":{"entryid":"1755","serverid":"eos","formatid":"monotype","userid":"apexsalamence","username":"Apex Salamence","w":39,"l":"30","t":"0","gxe":57.4,"r":"1547.4918196629","rd":"43.083194505872","sigma":"0","rptime":"1440579600","rpr":1556.8571139359,"rprd":42.490947712314,"rpsigma":"0","acre":1175.1997069826,"lacre":1175.1997069826,"oldacre":"1152.4302236036"},"p2rating":{"entryid":"124734","serverid":"eos","formatid":"monotype","userid":"alliancecontort","username":"Alliance - Contort","w":"13","l":8,"t":"0","gxe":58.1,"r":"1568.4558690058","rd":"73.984440912153","sigma":"0","rptime":"1440579600","rpr":1562.7431360124,"rprd":71.142790252158,"rpsigma":"0","acre":1098.5796586364,"lacre":1098.5796586364,"oldacre":"1121.3491420154"},"endType":"normal"}