{"seed":[16809,60128,12590,42475],"turns":25,"p1":"Twizz","p2":"Alliance - Contort","p1team":[{"name":"Togekiss","species":"Togekiss","item":"assaultvest","ability":"Serene Grace","moves":["flamethrower","airslash","dazzlinggleam","aurasphere"],"nature":"Modest","evs":{"hp":4,"atk":0,"def":0,"spa":252,"spd":252,"spe":0},"ivs":{"hp":31,"atk":31,"def":31,"spa":31,"spd":31,"spe":31}},{"name":"Dragonite","species":"Dragonite","item":"weaknesspolicy","ability":"Multiscale","moves":["dragondance","dragonclaw","earthquake","extremespeed"],"nature":"Adamant","evs":{"hp":0,"atk":252,"def":0,"spa":0,"spd":4,"spe":252},"ivs":{"hp":31,"atk":31,"def":31,"spa":31,"spd":31,"spe":31}},{"name":"Fuck you","species":"skarmory","item":"rockyhelmet","ability":"Sturdy","moves":["defog","stealthrock","roost","whirlwind"],"nature":"Impish","evs":{"hp":248,"atk":0,"def":236,"spa":0,"spd":0,"spe":24},"ivs":{"hp":31,"atk":31,"def":31,"spa":31,"spd":31,"spe":31}},{"name":"Zapdos","species":"Zapdos","item":"leftovers","ability":"Pressure","moves":["roost","toxic","heatwave","discharge"],"nature":"Bold","evs":{"hp":0,"atk":0,"def":252,"spa":56,"spd":200,"spe":0},"ivs":{"hp":31,"atk":31,"def":31,"spa":31,"spd":31,"spe":31}},{"name":"Bops","species":"landorus","item":"lifeorb","ability":"Sheer Force","moves":["earthquake","knockoff","uturn","rockslide"],"nature":"Jolly","evs":{"hp":0,"atk":252,"def":0,"spa":0,"spd":4,"spe":252},"ivs":{"hp":31,"atk":31,"def":31,"spa":31,"spd":31,"spe":31}},{"name":"Jerry","species":"honchkrow","item":"lifeorb","ability":"Moxie","moves":["suckerpunch","heatwave","bravebird","nightslash"],"nature":"Hasty","evs":{"hp":0,"atk":252,"def":0,"spa":4,"spd":0,"spe":252},"ivs":{"hp":31,"atk":31,"def":31,"spa":31,"spd":31,"spe":31}}],"p2team":[{"name":"Sableye","species":"Sableye","item":"sablenite","ability":"Prankster","moves":["calmmind","recover","willowisp","snarl"],"nature":"Bold","evs":{"hp":252,"atk":0,"def":196,"spa":0,"spd":60,"spe":0},"ivs":{"hp":31,"atk":31,"def":31,"spa":31,"spd":31,"spe":31}},{"name":"Tyranitar","species":"Tyranitar","item":"leftovers","ability":"Sand Stream","moves":["stoneedge","fireblast","stealthrock","thunderwave"],"nature":"Brave","evs":{"hp":252,"atk":56,"def":0,"spa":0,"spd":200,"spe":0},"ivs":{"hp":31,"atk":31,"def":31,"spa":31,"spd":31,"spe":31}},{"name":"Hoopa-Unbound","species":"Hoopa-Unbound","item":"choicescarf","ability":"Magician","moves":["hyperspacefury","hyperspacehole","gunkshot","energyball"],"nature":"Hasty","evs":{"hp":0,"atk":180,"def":0,"spa":76,"spd":0,"spe":252},"ivs":{"hp":31,"atk":31,"def":31,"spa":31,"spd":31,"spe":31}},{"name":"Crawdaunt","species":"Crawdaunt","item":"lifeorb","ability":"Adaptability","moves":["knockoff","aquajet","swordsdance","crabhammer"],"nature":"Adamant","evs":{"hp":0,"atk":252,"def":0,"spa":0,"spd":4,"spe":252},"ivs":{"hp":31,"atk":31,"def":31,"spa":31,"spd":31,"spe":31}},{"name":"Mandibuzz","species":"Mandibuzz","item":"rockyhelmet","ability":"Overcoat","moves":["bravebird","foulplay","roost","defog"],"nature":"Impish","evs":{"hp":248,"atk":8,"def":252,"spa":0,"spd":0,"spe":0},"ivs":{"hp":31,"atk":31,"def":31,"spa":31,"spd":31,"spe":31}},{"name":"Bisharp","species":"Bisharp","item":"lumberry","ability":"Defiant","moves":["swordsdance","knockoff","ironhead","suckerpunch"],"nature":"Adamant","evs":{"hp":0,"atk":252,"def":0,"spa":0,"spd":4,"spe":252},"ivs":{"hp":31,"atk":31,"def":31,"spa":31,"spd":31,"spe":31}}],"log":["|player|p1|Twizz|264","|player|p2|Alliance - Contort|alliancecontort.png","|gametype|singles","|gen|6","|tier|Monotype","|rated","|rule|Baton Pass Clause: Limit one Baton Passer, can't pass Spe and other stats simultaneously","|rule|Swagger Clause: Swagger is banned","|rule|Same Type Clause: Pokémon in a team must share a type","|clearpoke","|poke|p1|Togekiss, M","|poke|p1|Dragonite, M","|poke|p1|Skarmory, M","|poke|p1|Zapdos","|poke|p1|Landorus, M","|poke|p1|Honchkrow, M","|poke|p2|Sableye, F","|poke|p2|Tyranitar, M","|poke|p2|Hoopa-Unbound","|poke|p2|Crawdaunt, M","|poke|p2|Mandibuzz, F","|poke|p2|Bisharp, F","|rule|Sleep Clause Mod: Limit one foe put to sleep","|rule|Species Clause: Limit one of each Pokémon","|rule|OHKO Clause: OHKO moves are banned","|rule|Moody Clause: Moody is banned","|rule|Evasion Moves Clause: Evasion moves are banned","|rule|Endless Battle Clause: Forcing endless battles is banned","|rule|HP Percentage Mod: HP is shown in percentages","|teampreview","|","|start","|switch|p1a: Fuck you|Skarmory, M|333/333","|switch|p2a: Tyranitar|Tyranitar, M|404/404","|-weather|Sandstorm","|turn|1","|","|move|p1a: Fuck you|Stealth Rock|p2a: Tyranitar","|-sidestart|p2: Alliance - Contort|move: Stealth Rock","|move|p2a: Tyranitar|Fire Blast|p1a: Fuck you|[miss]","|-miss|p2a: Tyranitar|p1a: Fuck you","|","|-weather|Sandstorm|[upkeep]","|turn|2","|","|move|p2a: Tyranitar|Fire Blast|p1a: Fuck you","|-supereffective|p1a: Fuck you","|-damage|p1a: Fuck you|99/333","|move|p1a: Fuck you|Whirlwind|p2a: Tyranitar","|drag|p2a: Sableye|Sableye, F|304/304","|-damage|p2a: Sableye|266/304|[from] Stealth Rock","|","|-weather|Sandstorm|[upkeep]","|-damage|p2a: Sableye|247/304|[from] sandstorm","|turn|3","|","|switch|p1a: Togekiss|Togekiss, M|312/312","|move|p2a: Sableye|Will-O-Wisp|p1a: Togekiss","|-status|p1a: Togekiss|brn","|","|-weather|Sandstorm|[upkeep]","|-damage|p1a: Togekiss|293/312 brn|[from] sandstorm","|-damage|p2a: Sableye|228/304|[from] sandstorm","|-damage|p1a: Togekiss|254/312 brn|[from] brn","|turn|4","|","|switch|p2a: Tyranitar|Tyranitar, M|404/404","|-damage|p2a: Tyranitar|354/404|[from] Stealth Rock","|move|p1a: Togekiss|Dazzling Gleam|p2a: Tyranitar","|-supereffective|p2a: Tyranitar","|-damage|p2a: Tyranitar|198/404","|","|-weather|Sandstorm|[upkeep]","|-damage|p1a: Togekiss|235/312 brn|[from] sandstorm","|-heal|p2a: Tyranitar|223/404|[from] item: Leftovers","|-damage|p1a: Togekiss|196/312 brn|[from] brn","|turn|5","|","|switch|p1a: Fuck you|Skarmory, M|99/333","|move|p2a: Tyranitar|Stealth Rock|p1a: Fuck you","|-sidestart|p1: Twizz|move: Stealth Rock","|","|-weather|none","|-heal|p2a: Tyranitar|248/404|[from] item: Leftovers","|turn|6","|","|move|p1a: Fuck you|Defog|p2a: Tyranitar","|-unboost|p2a: Tyranitar|evasion|1","|-sideend|p2: Alliance - Contort|Stealth Rock|[from] move: Defog|[of] p2a: Tyranitar","|-sideend|p1: Twizz|Stealth Rock|[from] move: Defog|[of] p1a: Fuck you","|move|p2a: Tyranitar|Fire Blast|p1a: Fuck you","|-supereffective|p1a: Fuck you","|-damage|p1a: Fuck you|0 fnt","|faint|p1a: Fuck you","|","|-heal|p2a: Tyranitar|273/404|[from] item: Leftovers","|","|switch|p1a: Togekiss|Togekiss, M|196/312 brn","|turn|7","|","|switch|p2a: Hoopa-Unbound|Hoopa-Unbound|301/301","|move|p1a: Togekiss|Aura Sphere|p2a: Hoopa-Unbound","|-damage|p2a: Hoopa-Unbound|222/301","|","|-damage|p1a: Togekiss|157/312 brn|[from] brn","|turn|8","|","|switch|p1a: Dragonite|Dragonite, M|323/323","|move|p2a: Hoopa-Unbound|Hyperspace Fury|p1a: Dragonite","|-damage|p1a: Dragonite|221/323","|-unboost|p2a: Hoopa-Unbound|def|1","|","|turn|9","|","|switch|p2a: Mandibuzz|Mandibuzz, F|423/423","|move|p1a: Dragonite|Dragon Claw|p2a: Mandibuzz","|-crit|p2a: Mandibuzz","|-damage|p2a: Mandibuzz|267/423","|-damage|p1a: Dragonite|168/323|[from] item: Rocky Helmet|[of] p2a: Mandibuzz","|","|turn|10","|","|switch|p1a: Togekiss|Togekiss, M|157/312 brn","|move|p2a: Mandibuzz|Roost|p2a: Mandibuzz","|-heal|p2a: Mandibuzz|423/423","|","|-damage|p1a: Togekiss|118/312 brn|[from] brn","|turn|11","|","|switch|p2a: Tyranitar|Tyranitar, M|273/404","|-weather|Sandstorm","|move|p1a: Togekiss|Dazzling Gleam|p2a: Tyranitar","|-supereffective|p2a: Tyranitar","|-damage|p2a: Tyranitar|99/404","|","|-weather|Sandstorm|[upkeep]","|-damage|p1a: Togekiss|99/312 brn|[from] sandstorm","|-heal|p2a: Tyranitar|124/404|[from] item: Leftovers","|-damage|p1a: Togekiss|60/312 brn|[from] brn","|turn|12","|","|switch|p2a: Bisharp|Bisharp, F|271/271","|move|p1a: Togekiss|Aura Sphere|p2a: Bisharp","|-supereffective|p2a: Bisharp","|-damage|p2a: Bisharp|0 fnt","|faint|p2a: Bisharp","|","|-weather|Sandstorm|[upkeep]","|-damage|p1a: Togekiss|41/312 brn|[from] sandstorm","|-damage|p1a: Togekiss|2/312 brn|[from] brn","|","|switch|p2a: Crawdaunt|Crawdaunt, M|267/267","|turn|13","|","|move|p2a: Crawdaunt|Aqua Jet|p1a: Togekiss","|-damage|p1a: Togekiss|0 fnt","|-damage|p2a: Crawdaunt|241/267|[from] item: Life Orb","|faint|p1a: Togekiss","|","|-weather|Sandstorm|[upkeep]","|-damage|p2a: Crawdaunt|225/267|[from] sandstorm","|","|switch|p1a: Dragonite|Dragonite, M|168/323","|turn|14","|","|switch|p2a: Mandibuzz|Mandibuzz, F|423/423","|move|p1a: Dragonite|Dragon Dance|p1a: Dragonite","|-boost|p1a: Dragonite|atk|1","|-boost|p1a: Dragonite|spe|1","|","|-weather|Sandstorm|[upkeep]","|-damage|p1a: Dragonite|148/323|[from] sandstorm","|turn|15","|","|move|p1a: Dragonite|Dragon Claw|p2a: Mandibuzz","|-damage|p2a: Mandibuzz|270/423","|-damage|p1a: Dragonite|95/323|[from] item: Rocky Helmet|[of] p2a: Mandibuzz","|move|p2a: Mandibuzz|Foul Play|p1a: Dragonite","|-damage|p1a: Dragonite|0 fnt","|faint|p1a: Dragonite","|","|-weather|none","|","|switch|p1a: Zapdos|Zapdos|321/321","|-ability|p1a: Zapdos|Pressure","|turn|16","|","|switch|p2a: Tyranitar|Tyranitar, M|124/404","|-weather|Sandstorm","|move|p1a: Zapdos|Toxic|p2a: Tyranitar","|-status|p2a: Tyranitar|tox","|","|-weather|Sandstorm|[upkeep]","|-damage|p1a: Zapdos|301/321|[from] sandstorm","|-heal|p1a: Zapdos|321/321|[from] item: Leftovers","|-heal|p2a: Tyranitar|149/404 tox|[from] item: Leftovers","|-damage|p2a: Tyranitar|124/404 tox|[from] psn","|turn|17","|","|switch|p1a: Bops|Landorus, M|319/319","|move|p2a: Tyranitar|Stone Edge|p1a: Bops","|-damage|p1a: Bops|138/319","|","|-weather|Sandstorm|[upkeep]","|-heal|p2a: Tyranitar|149/404 tox|[from] item: Leftovers","|-damage|p2a: Tyranitar|99/404 tox|[from] psn","|turn|18","|","|move|p1a: Bops|U-turn|p2a: Tyranitar","|-supereffective|p2a: Tyranitar","|-damage|p2a: Tyranitar|0 fnt","|-damage|p1a: Bops|107/319|[from] item: Life Orb","|faint|p2a: Tyranitar","|","|switch|p1a: Zapdos|Zapdos|321/321","|-ability|p1a: Zapdos|Pressure","|","|-weather|Sandstorm|[upkeep]","|-damage|p1a: Zapdos|301/321|[from] sandstorm","|-heal|p1a: Zapdos|321/321|[from] item: Leftovers","|","|switch|p2a: Hoopa-Unbound|Hoopa-Unbound|222/301","|turn|19","|","|move|p2a: Hoopa-Unbound|Hyperspace Fury|p1a: Zapdos","|-damage|p1a: Zapdos|156/321","|-unboost|p2a: Hoopa-Unbound|def|1","|move|p1a: Zapdos|Discharge|p2a: Hoopa-Unbound","|-damage|p2a: Hoopa-Unbound|132/301","|","|-weather|Sandstorm|[upkeep]","|-damage|p2a: Hoopa-Unbound|114/301|[from] sandstorm","|-damage|p1a: Zapdos|136/321|[from] sandstorm","|-heal|p1a: Zapdos|156/321|[from] item: Leftovers","|turn|20","|","|move|p2a: Hoopa-Unbound|Hyperspace Fury|p1a: Zapdos","|-damage|p1a: Zapdos|0 fnt","|-unboost|p2a: Hoopa-Unbound|def|1","|faint|p1a: Zapdos","|","|-weather|none","|","|switch|p1a: Bops|Landorus, M|107/319","|turn|21","|","|switch|p2a: Mandibuzz|Mandibuzz, F|270/423","|move|p1a: Bops|U-turn|p2a: Mandibuzz","|-damage|p2a: Mandibuzz|195/423","|-damage|p1a: Bops|54/319|[from] item: Rocky Helmet|[of] p2a: Mandibuzz","|-damage|p1a: Bops|23/319|[from] item: Life Orb","|","|switch|p1a: Jerry|Honchkrow, M|341/341","|","|turn|22","|","|move|p1a: Jerry|Brave Bird|p2a: Mandibuzz","|-damage|p2a: Mandibuzz|0 fnt","|-damage|p1a: Jerry|285/341|[from] item: Rocky Helmet|[of] p2a: Mandibuzz","|-damage|p1a: Jerry|221/341|[from] recoil|[of] p2a: Mandibuzz","|-damage|p1a: Jerry|187/341|[from] item: Life Orb","|faint|p2a: Mandibuzz","|-boost|p1a: Jerry|atk|1|[from] ability: Moxie","|","|","|switch|p2a: Sableye|Sableye, F|228/304","|turn|23","|","|detailschange|p2a: Sableye|Sableye-Mega, F","|-mega|p2a: Sableye|Sableye|Sablenite","|move|p2a: Sableye|Will-O-Wisp|p1a: Jerry","|-status|p1a: Jerry|brn","|move|p1a: Jerry|Brave Bird|p2a: Sableye","|-damage|p2a: Sableye|105/304","|-damage|p1a: Jerry|146/341 brn|[from] recoil|[of] p2a: Sableye","|-damage|p1a: Jerry|112/341 brn|[from] item: Life Orb","|","|-damage|p1a: Jerry|70/341 brn|[from] brn","|turn|24","|","|move|p1a: Jerry|Brave Bird|p2a: Sableye","|-damage|p2a: Sableye|0 fnt","|-damage|p1a: Jerry|35/341 brn|[from] recoil|[of] p2a: Sableye","|-damage|p1a: Jerry|1/341 brn|[from] item: Life Orb","|faint|p2a: Sableye","|-boost|p1a: Jerry|atk|1|[from] ability: Moxie","|","|-damage|p1a: Jerry|0 fnt|[from] brn","|faint|p1a: Jerry","|","|switch|p1a: Bops|Landorus, M|23/319","|switch|p2a: Crawdaunt|Crawdaunt, M|225/267","|turn|25","|","|move|p2a: Crawdaunt|Aqua Jet|p1a: Bops","|-supereffective|p1a: Bops","|-damage|p1a: Bops|0 fnt","|-damage|p2a: Crawdaunt|199/267|[from] item: Life Orb","|faint|p1a: Bops","|","|win|Alliance - Contort"],"p1rating":{"entryid":"66045","serverid":"eos","formatid":"monotype","userid":"twizz","username":"Twizz","w":"17","l":13,"t":"0","gxe":52.1,"r":"1525.1968451177","rd":"62.413904376267","sigma":"0","rptime":"1440579600","rpr":1515.8790362553,"rprd":61.494071989621,"rpsigma":"0","acre":1075.4302509544,"lacre":1075.4302509544,"oldacre":"1098.1657645003"},"p2rating":{"entryid":"124734","serverid":"eos","formatid":"monotype","userid":"alliancecontort","username":"Alliance - Contort","w":15,"l":"8","t":"0","gxe":61.3,"r":"1568.4558690058","rd":"73.984440912153","sigma":"0","rptime":"1440579600","rpr":1587.9976318555,"rprd":68.520065104856,"rpsigma":"0","acre":1149.1693407389,"lacre":1149.1693407389,"oldacre":"1126.1808291285"},"endType":"normal"}