{"seed":[62154,5498,15596,36713],"turns":27,"p1":"Marx-Bot","p2":"Carnie Wight","p1team":[{"name":"Sharpedo","species":"Sharpedo","item":"focussash","ability":"Speed Boost","moves":["crunch","waterfall","earthquake","destinybond"],"nature":"Adamant","evs":{"hp":0,"atk":252,"def":0,"spa":0,"spd":4,"spe":252},"ivs":{"hp":31,"atk":31,"def":31,"spa":31,"spd":31,"spe":31}},{"name":"Blastoise","species":"Blastoise","item":"blastoisinite","ability":"Torrent","moves":["darkpulse","dragonpulse","icebeam","waterspout"],"nature":"Modest","evs":{"hp":248,"atk":0,"def":0,"spa":252,"spd":8,"spe":0},"ivs":{"hp":31,"atk":31,"def":31,"spa":31,"spd":31,"spe":31}},{"name":"Ludicolo","species":"Ludicolo","item":"choicespecs","ability":"Swift Swim","moves":["gigadrain","icebeam","surf","energyball"],"nature":"Modest","evs":{"hp":0,"atk":0,"def":0,"spa":252,"spd":4,"spe":252},"ivs":{"hp":31,"atk":31,"def":31,"spa":31,"spd":31,"spe":31}},{"name":"Quagsire","species":"Quagsire","item":"leftovers","ability":"Unaware","moves":["protect","recover","waterfall","toxic"],"nature":"Impish","evs":{"hp":252,"atk":4,"def":252,"spa":0,"spd":0,"spe":0},"ivs":{"hp":31,"atk":31,"def":31,"spa":31,"spd":31,"spe":31}},{"name":"Rotom-Wash","species":"Rotom-Wash","item":"leftovers","ability":"Levitate","moves":["hydropump","willowisp","voltswitch","painsplit"],"nature":"Calm","evs":{"hp":252,"atk":0,"def":0,"spa":4,"spd":252,"spe":0},"ivs":{"hp":31,"atk":31,"def":31,"spa":31,"spd":31,"spe":31}},{"name":"Politoed","species":"Politoed","item":"leftovers","ability":"Drizzle","moves":["scald","icebeam","psychic","toxic"],"nature":"Bold","evs":{"hp":252,"atk":0,"def":252,"spa":4,"spd":0,"spe":0},"ivs":{"hp":31,"atk":31,"def":31,"spa":31,"spd":31,"spe":31}}],"p2team":[{"name":"Gallade","species":"Gallade","item":"galladite","ability":"Justified","moves":["swordsdance","knockoff","drainpunch","shadowsneak"],"nature":"Adamant","evs":{"hp":4,"atk":252,"def":0,"spa":0,"spd":0,"spe":252},"ivs":{"hp":31,"atk":31,"def":31,"spa":31,"spd":31,"spe":31}},{"name":"Latios","species":"Latios","item":"choicespecs","ability":"Levitate","moves":["thunderbolt","dracometeor","icebeam","psyshock"],"nature":"","evs":{"hp":0,"atk":0,"def":0,"spa":0,"spd":0,"spe":0},"ivs":{"hp":31,"atk":31,"def":31,"spa":31,"spd":31,"spe":31}},{"name":"Gardevoir","species":"Gardevoir","item":"lifeorb","ability":"Synchronize","moves":["calmmind","moonblast","shadowball","focusblast"],"nature":"Timid","evs":{"hp":0,"atk":0,"def":0,"spa":252,"spd":4,"spe":252},"ivs":{"hp":31,"atk":31,"def":31,"spa":31,"spd":31,"spe":31}},{"name":"Jirachi","species":"Jirachi","item":"choicescarf","ability":"Serene Grace","moves":["ironhead","icepunch","uturn","healingwish"],"nature":"Jolly","evs":{"hp":0,"atk":252,"def":0,"spa":0,"spd":4,"spe":252},"ivs":{"hp":31,"atk":31,"def":31,"spa":31,"spd":31,"spe":31}},{"name":"Victini","species":"Victini","item":"choicescarf","ability":"Victory Star","moves":["vcreate","uturn","zenheadbutt","boltstrike"],"nature":"Jolly","evs":{"hp":0,"atk":252,"def":0,"spa":0,"spd":4,"spe":252},"ivs":{"hp":31,"atk":31,"def":31,"spa":31,"spd":31,"spe":31}},{"name":"Reuniclus","species":"Reuniclus","item":"leftovers","ability":"Magic Guard","moves":["calmmind","recover","psyshock","shadowball"],"nature":"Bold","evs":{"hp":252,"atk":0,"def":252,"spa":4,"spd":0,"spe":0},"ivs":{"hp":31,"atk":31,"def":31,"spa":31,"spd":31,"spe":31}}],"log":["|player|p1|Marx-Bot|165","|player|p2|Carnie Wight|96","|gametype|singles","|gen|6","|tier|Monotype","|rated","|rule|Baton Pass Clause: Limit one Baton Passer, can't pass Spe and other stats simultaneously","|rule|Swagger Clause: Swagger is banned","|rule|Same Type Clause: Pokémon in a team must share a type","|clearpoke","|poke|p1|Sharpedo, F","|poke|p1|Blastoise, F","|poke|p1|Ludicolo, M","|poke|p1|Quagsire, M","|poke|p1|Rotom-Wash","|poke|p1|Politoed, M","|poke|p2|Gallade, M","|poke|p2|Latios, M","|poke|p2|Gardevoir, F","|poke|p2|Jirachi","|poke|p2|Victini","|poke|p2|Reuniclus, F","|rule|Sleep Clause Mod: Limit one foe put to sleep","|rule|Species Clause: Limit one of each Pokémon","|rule|OHKO Clause: OHKO moves are banned","|rule|Moody Clause: Moody is banned","|rule|Evasion Moves Clause: Evasion moves are banned","|rule|Endless Battle Clause: Forcing endless battles is banned","|rule|HP Percentage Mod: HP is shown in percentages","|teampreview","|","|start","|switch|p1a: Rotom-Wash|Rotom-Wash|304/304","|switch|p2a: Gallade|Gallade, M|278/278","|turn|1","|","|switch|p2a: Jirachi|Jirachi|341/341","|move|p1a: Rotom-Wash|Will-O-Wisp|p2a: Jirachi","|-status|p2a: Jirachi|brn","|","|-damage|p2a: Jirachi|299/341 brn|[from] brn","|turn|2","|","|move|p2a: Jirachi|Iron Head|p1a: Rotom-Wash","|-resisted|p1a: Rotom-Wash","|-damage|p1a: Rotom-Wash|290/304","|move|p1a: Rotom-Wash|Volt Switch|p2a: Jirachi","|-damage|p2a: Jirachi|211/341 brn","|","|switch|p1a: Blastoise|Blastoise, F|361/361","|","|-damage|p2a: Jirachi|169/341 brn|[from] brn","|turn|3","|","|switch|p2a: Latios|Latios, M|301/301","|detailschange|p1a: Blastoise|Blastoise-Mega, F","|-mega|p1a: Blastoise|Blastoise|Blastoisinite","|move|p1a: Blastoise|Dark Pulse|p2a: Latios","|-crit|p2a: Latios","|-supereffective|p2a: Latios","|-damage|p2a: Latios|0 fnt","|faint|p2a: Latios","|","|","|switch|p2a: Victini|Victini|341/341","|turn|4","|","|switch|p1a: Quagsire|Quagsire, M|394/394","|move|p2a: Victini|Bolt Strike|p1a: Quagsire","|-immune|p1a: Quagsire|[msg]","|","|turn|5","|","|switch|p2a: Reuniclus|Reuniclus, F|424/424","|move|p1a: Quagsire|Waterfall|p2a: Reuniclus","|-damage|p2a: Reuniclus|346/424","|","|-heal|p2a: Reuniclus|372/424|[from] item: Leftovers","|turn|6","|","|move|p1a: Quagsire|Toxic|p2a: Reuniclus","|-status|p2a: Reuniclus|tox","|move|p2a: Reuniclus|Calm Mind|p2a: Reuniclus","|-boost|p2a: Reuniclus|spa|1","|-boost|p2a: Reuniclus|spd|1","|","|-heal|p2a: Reuniclus|398/424 tox|[from] item: Leftovers","|turn|7","|","|switch|p1a: Sharpedo|Sharpedo, F|281/281","|move|p2a: Reuniclus|Calm Mind|p2a: Reuniclus","|-boost|p2a: Reuniclus|spa|1","|-boost|p2a: Reuniclus|spd|1","|","|-heal|p2a: Reuniclus|424/424 tox|[from] item: Leftovers","|turn|8","|","|move|p1a: Sharpedo|Crunch|p2a: Reuniclus","|-supereffective|p2a: Reuniclus","|-damage|p2a: Reuniclus|184/424 tox","|move|p2a: Reuniclus|Shadow Ball|p1a: Sharpedo","|-resisted|p1a: Sharpedo","|-damage|p1a: Sharpedo|141/281","|","|-heal|p2a: Reuniclus|210/424 tox|[from] item: Leftovers","|-boost|p1a: Sharpedo|spe|1|[from] ability: Speed Boost","|turn|9","|","|switch|p2a: Gallade|Gallade, M|278/278","|move|p1a: Sharpedo|Crunch|p2a: Gallade","|-damage|p2a: Gallade|58/278","|-boost|p2a: Gallade|atk|1|[from] ability: Justified","|","|-boost|p1a: Sharpedo|spe|1|[from] ability: Speed Boost","|turn|10","|","|detailschange|p2a: Gallade|Gallade-Mega, M","|-mega|p2a: Gallade|Gallade|Galladite","|move|p2a: Gallade|Shadow Sneak|p1a: Sharpedo","|-crit|p1a: Sharpedo","|-resisted|p1a: Sharpedo","|-damage|p1a: Sharpedo|0 fnt","|faint|p1a: Sharpedo","|","|","|switch|p1a: Quagsire|Quagsire, M|394/394","|turn|11","|","|switch|p2a: Reuniclus|Reuniclus, F|210/424 tox","|move|p1a: Quagsire|Waterfall|p2a: Reuniclus","|-damage|p2a: Reuniclus|140/424 tox","|","|-heal|p2a: Reuniclus|166/424 tox|[from] item: Leftovers","|turn|12","|","|move|p1a: Quagsire|Protect|p1a: Quagsire","|-singleturn|p1a: Quagsire|Protect","|move|p2a: Reuniclus|Recover|p2a: Reuniclus","|-heal|p2a: Reuniclus|378/424 tox","|","|-heal|p2a: Reuniclus|404/424 tox|[from] item: Leftovers","|turn|13","|","|switch|p1a: Blastoise|Blastoise-Mega, F|361/361","|move|p2a: Reuniclus|Calm Mind|p2a: Reuniclus","|-boost|p2a: Reuniclus|spa|1","|-boost|p2a: Reuniclus|spd|1","|","|-heal|p2a: Reuniclus|424/424 tox|[from] item: Leftovers","|turn|14","|","|move|p1a: Blastoise|Dark Pulse|p2a: Reuniclus","|-supereffective|p2a: Reuniclus","|-damage|p2a: Reuniclus|170/424 tox","|move|p2a: Reuniclus|Calm Mind|p2a: Reuniclus","|-boost|p2a: Reuniclus|spa|1","|-boost|p2a: Reuniclus|spd|1","|","|-heal|p2a: Reuniclus|196/424 tox|[from] item: Leftovers","|turn|15","|","|move|p1a: Blastoise|Dark Pulse|p2a: Reuniclus","|-supereffective|p2a: Reuniclus","|-damage|p2a: Reuniclus|0 fnt","|faint|p2a: Reuniclus","|","|","|switch|p2a: Victini|Victini|341/341","|turn|16","|","|switch|p1a: Quagsire|Quagsire, M|394/394","|move|p2a: Victini|U-turn|p1a: Quagsire","|-damage|p1a: Quagsire|338/394","|","|switch|p2a: Gardevoir|Gardevoir, F|277/277","|","|-heal|p1a: Quagsire|362/394|[from] item: Leftovers","|turn|17","|","|move|p2a: Gardevoir|Calm Mind|p2a: Gardevoir","|-boost|p2a: Gardevoir|spa|1","|-boost|p2a: Gardevoir|spd|1","|move|p1a: Quagsire|Toxic|p2a: Gardevoir|[miss]","|-miss|p1a: Quagsire|p2a: Gardevoir","|","|-heal|p1a: Quagsire|386/394|[from] item: Leftovers","|turn|18","|","|move|p2a: Gardevoir|Moonblast|p1a: Quagsire","|-damage|p1a: Quagsire|65/394","|-unboost|p1a: Quagsire|spa|1","|-damage|p2a: Gardevoir|250/277|[from] item: Life Orb","|move|p1a: Quagsire|Toxic|p2a: Gardevoir","|-status|p2a: Gardevoir|tox","|-status|p1a: Quagsire|tox","|","|-heal|p1a: Quagsire|89/394 tox|[from] item: Leftovers","|-damage|p2a: Gardevoir|233/277 tox|[from] psn","|-damage|p1a: Quagsire|65/394 tox|[from] psn","|turn|19","|","|move|p1a: Quagsire|Protect|p1a: Quagsire","|-singleturn|p1a: Quagsire|Protect","|move|p2a: Gardevoir|Calm Mind|p2a: Gardevoir","|-boost|p2a: Gardevoir|spa|1","|-boost|p2a: Gardevoir|spd|1","|","|-heal|p1a: Quagsire|89/394 tox|[from] item: Leftovers","|-damage|p2a: Gardevoir|199/277 tox|[from] psn","|-damage|p1a: Quagsire|41/394 tox|[from] psn","|turn|20","|","|move|p2a: Gardevoir|Moonblast|p1a: Quagsire","|-damage|p1a: Quagsire|0 fnt","|-damage|p2a: Gardevoir|172/277 tox|[from] item: Life Orb","|faint|p1a: Quagsire","|","|-damage|p2a: Gardevoir|121/277 tox|[from] psn","|","|switch|p1a: Rotom-Wash|Rotom-Wash|290/304","|turn|21","|","|move|p2a: Gardevoir|Moonblast|p1a: Rotom-Wash","|-damage|p1a: Rotom-Wash|12/304","|-unboost|p1a: Rotom-Wash|spa|1","|-damage|p2a: Gardevoir|94/277 tox|[from] item: Life Orb","|move|p1a: Rotom-Wash|Hydro Pump|p2a: Gardevoir","|-damage|p2a: Gardevoir|51/277 tox","|","|-heal|p1a: Rotom-Wash|31/304|[from] item: Leftovers","|-damage|p2a: Gardevoir|0 fnt|[from] psn","|faint|p2a: Gardevoir","|","|switch|p2a: Victini|Victini|341/341","|turn|22","|","|move|p2a: Victini|U-turn|p1a: Rotom-Wash","|-damage|p1a: Rotom-Wash|0 fnt","|faint|p1a: Rotom-Wash","|","|switch|p2a: Gallade|Gallade-Mega, M|58/278","|","|","|switch|p1a: Politoed|Politoed, M|384/384","|-weather|RainDance","|turn|23","|","|move|p2a: Gallade|Drain Punch|p1a: Politoed","|-damage|p1a: Politoed|236/384","|-heal|p2a: Gallade|132/278|[from] drain|[of] p1a: Politoed","|move|p1a: Politoed|Scald|p2a: Gallade","|-damage|p2a: Gallade|21/278","|","|-weather|RainDance|[upkeep]","|-heal|p1a: Politoed|260/384|[from] item: Leftovers","|turn|24","|","|move|p2a: Gallade|Drain Punch|p1a: Politoed","|-damage|p1a: Politoed|95/384","|-heal|p2a: Gallade|104/278|[from] drain|[of] p1a: Politoed","|move|p1a: Politoed|Scald|p2a: Gallade","|-damage|p2a: Gallade|0 fnt","|faint|p2a: Gallade","|","|-weather|RainDance|[upkeep]","|-heal|p1a: Politoed|119/384|[from] item: Leftovers","|","|switch|p2a: Victini|Victini|341/341","|turn|25","|","|move|p2a: Victini|Bolt Strike|p1a: Politoed","|-supereffective|p1a: Politoed","|-damage|p1a: Politoed|0 fnt","|faint|p1a: Politoed","|","|-weather|RainDance|[upkeep]","|","|switch|p1a: Ludicolo|Ludicolo, M|301/301","|turn|26","|","|move|p2a: Victini|Bolt Strike|p1a: Ludicolo","|-damage|p1a: Ludicolo|120/301","|move|p1a: Ludicolo|Surf|p2a: Victini","|-supereffective|p2a: Victini","|-damage|p2a: Victini|0 fnt","|faint|p2a: Victini","|","|-weather|RainDance|[upkeep]","|","|switch|p2a: Jirachi|Jirachi|169/341 brn","|turn|27","|","|move|p2a: Jirachi|U-turn|p1a: Ludicolo","|-supereffective|p1a: Ludicolo","|-damage|p1a: Ludicolo|29/301","|move|p1a: Ludicolo|Surf|p2a: Jirachi","|-damage|p2a: Jirachi|0 fnt","|faint|p2a: Jirachi","|","|win|Marx-Bot"],"p1rating":{"entryid":"79213","serverid":"eos","formatid":"monotype","userid":"marxbot","username":"Marx-Bot","w":6,"l":"5","t":"0","gxe":51.8,"r":"1476.3086752794","rd":"95.840461940003","sigma":"0","rptime":"1440579600","rpr":1513.9431786895,"rprd":85.173821427375,"rpsigma":"0","acre":1121.9686397691,"lacre":1121.9686397691,"oldacre":"1104.2529198177"},"p2rating":{"entryid":506008,"formatid":"monotype","userid":"carniewight","username":"Carnie Wight","r":1500,"rd":130,"sigma":0,"rpr":1456.0407237313,"rprd":122.42360759391,"rpsigma":0,"rptime":1440579600,"w":0,"l":1,"t":0,"gxe":44.5,"acre":1000,"lacre":1000,"oldacre":1000},"endType":"normal"}