{"seed":[53703,62050,16287,30676],"turns":25,"p1":"Scrub161","p2":"GL♅Reshiram","p1team":[{"name":"Venusaur","species":"Venusaur","item":"venusaurite","ability":"Chlorophyll","moves":["sludgebomb","gigadrain","hiddenpowerfire","synthesis"],"nature":"Modest","evs":{"hp":232,"atk":0,"def":0,"spa":252,"spd":0,"spe":24},"ivs":{"hp":31,"atk":0,"def":31,"spa":30,"spd":31,"spe":30}},{"name":"Ferrothorn","species":"Ferrothorn","item":"rockyhelmet","ability":"Iron Barbs","moves":["gyroball","stealthrock","spikes","leechseed"],"nature":"Relaxed","evs":{"hp":248,"atk":0,"def":252,"spa":0,"spd":8,"spe":0},"ivs":{"hp":31,"atk":31,"def":31,"spa":31,"spd":31,"spe":0}},{"name":"Cradily","species":"Cradily","item":"leftovers","ability":"Storm Drain","moves":["earthquake","rockslide","recover","curse"],"nature":"Careful","evs":{"hp":248,"atk":0,"def":8,"spa":0,"spd":252,"spe":0},"ivs":{"hp":31,"atk":31,"def":31,"spa":31,"spd":31,"spe":31}},{"name":"Whimsicott","species":"Whimsicott","item":"lifeorb","ability":"Prankster","moves":["gigadrain","moonblast","hiddenpowerfire","taunt"],"nature":"Timid","evs":{"hp":0,"atk":0,"def":0,"spa":252,"spd":4,"spe":252},"gender":"M","ivs":{"hp":31,"atk":30,"def":31,"spa":30,"spd":31,"spe":30},"shiny":true},{"name":"Celebi","species":"Celebi","item":"choicescarf","ability":"Natural Cure","moves":["psychic","earthpower","energyball","dazzlinggleam"],"nature":"Timid","evs":{"hp":0,"atk":0,"def":0,"spa":252,"spd":4,"spe":252},"ivs":{"hp":31,"atk":0,"def":31,"spa":31,"spd":31,"spe":31}},{"name":"Breloom","species":"Breloom","item":"focussash","ability":"Technician","moves":["machpunch","bulletseed","rocktomb","spore"],"nature":"Jolly","evs":{"hp":0,"atk":252,"def":0,"spa":0,"spd":4,"spe":252},"ivs":{"hp":31,"atk":31,"def":31,"spa":31,"spd":31,"spe":31}}],"p2team":[{"name":"Hippowdon","species":"Hippowdon","item":"leftovers","ability":"Sand Stream","moves":["stoneedge","stealthrock","slackoff","whirlwind"],"nature":"Impish","evs":{"hp":252,"atk":0,"def":144,"spa":0,"spd":112,"spe":0},"shiny":true,"ivs":{"hp":31,"atk":31,"def":31,"spa":31,"spd":31,"spe":31}},{"name":"Garchomp","species":"Garchomp","item":"salacberry","ability":"Rough Skin","moves":["swordsdance","earthquake","dragonclaw","substitute"],"nature":"Jolly","evs":{"hp":12,"atk":244,"def":0,"spa":0,"spd":0,"spe":252},"shiny":true,"ivs":{"hp":31,"atk":31,"def":31,"spa":31,"spd":31,"spe":31}},{"name":"Gliscor","species":"Gliscor","item":"toxicorb","ability":"Poison Heal","moves":["taunt","toxic","roost","knockoff"],"nature":"Careful","evs":{"hp":244,"atk":0,"def":8,"spa":0,"spd":200,"spe":56},"shiny":true,"ivs":{"hp":31,"atk":31,"def":31,"spa":31,"spd":31,"spe":31}},{"name":"Excadrill","species":"Excadrill","item":"lifeorb","ability":"Sand Rush","moves":["earthquake","ironhead","rockslide","swordsdance"],"nature":"Adamant","evs":{"hp":0,"atk":252,"def":4,"spa":0,"spd":0,"spe":252},"shiny":true,"ivs":{"hp":31,"atk":31,"def":31,"spa":31,"spd":31,"spe":31}},{"name":"Quagsire","species":"Quagsire","item":"leftovers","ability":"Water Absorb","moves":["earthpower","recover","scald","stockpile"],"nature":"Relaxed","evs":{"hp":252,"atk":0,"def":252,"spa":0,"spd":4,"spe":0},"ivs":{"hp":31,"atk":31,"def":31,"spa":31,"spd":31,"spe":31}},{"name":"Nidoking","species":"Nidoking","item":"lifeorb","ability":"Sheer Force","moves":["sludgewave","earthpower","icebeam","superpower"],"nature":"Naive","evs":{"hp":0,"atk":0,"def":4,"spa":252,"spd":0,"spe":252},"shiny":true,"ivs":{"hp":31,"atk":31,"def":31,"spa":31,"spd":31,"spe":31}}],"log":["|player|p1|Scrub161|169","|player|p2|GL♅Reshiram|163","|gametype|singles","|gen|6","|tier|Monotype","|rated","|rule|Baton Pass Clause: Limit one Baton Passer, can't pass Spe and other stats simultaneously","|rule|Swagger Clause: Swagger is banned","|rule|Same Type Clause: Pokémon in a team must share a type","|clearpoke","|poke|p1|Venusaur, M","|poke|p1|Ferrothorn, M","|poke|p1|Cradily, F","|poke|p1|Whimsicott, M, shiny","|poke|p1|Celebi","|poke|p1|Breloom, F","|poke|p2|Hippowdon, F, shiny","|poke|p2|Garchomp, F, shiny","|poke|p2|Gliscor, F, shiny","|poke|p2|Excadrill, M, shiny","|poke|p2|Quagsire, M","|poke|p2|Nidoking, M, shiny","|rule|Sleep Clause Mod: Limit one foe put to sleep","|rule|Species Clause: Limit one of each Pokémon","|rule|OHKO Clause: OHKO moves are banned","|rule|Moody Clause: Moody is banned","|rule|Evasion Moves Clause: Evasion moves are banned","|rule|Endless Battle Clause: Forcing endless battles is banned","|rule|HP Percentage Mod: HP is shown in percentages","|teampreview","|","|start","|switch|p1a: Celebi|Celebi|341/341","|switch|p2a: Garchomp|Garchomp, F, shiny|360/360","|turn|1","|","|move|p1a: Celebi|Dazzling Gleam|p2a: Garchomp","|-supereffective|p2a: Garchomp","|-damage|p2a: Garchomp|178/360","|move|p2a: Garchomp|Substitute|p2a: Garchomp","|-start|p2a: Garchomp|Substitute","|-damage|p2a: Garchomp|88/360","|-enditem|p2a: Garchomp|Salac Berry|[eat]","|-boost|p2a: Garchomp|spe|1|[from] item: Salac Berry","|","|turn|2","|","|move|p2a: Garchomp|Swords Dance|p2a: Garchomp","|-boost|p2a: Garchomp|atk|2","|move|p1a: Celebi|Dazzling Gleam|p2a: Garchomp","|-supereffective|p2a: Garchomp","|-end|p2a: Garchomp|Substitute","|","|turn|3","|","|switch|p1a: Ferrothorn|Ferrothorn, M|351/351","|move|p2a: Garchomp|Dragon Claw|p1a: Ferrothorn","|-resisted|p1a: Ferrothorn","|-damage|p1a: Ferrothorn|272/351","|-damage|p2a: Garchomp|43/360|[from] ability: Iron Barbs|[of] p1a: Ferrothorn","|-damage|p2a: Garchomp|0 fnt|[from] item: Rocky Helmet|[of] p1a: Ferrothorn","|faint|p2a: Garchomp","|","|","|switch|p2a: Hippowdon|Hippowdon, F, shiny|420/420","|-weather|Sandstorm","|turn|4","|","|switch|p1a: Venusaur|Venusaur, M|359/359","|move|p2a: Hippowdon|Stealth Rock|p1a: Venusaur","|-sidestart|p1: Scrub161|move: Stealth Rock","|","|-weather|Sandstorm|[upkeep]","|-damage|p1a: Venusaur|337/359|[from] sandstorm","|turn|5","|","|switch|p2a: Nidoking|Nidoking, M, shiny|303/303","|detailschange|p1a: Venusaur|Venusaur-Mega, M","|-mega|p1a: Venusaur|Venusaur|Venusaurite","|move|p1a: Venusaur|Giga Drain|p2a: Nidoking","|-damage|p2a: Nidoking|111/303","|-heal|p1a: Venusaur|359/359|[from] drain|[of] p2a: Nidoking","|","|-weather|Sandstorm|[upkeep]","|-damage|p1a: Venusaur|337/359|[from] sandstorm","|turn|6","|","|move|p2a: Nidoking|Earth Power|p1a: Venusaur","|-damage|p1a: Venusaur|160/359","|move|p1a: Venusaur|Giga Drain|p2a: Nidoking","|-damage|p2a: Nidoking|0 fnt","|-heal|p1a: Venusaur|216/359|[from] drain|[of] p2a: Nidoking","|faint|p2a: Nidoking","|","|-weather|Sandstorm|[upkeep]","|-damage|p1a: Venusaur|194/359|[from] sandstorm","|","|switch|p2a: Excadrill|Excadrill, M, shiny|361/361","|turn|7","|","|move|p2a: Excadrill|Swords Dance|p2a: Excadrill","|-boost|p2a: Excadrill|atk|2","|move|p1a: Venusaur|Giga Drain|p2a: Excadrill","|-damage|p2a: Excadrill|154/361","|-heal|p1a: Venusaur|298/359|[from] drain|[of] p2a: Excadrill","|","|-weather|Sandstorm|[upkeep]","|-damage|p1a: Venusaur|276/359|[from] sandstorm","|turn|8","|","|move|p2a: Excadrill|Earthquake|p1a: Venusaur","|-damage|p1a: Venusaur|0 fnt","|-damage|p2a: Excadrill|118/361|[from] item: Life Orb","|faint|p1a: Venusaur","|","|-weather|none","|","|switch|p1a: Ferrothorn|Ferrothorn, M|272/351","|-damage|p1a: Ferrothorn|251/351|[from] Stealth Rock","|turn|9","|","|move|p2a: Excadrill|Earthquake|p1a: Ferrothorn","|-damage|p1a: Ferrothorn|0 fnt","|-damage|p2a: Excadrill|82/361|[from] item: Life Orb","|faint|p1a: Ferrothorn","|","|","|switch|p1a: Whimsicott|Whimsicott, M, shiny|261/261","|-damage|p1a: Whimsicott|229/261|[from] Stealth Rock","|turn|10","|","|switch|p2a: Hippowdon|Hippowdon, F, shiny|420/420","|-weather|Sandstorm","|move|p1a: Whimsicott|Hidden Power|p2a: Hippowdon","|-damage|p2a: Hippowdon|343/420","|-damage|p1a: Whimsicott|203/261|[from] item: Life Orb","|","|-weather|Sandstorm|[upkeep]","|-damage|p1a: Whimsicott|187/261|[from] sandstorm","|-heal|p2a: Hippowdon|369/420|[from] item: Leftovers","|turn|11","|","|move|p1a: Whimsicott|Giga Drain|p2a: Hippowdon","|-supereffective|p2a: Hippowdon","|-damage|p2a: Hippowdon|101/420","|-heal|p1a: Whimsicott|261/261|[from] drain|[of] p2a: Hippowdon","|-damage|p1a: Whimsicott|235/261|[from] item: Life Orb","|move|p2a: Hippowdon|Whirlwind|p1a: Whimsicott","|drag|p1a: Cradily|Cradily, F|375/375","|-damage|p1a: Cradily|329/375|[from] Stealth Rock","|","|-weather|Sandstorm|[upkeep]","|-heal|p2a: Hippowdon|127/420|[from] item: Leftovers","|-heal|p1a: Cradily|352/375|[from] item: Leftovers","|turn|12","|","|move|p2a: Hippowdon|Slack Off|p2a: Hippowdon","|-heal|p2a: Hippowdon|337/420","|move|p1a: Cradily|Curse|p1a: Cradily","|-unboost|p1a: Cradily|spe|1","|-boost|p1a: Cradily|atk|1","|-boost|p1a: Cradily|def|1","|","|-weather|Sandstorm|[upkeep]","|-heal|p2a: Hippowdon|363/420|[from] item: Leftovers","|-heal|p1a: Cradily|375/375|[from] item: Leftovers","|turn|13","|","|move|p1a: Cradily|Earthquake|p2a: Hippowdon","|-damage|p2a: Hippowdon|293/420","|move|p2a: Hippowdon|Whirlwind|p1a: Cradily","|drag|p1a: Whimsicott|Whimsicott, M, shiny|235/261","|-damage|p1a: Whimsicott|203/261|[from] Stealth Rock","|","|-weather|Sandstorm|[upkeep]","|-damage|p1a: Whimsicott|187/261|[from] sandstorm","|-heal|p2a: Hippowdon|319/420|[from] item: Leftovers","|turn|14","|","|move|p1a: Whimsicott|Giga Drain|p2a: Hippowdon","|-supereffective|p2a: Hippowdon","|-damage|p2a: Hippowdon|38/420","|-heal|p1a: Whimsicott|261/261|[from] drain|[of] p2a: Hippowdon","|-damage|p1a: Whimsicott|235/261|[from] item: Life Orb","|move|p2a: Hippowdon|Whirlwind|p1a: Whimsicott","|drag|p1a: Breloom|Breloom, F|261/261","|-damage|p1a: Breloom|245/261|[from] Stealth Rock","|","|-weather|none","|-heal|p2a: Hippowdon|64/420|[from] item: Leftovers","|turn|15","|","|switch|p2a: Quagsire|Quagsire, M|394/394","|move|p1a: Breloom|Bullet Seed|p2a: Quagsire","|-supereffective|p2a: Quagsire","|-damage|p2a: Quagsire|174/394","|-supereffective|p2a: Quagsire","|-damage|p2a: Quagsire|0 fnt","|-hitcount|p2a: Quagsire|2","|faint|p2a: Quagsire","|","|","|switch|p2a: Hippowdon|Hippowdon, F, shiny|64/420","|-weather|Sandstorm","|turn|16","|","|move|p1a: Breloom|Spore|p2a: Hippowdon","|-status|p2a: Hippowdon|slp","|cant|p2a: Hippowdon|slp","|","|-weather|Sandstorm|[upkeep]","|-damage|p1a: Breloom|229/261|[from] sandstorm","|-heal|p2a: Hippowdon|90/420 slp|[from] item: Leftovers","|turn|17","|","|switch|p2a: Gliscor|Gliscor, F, shiny|352/352","|move|p1a: Breloom|Rock Tomb|p2a: Gliscor","|-damage|p2a: Gliscor|263/352","|-unboost|p2a: Gliscor|spe|1","|","|-weather|Sandstorm|[upkeep]","|-damage|p1a: Breloom|213/261|[from] sandstorm","|-status|p2a: Gliscor|tox|[from] item: Toxic Orb","|turn|18","|","|switch|p1a: Celebi|Celebi|341/341","|-damage|p1a: Celebi|299/341|[from] Stealth Rock","|move|p2a: Gliscor|Taunt|p1a: Celebi","|-start|p1a: Celebi|move: Taunt","|","|-weather|Sandstorm|[upkeep]","|-damage|p1a: Celebi|278/341|[from] sandstorm","|-heal|p2a: Gliscor|307/352 tox|[from] ability: Poison Heal","|turn|19","|","|move|p1a: Celebi|Psychic|p2a: Gliscor","|-damage|p2a: Gliscor|195/352 tox","|move|p2a: Gliscor|Knock Off|p1a: Celebi","|-supereffective|p1a: Celebi","|-damage|p1a: Celebi|118/341","|-enditem|p1a: Celebi|Choice Scarf|[from] move: Knock Off|[of] p2a: Gliscor","|","|-weather|Sandstorm|[upkeep]","|-damage|p1a: Celebi|97/341|[from] sandstorm","|-heal|p2a: Gliscor|239/352 tox|[from] ability: Poison Heal","|turn|20","|","|move|p1a: Celebi|Psychic|p2a: Gliscor","|-damage|p2a: Gliscor|124/352 tox","|move|p2a: Gliscor|Knock Off|p1a: Celebi","|-supereffective|p1a: Celebi","|-damage|p1a: Celebi|0 fnt","|faint|p1a: Celebi","|","|-weather|none","|-heal|p2a: Gliscor|168/352 tox|[from] ability: Poison Heal","|","|switch|p1a: Whimsicott|Whimsicott, M, shiny|235/261","|-damage|p1a: Whimsicott|203/261|[from] Stealth Rock","|turn|21","|","|move|p1a: Whimsicott|Moonblast|p2a: Gliscor","|-damage|p2a: Gliscor|19/352 tox","|-damage|p1a: Whimsicott|177/261|[from] item: Life Orb","|move|p2a: Gliscor|Toxic|p1a: Whimsicott","|-status|p1a: Whimsicott|tox","|","|-damage|p1a: Whimsicott|161/261 tox|[from] psn","|-heal|p2a: Gliscor|63/352 tox|[from] ability: Poison Heal","|turn|22","|","|switch|p2a: Hippowdon|Hippowdon, F, shiny|90/420 slp","|-weather|Sandstorm","|move|p1a: Whimsicott|Giga Drain|p2a: Hippowdon","|-supereffective|p2a: Hippowdon","|-damage|p2a: Hippowdon|0 fnt","|-heal|p1a: Whimsicott|206/261 tox|[from] drain|[of] p2a: Hippowdon","|-damage|p1a: Whimsicott|180/261 tox|[from] item: Life Orb","|faint|p2a: Hippowdon","|","|-weather|Sandstorm|[upkeep]","|-damage|p1a: Whimsicott|164/261 tox|[from] sandstorm","|-damage|p1a: Whimsicott|132/261 tox|[from] psn","|","|switch|p2a: Excadrill|Excadrill, M, shiny|82/361","|turn|23","|","|move|p2a: Excadrill|Iron Head|p1a: Whimsicott","|-supereffective|p1a: Whimsicott","|-damage|p1a: Whimsicott|0 fnt","|-damage|p2a: Excadrill|46/361|[from] item: Life Orb","|faint|p1a: Whimsicott","|","|-weather|Sandstorm|[upkeep]","|","|switch|p1a: Breloom|Breloom, F|213/261","|-damage|p1a: Breloom|197/261|[from] Stealth Rock","|turn|24","|","|move|p1a: Breloom|Mach Punch|p2a: Excadrill","|-supereffective|p2a: Excadrill","|-damage|p2a: Excadrill|0 fnt","|faint|p2a: Excadrill","|","|-weather|Sandstorm|[upkeep]","|-damage|p1a: Breloom|181/261|[from] sandstorm","|","|switch|p2a: Gliscor|Gliscor, F, shiny|63/352 tox","|turn|25","|","|move|p1a: Breloom|Bullet Seed|p2a: Gliscor","|-damage|p2a: Gliscor|12/352 tox","|-damage|p2a: Gliscor|0 fnt","|-hitcount|p2a: Gliscor|2","|faint|p2a: Gliscor","|","|win|Scrub161"],"p1rating":{"entryid":504966,"formatid":"monotype","userid":"scrub161","username":"Scrub161","r":1500,"rd":130,"sigma":0,"rpr":1534.5102525623,"rprd":122.44172133208,"rpsigma":0,"rptime":1440579600,"w":1,"l":0,"t":0,"gxe":54.3,"acre":1043.5549012595,"lacre":1043.5549012595,"oldacre":1000},"p2rating":{"entryid":"319032","serverid":"eos","formatid":"monotype","userid":"glreshiram","username":"GL♅Reshiram","w":"6","l":11,"t":"0","gxe":39.3,"r":"1436.9307065786","rd":"81.411486860812","sigma":"0","rptime":"1440579600","rpr":1416.3426698497,"rprd":74.65990847355,"rpsigma":"0","acre":1015.0138486222,"lacre":1015.0138486222,"oldacre":"1030.9591609267"},"endType":"normal"}