{"seed":[6255,4481,28593,28146],"turns":24,"p1":"Emg GL Test Tech","p2":"Shining Yin","p1team":[{"name":"FingerTrap","species":"hoopaunbound","item":"lifeorb","ability":"Magician","moves":["gunkshot","focusblast","psychic","hyperspacefury"],"nature":"Hasty","evs":{"hp":0,"atk":88,"def":0,"spa":168,"spd":0,"spe":252},"ivs":{"hp":31,"atk":31,"def":31,"spa":31,"spd":31,"spe":31}},{"name":"Gallade","species":"Gallade","item":"galladite","ability":"Steadfast","moves":["drainpunch","swordsdance","willowisp","shadowsneak"],"nature":"Jolly","evs":{"hp":4,"atk":252,"def":0,"spa":0,"spd":0,"spe":252},"ivs":{"hp":31,"atk":31,"def":31,"spa":31,"spd":31,"spe":31}},{"name":"Latios","species":"Latios","item":"choicescarf","ability":"Levitate","moves":["dracometeor","trick","psychic","defog"],"nature":"Timid","evs":{"hp":0,"atk":0,"def":0,"spa":252,"spd":4,"spe":252},"ivs":{"hp":31,"atk":31,"def":31,"spa":31,"spd":31,"spe":31}},{"name":"Miracle eye","species":"jirachi","item":"leftovers","ability":"Serene Grace","moves":["thunderwave","ironhead","healingwish","substitute"],"nature":"Careful","evs":{"hp":248,"atk":0,"def":0,"spa":0,"spd":228,"spe":32},"ivs":{"hp":31,"atk":31,"def":31,"spa":31,"spd":31,"spe":31}},{"name":"Bulky ORB","species":"deoxysdefense","item":"leftovers","ability":"Pressure","moves":["nightshade","recover","cosmicpower","toxic"],"nature":"Careful","evs":{"hp":252,"atk":0,"def":128,"spa":0,"spd":128,"spe":0},"ivs":{"hp":31,"atk":31,"def":31,"spa":31,"spd":31,"spe":31}},{"name":"No Duh !!!","species":"slowbro","item":"leftovers","ability":"Regenerator","moves":["scald","slackoff","fireblast","yawn"],"nature":"Bold","evs":{"hp":252,"atk":0,"def":200,"spa":0,"spd":56,"spe":0},"ivs":{"hp":31,"atk":31,"def":31,"spa":31,"spd":31,"spe":31}}],"p2team":[{"name":"Chansey","species":"Chansey","item":"eviolite","ability":"Natural Cure","moves":["thunderwave","softboiled","seismictoss","stealthrock"],"nature":"Bold","evs":{"hp":0,"atk":0,"def":252,"spa":0,"spd":252,"spe":4},"ivs":{"hp":31,"atk":0,"def":31,"spa":31,"spd":31,"spe":31}},{"name":"Porygon2","species":"Porygon2","item":"eviolite","ability":"Download","moves":["icebeam","hiddenpowerfire","recover","toxic"],"nature":"Calm","evs":{"hp":248,"atk":0,"def":204,"spa":0,"spd":56,"spe":0},"ivs":{"hp":31,"atk":30,"def":31,"spa":30,"spd":31,"spe":30}},{"name":"Pidgeot","species":"Pidgeot","item":"pidgeotite","ability":"Keen Eye","moves":["hurricane","heatwave","defog","roost"],"nature":"Timid","evs":{"hp":0,"atk":0,"def":0,"spa":252,"spd":4,"spe":252},"ivs":{"hp":31,"atk":0,"def":31,"spa":31,"spd":31,"spe":31}},{"name":"Staraptor","species":"Staraptor","item":"choicescarf","ability":"Reckless","moves":["bravebird","uturn","doubleedge","closecombat"],"nature":"Jolly","evs":{"hp":0,"atk":252,"def":0,"spa":0,"spd":4,"spe":252},"ivs":{"hp":31,"atk":31,"def":31,"spa":31,"spd":31,"spe":31}},{"name":"Diggersby","species":"Diggersby","item":"choiceband","ability":"Huge Power","moves":["return","earthquake","knockoff","quickattack"],"nature":"Jolly","evs":{"hp":0,"atk":252,"def":0,"spa":0,"spd":4,"spe":252},"ivs":{"hp":31,"atk":31,"def":31,"spa":31,"spd":31,"spe":31}},{"name":"Heliolisk","species":"Heliolisk","item":"lifeorb","ability":"Dry Skin","moves":["grassknot","thunderbolt","surf","voltswitch"],"nature":"Timid","evs":{"hp":0,"atk":0,"def":0,"spa":252,"spd":4,"spe":252},"ivs":{"hp":31,"atk":0,"def":31,"spa":31,"spd":31,"spe":31}}],"log":["|player|p1|Emg GL Test Tech|149","|player|p2|Shining Yin|258","|gametype|singles","|gen|6","|tier|Monotype","|rated","|rule|Baton Pass Clause: Limit one Baton Passer, can't pass Spe and other stats simultaneously","|rule|Swagger Clause: Swagger is banned","|rule|Same Type Clause: Pokémon in a team must share a type","|clearpoke","|poke|p1|Hoopa-Unbound","|poke|p1|Gallade, M","|poke|p1|Latios, M","|poke|p1|Jirachi","|poke|p1|Deoxys-Defense","|poke|p1|Slowbro, F","|poke|p2|Chansey, F","|poke|p2|Porygon2","|poke|p2|Pidgeot, F","|poke|p2|Staraptor, F","|poke|p2|Diggersby, F","|poke|p2|Heliolisk, M","|rule|Sleep Clause Mod: Limit one foe put to sleep","|rule|Species Clause: Limit one of each Pokémon","|rule|OHKO Clause: OHKO moves are banned","|rule|Moody Clause: Moody is banned","|rule|Evasion Moves Clause: Evasion moves are banned","|rule|Endless Battle Clause: Forcing endless battles is banned","|rule|HP Percentage Mod: HP is shown in percentages","|teampreview","|","|start","|switch|p1a: Gallade|Gallade, M|278/278","|switch|p2a: Diggersby|Diggersby, F|311/311","|turn|1","|","|switch|p1a: No Duh !!!|Slowbro, F|394/394","|switch|p2a: Staraptor|Staraptor, F|311/311","|","|turn|2","|","|switch|p2a: Heliolisk|Heliolisk, M|265/265","|move|p1a: No Duh !!!|Yawn|p2a: Heliolisk","|-start|p2a: Heliolisk|move: Yawn|[of] p1a: No Duh !!!","|","|turn|3","|","|move|p2a: Heliolisk|Volt Switch|p1a: No Duh !!!","|-supereffective|p1a: No Duh !!!","|-damage|p1a: No Duh !!!|64/394","|-damage|p2a: Heliolisk|239/265|[from] item: Life Orb","|","|switch|p2a: Staraptor|Staraptor, F|311/311","|move|p1a: No Duh !!!|Scald|p2a: Staraptor","|-damage|p2a: Staraptor|181/311","|","|-heal|p1a: No Duh !!!|88/394|[from] item: Leftovers","|turn|4","|","|switch|p1a: Bulky ORB|Deoxys-Defense|304/304","|-ability|p1a: Bulky ORB|Pressure","|move|p2a: Staraptor|U-turn|p1a: Bulky ORB","|-supereffective|p1a: Bulky ORB","|-damage|p1a: Bulky ORB|206/304","|","|switch|p2a: Diggersby|Diggersby, F|311/311","|","|-heal|p1a: Bulky ORB|225/304|[from] item: Leftovers","|turn|5","|","|move|p2a: Diggersby|Knock Off|p1a: Bulky ORB","|-supereffective|p1a: Bulky ORB","|-damage|p1a: Bulky ORB|0 fnt","|-enditem|p1a: Bulky ORB|Leftovers|[from] move: Knock Off|[of] p2a: Diggersby","|faint|p1a: Bulky ORB","|","|","|switch|p1a: Gallade|Gallade, M|278/278","|turn|6","|","|switch|p2a: Chansey|Chansey, F|641/641","|detailschange|p1a: Gallade|Gallade-Mega, M","|-mega|p1a: Gallade|Gallade|Galladite","|move|p1a: Gallade|Drain Punch|p2a: Chansey","|-supereffective|p2a: Chansey","|-damage|p2a: Chansey|225/641","|","|turn|7","|","|move|p1a: Gallade|Drain Punch|p2a: Chansey","|-supereffective|p2a: Chansey","|-damage|p2a: Chansey|0 fnt","|faint|p2a: Chansey","|","|","|switch|p2a: Staraptor|Staraptor, F|181/311","|turn|8","|","|move|p2a: Staraptor|Brave Bird|p1a: Gallade","|-supereffective|p1a: Gallade","|-damage|p1a: Gallade|0 fnt","|-damage|p2a: Staraptor|89/311|[from] recoil|[of] p1a: Gallade","|faint|p1a: Gallade","|","|","|switch|p1a: No Duh !!!|Slowbro, F|219/394","|turn|9","|","|switch|p2a: Heliolisk|Heliolisk, M|239/265","|switch|p1a: Miracle eye|Jirachi|403/403","|","|turn|10","|","|switch|p1a: Latios|Latios, M|301/301","|move|p2a: Heliolisk|Volt Switch|p1a: Latios","|-resisted|p1a: Latios","|-damage|p1a: Latios|231/301","|-damage|p2a: Heliolisk|213/265|[from] item: Life Orb","|","|switch|p2a: Staraptor|Staraptor, F|89/311","|","|turn|11","|","|move|p1a: Latios|Psychic|p2a: Staraptor","|-damage|p2a: Staraptor|0 fnt","|faint|p2a: Staraptor","|","|","|switch|p2a: Diggersby|Diggersby, F|311/311","|turn|12","|","|move|p1a: Latios|Psychic|p2a: Diggersby","|-damage|p2a: Diggersby|113/311","|move|p2a: Diggersby|Knock Off|p1a: Latios","|-supereffective|p1a: Latios","|-damage|p1a: Latios|0 fnt","|-enditem|p1a: Latios|Choice Scarf|[from] move: Knock Off|[of] p2a: Diggersby","|faint|p1a: Latios","|","|","|switch|p1a: No Duh !!!|Slowbro, F|350/394","|turn|13","|","|switch|p2a: Heliolisk|Heliolisk, M|213/265","|move|p1a: No Duh !!!|Scald|p2a: Heliolisk","|-heal|p2a: Heliolisk|265/265|[from] ability: Dry Skin|[of] p1a: No Duh !!!","|","|-heal|p1a: No Duh !!!|374/394|[from] item: Leftovers","|turn|14","|","|move|p2a: Heliolisk|Thunderbolt|p1a: No Duh !!!","|-supereffective|p1a: No Duh !!!","|-damage|p1a: No Duh !!!|0 fnt","|-damage|p2a: Heliolisk|239/265|[from] item: Life Orb","|faint|p1a: No Duh !!!","|","|","|switch|p1a: FingerTrap|Hoopa-Unbound|301/301","|turn|15","|","|move|p2a: Heliolisk|Volt Switch|p1a: FingerTrap","|-damage|p1a: FingerTrap|184/301","|-damage|p2a: Heliolisk|213/265|[from] item: Life Orb","|","|switch|p2a: Porygon2|Porygon2|373/373","|-boost|p2a: Porygon2|atk|1|[from] ability: Download","|move|p1a: FingerTrap|Focus Blast|p2a: Porygon2|[miss]","|-miss|p1a: FingerTrap|p2a: Porygon2","|","|turn|16","|","|move|p1a: FingerTrap|Focus Blast|p2a: Porygon2","|-supereffective|p2a: Porygon2","|-damage|p2a: Porygon2|136/373","|-damage|p1a: FingerTrap|154/301|[from] item: Life Orb","|move|p2a: Porygon2|Toxic|p1a: FingerTrap","|-status|p1a: FingerTrap|tox","|","|-damage|p1a: FingerTrap|136/301 tox|[from] psn","|turn|17","|","|move|p1a: FingerTrap|Hyperspace Fury|p2a: Porygon2","|-damage|p2a: Porygon2|0 fnt","|-unboost|p1a: FingerTrap|def|1","|-damage|p1a: FingerTrap|106/301 tox|[from] item: Life Orb","|faint|p2a: Porygon2","|","|-damage|p1a: FingerTrap|70/301 tox|[from] psn","|","|switch|p2a: Pidgeot|Pidgeot, F|307/307","|turn|18","|","|switch|p1a: Miracle eye|Jirachi|403/403","|detailschange|p2a: Pidgeot|Pidgeot-Mega, F","|-mega|p2a: Pidgeot|Pidgeot|Pidgeotite","|move|p2a: Pidgeot|Hurricane|p1a: Miracle eye","|-resisted|p1a: Miracle eye","|-damage|p1a: Miracle eye|336/403","|-start|p1a: Miracle eye|confusion","|","|-heal|p1a: Miracle eye|361/403|[from] item: Leftovers","|turn|19","|","|move|p2a: Pidgeot|Heat Wave|p1a: Miracle eye","|-supereffective|p1a: Miracle eye","|-damage|p1a: Miracle eye|183/403","|-activate|p1a: Miracle eye|confusion","|-damage|p1a: Miracle eye|151/403|[from] confusion","|","|-heal|p1a: Miracle eye|176/403|[from] item: Leftovers","|turn|20","|","|move|p2a: Pidgeot|Heat Wave|p1a: Miracle eye","|-supereffective|p1a: Miracle eye","|-damage|p1a: Miracle eye|16/403","|-activate|p1a: Miracle eye|confusion","|move|p1a: Miracle eye|Thunder Wave|p2a: Pidgeot","|-status|p2a: Pidgeot|par","|","|-heal|p1a: Miracle eye|41/403|[from] item: Leftovers","|turn|21","|","|switch|p2a: Heliolisk|Heliolisk, M|213/265","|-end|p1a: Miracle eye|confusion","|move|p1a: Miracle eye|Healing Wish|p1a: Miracle eye","|faint|p1a: Miracle eye","|","|","|switch|p1a: FingerTrap|Hoopa-Unbound|70/301 tox","|-heal|p1a: FingerTrap|301/301|[from] move: Healing Wish","|turn|22","|","|move|p2a: Heliolisk|Volt Switch|p1a: FingerTrap","|-damage|p1a: FingerTrap|183/301","|-damage|p2a: Heliolisk|187/265|[from] item: Life Orb","|","|switch|p2a: Pidgeot|Pidgeot-Mega, F|307/307 par","|move|p1a: FingerTrap|Psychic|p2a: Pidgeot","|-damage|p2a: Pidgeot|11/307 par","|-damage|p1a: FingerTrap|153/301|[from] item: Life Orb","|","|turn|23","|","|move|p1a: FingerTrap|Psychic|p2a: Pidgeot","|-damage|p2a: Pidgeot|0 fnt","|-damage|p1a: FingerTrap|123/301|[from] item: Life Orb","|faint|p2a: Pidgeot","|","|","|switch|p2a: Diggersby|Diggersby, F|113/311","|turn|24","|","|move|p2a: Diggersby|Quick Attack|p1a: FingerTrap","|-damage|p1a: FingerTrap|0 fnt","|faint|p1a: FingerTrap","|","|win|Shining Yin"],"p1rating":{"entryid":"437770","serverid":"eos","formatid":"monotype","userid":"emggltesttech","username":"Emg GL Test Tech","w":"9","l":3,"t":"0","gxe":65.1,"r":"1543.9237951074","rd":"111.00780181906","sigma":"0","rptime":"1440579600","rpr":1620.757240959,"rprd":82.792545596952,"rpsigma":"0","acre":1156.1198198673,"lacre":1156.1198198673,"oldacre":"1183.2085818922"},"p2rating":{"entryid":"71235","serverid":"eos","formatid":"monotype","userid":"shiningyin","username":"Shining Yin","w":60,"l":"31","t":"0","gxe":64,"r":"1611.0691699868","rd":"39.913970420739","sigma":"0","rptime":"1440579600","rpr":1609.1987091389,"rprd":39.487698025209,"rpsigma":"0","acre":1181.2011032603,"lacre":1181.2011032603,"oldacre":"1154.1123412354"},"endType":"normal"}