{"seed":[56693,29917,53372,33681],"turns":27,"p1":"Guard Quilluminati","p2":"tboltrider","p1team":[{"name":"Aggron","species":"Aggron","item":"aggronite","ability":"Sturdy","moves":["heavyslam","curse","rest","sleeptalk"],"nature":"Impish","evs":{"hp":252,"atk":0,"def":16,"spa":0,"spd":240,"spe":0},"shiny":true,"ivs":{"hp":31,"atk":31,"def":31,"spa":31,"spd":31,"spe":31}},{"name":"Aerodactyl","species":"Aerodactyl","item":"focussash","ability":"Rock Head","moves":["aerialace","honeclaws","stoneedge","firefang"],"nature":"Jolly","evs":{"hp":0,"atk":252,"def":0,"spa":0,"spd":4,"spe":252},"ivs":{"hp":31,"atk":31,"def":31,"spa":31,"spd":31,"spe":31}},{"name":"Cradily","species":"Cradily","item":"rockyhelmet","ability":"Storm Drain","moves":["gigadrain","stockpile","recover","toxic"],"nature":"Calm","evs":{"hp":44,"atk":0,"def":216,"spa":48,"spd":140,"spe":60},"ivs":{"hp":31,"atk":31,"def":31,"spa":31,"spd":31,"spe":31}},{"name":"Tyranitar","species":"Tyranitar","item":"assaultvest","ability":"Sand Stream","moves":["fireblast","crunch","earthquake","stoneedge"],"nature":"Naughty","evs":{"hp":252,"atk":152,"def":0,"spa":104,"spd":0,"spe":0},"ivs":{"hp":31,"atk":31,"def":31,"spa":31,"spd":31,"spe":31}},{"name":"Terrakion","species":"Terrakion","item":"choicescarf","ability":"Justified","moves":["closecombat","earthquake","ironhead","stoneedge"],"nature":"Jolly","evs":{"hp":0,"atk":252,"def":0,"spa":0,"spd":4,"spe":252},"ivs":{"hp":31,"atk":31,"def":31,"spa":31,"spd":31,"spe":31}},{"name":"Omastar","species":"Omastar","item":"focussash","ability":"Shell Armor","moves":["shellsmash","icebeam","surf","earthpower"],"nature":"Modest","evs":{"hp":0,"atk":0,"def":0,"spa":252,"spd":4,"spe":252},"ivs":{"hp":31,"atk":31,"def":31,"spa":31,"spd":31,"spe":31}}],"p2team":[{"name":"Cloyster","species":"Cloyster","item":"focussash","ability":"Skill Link","moves":["explosion","shellsmash","iciclespear","rockblast"],"nature":"Careful","evs":{"hp":0,"atk":156,"def":0,"spa":0,"spd":100,"spe":252},"gender":"F","ivs":{"hp":31,"atk":31,"def":31,"spa":31,"spd":31,"spe":31}},{"name":"Slowking","species":"Slowking","item":"assaultvest","ability":"Regenerator","moves":["flamethrower","psyshock","scald","focusblast"],"nature":"Modest","evs":{"hp":0,"atk":0,"def":136,"spa":252,"spd":120,"spe":0},"gender":"M","ivs":{"hp":31,"atk":31,"def":31,"spa":31,"spd":31,"spe":31}},{"name":"Swampert","species":"Swampert","item":"swampertite","ability":"Torrent","moves":["earthquake","refresh","waterfall","icepunch"],"nature":"","gender":"F","evs":{"hp":0,"atk":0,"def":0,"spa":0,"spd":0,"spe":0},"ivs":{"hp":31,"atk":31,"def":31,"spa":31,"spd":31,"spe":31}},{"name":"Tentacruel","species":"Tentacruel","item":"blacksludge","ability":"Liquid Ooze","moves":["toxicspikes","scald","rapidspin","sludgebomb"],"nature":"Modest","evs":{"hp":0,"atk":0,"def":152,"spa":156,"spd":0,"spe":200},"gender":"M","ivs":{"hp":31,"atk":31,"def":31,"spa":31,"spd":31,"spe":31}},{"name":"Azumarill","species":"Azumarill","item":"sitrusberry","ability":"Huge Power","moves":["aquajet","knockoff","playrough","bellydrum"],"nature":"Adamant","evs":{"hp":0,"atk":160,"def":92,"spa":0,"spd":116,"spe":140},"gender":"F","ivs":{"hp":31,"atk":31,"def":31,"spa":31,"spd":31,"spe":31}},{"name":"Keldeo","species":"Keldeo","item":"choicespecs","ability":"Justified","moves":["secretsword","hydropump","hiddenpowerelectric","icywind"],"nature":"Modest","evs":{"hp":0,"atk":0,"def":100,"spa":5,"spd":100,"spe":252},"ivs":{"hp":31,"atk":31,"def":31,"spa":30,"spd":31,"spe":31}}],"log":["|player|p1|Guard Quilluminati|80","|player|p2|tboltrider|93","|gametype|singles","|gen|6","|tier|Monotype","|rated","|rule|Baton Pass Clause: Limit one Baton Passer, can't pass Spe and other stats simultaneously","|rule|Swagger Clause: Swagger is banned","|rule|Same Type Clause: Pokémon in a team must share a type","|clearpoke","|poke|p1|Aggron, M, shiny","|poke|p1|Aerodactyl, F","|poke|p1|Cradily, M","|poke|p1|Tyranitar, M","|poke|p1|Terrakion","|poke|p1|Omastar, F","|poke|p2|Cloyster, F","|poke|p2|Slowking, M","|poke|p2|Swampert, F","|poke|p2|Tentacruel, M","|poke|p2|Azumarill, F","|poke|p2|Keldeo","|rule|Sleep Clause Mod: Limit one foe put to sleep","|rule|Species Clause: Limit one of each Pokémon","|rule|OHKO Clause: OHKO moves are banned","|rule|Moody Clause: Moody is banned","|rule|Evasion Moves Clause: Evasion moves are banned","|rule|Endless Battle Clause: Forcing endless battles is banned","|rule|HP Percentage Mod: HP is shown in percentages","|teampreview","|","|start","|switch|p1a: Terrakion|Terrakion|323/323","|switch|p2a: Azumarill|Azumarill, F|341/341","|turn|1","|","|switch|p1a: Aggron|Aggron, M, shiny|344/344","|move|p2a: Azumarill|Belly Drum|p2a: Azumarill","|-damage|p2a: Azumarill|171/341","|-setboost|p2a: Azumarill|atk|6|[from] move: Belly Drum","|","|turn|2","|","|detailschange|p1a: Aggron|Aggron-Mega, M, shiny","|-mega|p1a: Aggron|Aggron|Aggronite","|move|p2a: Azumarill|Aqua Jet|p1a: Aggron","|-damage|p1a: Aggron|206/344","|move|p1a: Aggron|Curse|p1a: Aggron","|-unboost|p1a: Aggron|spe|1","|-boost|p1a: Aggron|atk|1","|-boost|p1a: Aggron|def|1","|","|turn|3","|","|move|p2a: Azumarill|Aqua Jet|p1a: Aggron","|-damage|p1a: Aggron|122/344","|move|p1a: Aggron|Curse|p1a: Aggron","|-unboost|p1a: Aggron|spe|1","|-boost|p1a: Aggron|atk|1","|-boost|p1a: Aggron|def|1","|","|turn|4","|","|move|p2a: Azumarill|Aqua Jet|p1a: Aggron","|-damage|p1a: Aggron|50/344","|move|p1a: Aggron|Rest|p1a: Aggron","|-status|p1a: Aggron|slp","|-heal|p1a: Aggron|344/344 slp|[silent]","|-status|p1a: Aggron|slp|[from] move: Rest","|","|turn|5","|","|move|p2a: Azumarill|Aqua Jet|p1a: Aggron","|-damage|p1a: Aggron|277/344 slp","|cant|p1a: Aggron|slp","|move|p1a: Aggron|Sleep Talk|p1a: Aggron","|move|p1a: Aggron|Curse|p1a: Aggron|[from]Sleep Talk","|-unboost|p1a: Aggron|spe|1","|-boost|p1a: Aggron|atk|1","|-boost|p1a: Aggron|def|1","|","|turn|6","|","|switch|p2a: Keldeo|Keldeo|323/323","|cant|p1a: Aggron|slp","|move|p1a: Aggron|Sleep Talk|p1a: Aggron","|move|p1a: Aggron|Rest|p1a: Aggron|[from]Sleep Talk","|-fail|p1a: Aggron","|","|turn|7","|","|move|p2a: Keldeo|Secret Sword|p1a: Aggron","|-supereffective|p1a: Aggron","|-damage|p1a: Aggron|222/344 slp","|-curestatus|p1a: Aggron|slp","|move|p1a: Aggron|Heavy Slam|p2a: Keldeo","|-resisted|p2a: Keldeo","|-damage|p2a: Keldeo|107/323","|","|turn|8","|","|move|p2a: Keldeo|Secret Sword|p1a: Aggron","|-supereffective|p1a: Aggron","|-damage|p1a: Aggron|164/344","|move|p1a: Aggron|Heavy Slam|p2a: Keldeo","|-resisted|p2a: Keldeo","|-damage|p2a: Keldeo|0 fnt","|faint|p2a: Keldeo","|","|","|switch|p2a: Slowking|Slowking, M|331/331","|turn|9","|","|move|p2a: Slowking|Scald|p1a: Aggron","|-damage|p1a: Aggron|44/344","|move|p1a: Aggron|Rest|p1a: Aggron","|-status|p1a: Aggron|slp","|-heal|p1a: Aggron|344/344 slp|[silent]","|-status|p1a: Aggron|slp|[from] move: Rest","|","|turn|10","|","|move|p2a: Slowking|Scald|p1a: Aggron","|-damage|p1a: Aggron|215/344 slp","|cant|p1a: Aggron|slp","|move|p1a: Aggron|Sleep Talk|p1a: Aggron","|move|p1a: Aggron|Rest|p1a: Aggron|[from]Sleep Talk","|-fail|p1a: Aggron","|","|turn|11","|","|move|p2a: Slowking|Scald|p1a: Aggron","|-damage|p1a: Aggron|104/344 slp","|cant|p1a: Aggron|slp","|move|p1a: Aggron|Sleep Talk|p1a: Aggron","|move|p1a: Aggron|Rest|p1a: Aggron|[from]Sleep Talk","|-fail|p1a: Aggron","|","|turn|12","|","|switch|p1a: Cradily|Cradily, M|324/324","|move|p2a: Slowking|Scald|p1a: Cradily","|-boost|p1a: Cradily|spa|1|[from] ability: Storm Drain","|","|turn|13","|","|move|p1a: Cradily|Giga Drain|p2a: Slowking","|-crit|p2a: Slowking","|-supereffective|p2a: Slowking","|-damage|p2a: Slowking|125/331","|move|p2a: Slowking|Focus Blast|p1a: Cradily","|-supereffective|p1a: Cradily","|-damage|p1a: Cradily|130/324","|","|turn|14","|","|move|p1a: Cradily|Giga Drain|p2a: Slowking","|-crit|p2a: Slowking","|-supereffective|p2a: Slowking","|-damage|p2a: Slowking|0 fnt","|-heal|p1a: Cradily|193/324|[from] drain|[of] p2a: Slowking","|faint|p2a: Slowking","|","|","|switch|p2a: Tentacruel|Tentacruel, M|301/301","|turn|15","|","|move|p2a: Tentacruel|Sludge Bomb|p1a: Cradily","|-damage|p1a: Cradily|111/324","|-status|p1a: Cradily|psn","|move|p1a: Cradily|Giga Drain|p2a: Tentacruel","|-damage|p2a: Tentacruel|207/301","|-damage|p1a: Cradily|64/324 psn|[from] ability: Liquid Ooze|[of] p2a: Tentacruel","|","|-heal|p2a: Tentacruel|225/301|[from] item: Black Sludge","|-damage|p1a: Cradily|24/324 psn|[from] psn","|turn|16","|","|move|p2a: Tentacruel|Toxic Spikes|p1a: Cradily","|-sidestart|p1: Guard Quilluminati|move: Toxic Spikes","|move|p1a: Cradily|Recover|p1a: Cradily","|-heal|p1a: Cradily|186/324 psn","|","|-heal|p2a: Tentacruel|243/301|[from] item: Black Sludge","|-damage|p1a: Cradily|146/324 psn|[from] psn","|turn|17","|","|move|p2a: Tentacruel|Sludge Bomb|p1a: Cradily","|-damage|p1a: Cradily|58/324 psn","|move|p1a: Cradily|Giga Drain|p2a: Tentacruel","|-damage|p2a: Tentacruel|149/301","|-damage|p1a: Cradily|11/324 psn|[from] ability: Liquid Ooze|[of] p2a: Tentacruel","|","|-heal|p2a: Tentacruel|167/301|[from] item: Black Sludge","|-damage|p1a: Cradily|0 fnt|[from] psn","|faint|p1a: Cradily","|","|switch|p1a: Terrakion|Terrakion|323/323","|-status|p1a: Terrakion|psn","|turn|18","|","|move|p1a: Terrakion|Earthquake|p2a: Tentacruel","|-supereffective|p2a: Tentacruel","|-damage|p2a: Tentacruel|0 fnt","|faint|p2a: Tentacruel","|","|-damage|p1a: Terrakion|283/323 psn|[from] psn","|","|switch|p2a: Swampert|Swampert, F|341/341","|turn|19","|","|detailschange|p2a: Swampert|Swampert-Mega, F","|-mega|p2a: Swampert|Swampert|Swampertite","|move|p1a: Terrakion|Earthquake|p2a: Swampert","|-damage|p2a: Swampert|225/341","|move|p2a: Swampert|Waterfall|p1a: Terrakion","|-supereffective|p1a: Terrakion","|-damage|p1a: Terrakion|0 fnt","|faint|p1a: Terrakion","|","|","|switch|p1a: Aggron|Aggron-Mega, M, shiny|104/344 slp","|turn|20","|","|move|p2a: Swampert|Earthquake|p1a: Aggron","|-crit|p1a: Aggron","|-supereffective|p1a: Aggron","|-damage|p1a: Aggron|0 fnt","|faint|p1a: Aggron","|","|","|switch|p1a: Tyranitar|Tyranitar, M|404/404","|-status|p1a: Tyranitar|psn","|-weather|Sandstorm","|turn|21","|","|move|p2a: Swampert|Earthquake|p1a: Tyranitar","|-supereffective|p1a: Tyranitar","|-damage|p1a: Tyranitar|116/404 psn","|move|p1a: Tyranitar|Crunch|p2a: Swampert","|-damage|p2a: Swampert|98/341","|","|-weather|Sandstorm|[upkeep]","|-damage|p1a: Tyranitar|66/404 psn|[from] psn","|turn|22","|","|move|p2a: Swampert|Earthquake|p1a: Tyranitar","|-supereffective|p1a: Tyranitar","|-damage|p1a: Tyranitar|0 fnt","|faint|p1a: Tyranitar","|","|-weather|Sandstorm|[upkeep]","|","|switch|p1a: Aerodactyl|Aerodactyl, F|301/301","|turn|23","|","|move|p1a: Aerodactyl|Hone Claws|p1a: Aerodactyl","|-boost|p1a: Aerodactyl|atk|1","|-boost|p1a: Aerodactyl|accuracy|1","|move|p2a: Swampert|Waterfall|p1a: Aerodactyl","|-supereffective|p1a: Aerodactyl","|-enditem|p1a: Aerodactyl|Focus Sash","|-damage|p1a: Aerodactyl|1/301","|","|-weather|Sandstorm|[upkeep]","|turn|24","|","|move|p1a: Aerodactyl|Aerial Ace|p2a: Swampert","|-damage|p2a: Swampert|0 fnt","|faint|p2a: Swampert","|","|-weather|Sandstorm|[upkeep]","|","|switch|p2a: Azumarill|Azumarill, F|171/341","|turn|25","|","|move|p2a: Azumarill|Aqua Jet|p1a: Aerodactyl","|-supereffective|p1a: Aerodactyl","|-damage|p1a: Aerodactyl|0 fnt","|faint|p1a: Aerodactyl","|","|-weather|none","|","|switch|p1a: Omastar|Omastar, F|281/281","|-status|p1a: Omastar|psn","|turn|26","|","|move|p1a: Omastar|Shell Smash|p1a: Omastar","|-unboost|p1a: Omastar|def|1","|-unboost|p1a: Omastar|spd|1","|-boost|p1a: Omastar|atk|2","|-boost|p1a: Omastar|spa|2","|-boost|p1a: Omastar|spe|2","|move|p2a: Azumarill|Knock Off|p1a: Omastar","|-damage|p1a: Omastar|114/281 psn","|-enditem|p1a: Omastar|Focus Sash|[from] move: Knock Off|[of] p2a: Azumarill","|","|-damage|p1a: Omastar|79/281 psn|[from] psn","|turn|27","|","|move|p2a: Azumarill|Aqua Jet|p1a: Omastar","|-damage|p1a: Omastar|0 fnt","|faint|p1a: Omastar","|","|win|tboltrider"],"p1rating":{"entryid":"265729","serverid":"eos","formatid":"monotype","userid":"guardquilluminati","username":"Guard Quilluminati","w":"8","l":14,"t":"0","gxe":43.2,"r":"1539.0863927628","rd":"80.242673954806","sigma":"0","rptime":"1440579600","rpr":1447.5985178479,"rprd":68.506568982547,"rpsigma":"0","acre":1024.8537336177,"lacre":1024.8537336177,"oldacre":"1039.2434533985"},"p2rating":{"entryid":"11792","serverid":"eos","formatid":"monotype","userid":"tboltrider","username":"tboltrider","w":14,"l":"25","t":"0","gxe":39.4,"r":"1412.5831032857","rd":"56.332682741223","sigma":"0","rptime":"1440579600","rpr":1418.3273451177,"rprd":55.126115249697,"rpsigma":"0","acre":1098.5141336623,"lacre":1098.5141336623,"oldacre":"1072.0755710812"},"endType":"normal"}