{"seed":[54185,7672,24060,35031],"turns":26,"p1":"Neowulf","p2":"SS Moltres","p1team":[{"name":"Garchomp","species":"Garchomp","item":"rockyhelmet","ability":"Rough Skin","moves":["endure","stealthrock","dragontail","earthquake"],"nature":"Impish","evs":{"hp":252,"atk":0,"def":240,"spa":0,"spd":16,"spe":0},"ivs":{"hp":31,"atk":31,"def":31,"spa":31,"spd":31,"spe":31}},{"name":"Goodra","species":"Goodra","item":"assaultvest","ability":"Gooey","moves":["dragonpulse","thunderbolt","sludgewave","fireblast"],"nature":"Calm","evs":{"hp":240,"atk":0,"def":0,"spa":16,"spd":252,"spe":0},"ivs":{"hp":31,"atk":31,"def":31,"spa":31,"spd":31,"spe":31}},{"name":"Kyurem-Black","species":"Kyurem-Black","item":"choicescarf","ability":"Teravolt","moves":["earthpower","icebeam","fusionbolt","outrage"],"nature":"Naive","evs":{"hp":0,"atk":220,"def":0,"spa":36,"spd":0,"spe":252},"ivs":{"hp":31,"atk":31,"def":31,"spa":31,"spd":31,"spe":31}},{"name":"Latios","species":"Latios","item":"latiosite","ability":"Levitate","moves":["calmmind","dracometeor","psyshock","roost"],"nature":"Timid","evs":{"hp":0,"atk":0,"def":0,"spa":252,"spd":4,"spe":252},"ivs":{"hp":31,"atk":31,"def":31,"spa":31,"spd":31,"spe":31}},{"name":"Dragonite","species":"Dragonite","item":"choiceband","ability":"Multiscale","moves":["earthquake","extremespeed","dragonclaw","stoneedge"],"nature":"Jolly","evs":{"hp":0,"atk":252,"def":0,"spa":0,"spd":6,"spe":252},"ivs":{"hp":31,"atk":31,"def":31,"spa":31,"spd":31,"spe":31}},{"name":"Haxorus","species":"Haxorus","item":"lumberry","ability":"Mold Breaker","moves":["dragondance","outrage","earthquake","poisonjab"],"nature":"Jolly","evs":{"hp":0,"atk":252,"def":0,"spa":0,"spd":4,"spe":252},"ivs":{"hp":31,"atk":31,"def":31,"spa":31,"spd":31,"spe":31}}],"p2team":[{"name":"Kyurem-Black","species":"Kyurem-Black","item":"choicescarf","ability":"Teravolt","moves":["stoneedge","dragonclaw","fusionbolt","ironhead"],"nature":"Jolly","evs":{"hp":0,"atk":252,"def":0,"spa":0,"spd":4,"spe":252},"ivs":{"hp":31,"atk":31,"def":31,"spa":31,"spd":31,"spe":31}},{"name":"Froslass","species":"Froslass","item":"choicescarf","ability":"Cursed Body","moves":["psychic","icebeam","waterpulse","destinybond"],"nature":"Timid","evs":{"hp":0,"atk":0,"def":0,"spa":252,"spd":4,"spe":252},"ivs":{"hp":31,"atk":31,"def":31,"spa":31,"spd":31,"spe":31}},{"name":"Jynx","species":"Jynx","item":"choicescarf","ability":"Forewarn","moves":["psychic","focusblast","icebeam","trick"],"nature":"Timid","evs":{"hp":0,"atk":0,"def":0,"spa":252,"spd":4,"spe":252},"ivs":{"hp":31,"atk":31,"def":31,"spa":31,"spd":31,"spe":31}},{"name":"Weavile","species":"Weavile","item":"choiceband","ability":"Pressure","moves":["aerialace","knockoff","iciclecrash","nightslash"],"nature":"Jolly","evs":{"hp":0,"atk":252,"def":0,"spa":0,"spd":4,"spe":252},"ivs":{"hp":31,"atk":31,"def":31,"spa":31,"spd":31,"spe":31}},{"name":"Mamoswine","species":"Mamoswine","item":"choicescarf","ability":"Thick Fat","moves":["stoneedge","earthquake","iciclecrash","superpower"],"nature":"Jolly","evs":{"hp":0,"atk":252,"def":0,"spa":0,"spd":4,"spe":252},"ivs":{"hp":31,"atk":31,"def":31,"spa":31,"spd":31,"spe":31}},{"name":"Avalugg","species":"Avalugg","item":"leftovers","ability":"Sturdy","moves":["rapidspin","recover","stoneedge","earthquake"],"nature":"Impish","evs":{"hp":252,"atk":4,"def":252,"spa":0,"spd":0,"spe":0},"ivs":{"hp":31,"atk":31,"def":31,"spa":31,"spd":31,"spe":31}}],"log":["|player|p1|Neowulf|143","|player|p2|SS Moltres|268","|gametype|singles","|gen|6","|tier|Monotype","|rated","|rule|Baton Pass Clause: Limit one Baton Passer, can't pass Spe and other stats simultaneously","|rule|Swagger Clause: Swagger is banned","|rule|Same Type Clause: Pokémon in a team must share a type","|clearpoke","|poke|p1|Garchomp, F","|poke|p1|Goodra, F","|poke|p1|Kyurem-Black","|poke|p1|Latios, M","|poke|p1|Dragonite, M","|poke|p1|Haxorus, M","|poke|p2|Kyurem-Black","|poke|p2|Froslass, F","|poke|p2|Jynx, F","|poke|p2|Weavile, M","|poke|p2|Mamoswine, M","|poke|p2|Avalugg, F","|rule|Sleep Clause Mod: Limit one foe put to sleep","|rule|Species Clause: Limit one of each Pokémon","|rule|OHKO Clause: OHKO moves are banned","|rule|Moody Clause: Moody is banned","|rule|Evasion Moves Clause: Evasion moves are banned","|rule|Endless Battle Clause: Forcing endless battles is banned","|rule|HP Percentage Mod: HP is shown in percentages","|teampreview","|","|start","|switch|p1a: Garchomp|Garchomp, F|420/420","|switch|p2a: Froslass|Froslass, F|281/281","|turn|1","|","|switch|p1a: Goodra|Goodra, F|381/381","|move|p2a: Froslass|Ice Beam|p1a: Goodra","|-supereffective|p1a: Goodra","|-damage|p1a: Goodra|303/381","|","|turn|2","|","|switch|p2a: Kyurem-Black|Kyurem-Black|391/391","|-ability|p2a: Kyurem-Black|Teravolt","|move|p1a: Goodra|Fire Blast|p2a: Kyurem-Black","|-damage|p2a: Kyurem-Black|281/391","|","|turn|3","|","|switch|p1a: Garchomp|Garchomp, F|420/420","|move|p2a: Kyurem-Black|Dragon Claw|p1a: Garchomp","|-supereffective|p1a: Garchomp","|-damage|p1a: Garchomp|142/420","|-damage|p2a: Kyurem-Black|233/391|[from] ability: Rough Skin|[of] p1a: Garchomp","|-damage|p2a: Kyurem-Black|168/391|[from] item: Rocky Helmet|[of] p1a: Garchomp","|","|turn|4","|","|move|p1a: Garchomp|Endure|p1a: Garchomp","|-singleturn|p1a: Garchomp|move: Endure","|move|p2a: Kyurem-Black|Dragon Claw|p1a: Garchomp","|-supereffective|p1a: Garchomp","|-activate|p1a: Garchomp|move: Endure","|-damage|p1a: Garchomp|1/420","|-damage|p2a: Kyurem-Black|120/391|[from] ability: Rough Skin|[of] p1a: Garchomp","|-damage|p2a: Kyurem-Black|55/391|[from] item: Rocky Helmet|[of] p1a: Garchomp","|","|turn|5","|","|move|p2a: Kyurem-Black|Dragon Claw|p1a: Garchomp","|-supereffective|p1a: Garchomp","|-damage|p1a: Garchomp|0 fnt","|-damage|p2a: Kyurem-Black|7/391|[from] ability: Rough Skin|[of] p1a: Garchomp","|-damage|p2a: Kyurem-Black|0 fnt|[from] item: Rocky Helmet|[of] p1a: Garchomp","|faint|p2a: Kyurem-Black","|faint|p1a: Garchomp","|","|","|switch|p2a: Jynx|Jynx, F|271/271","|switch|p1a: Goodra|Goodra, F|303/381","|-activate|p2a: Jynx|ability: Forewarn|Fire Blast|[of] p1a: Goodra","|turn|6","|","|switch|p2a: Mamoswine|Mamoswine, M|361/361","|switch|p1a: Haxorus|Haxorus, M|293/293","|-ability|p1a: Haxorus|Mold Breaker","|","|turn|7","|","|move|p2a: Mamoswine|Icicle Crash|p1a: Haxorus","|-supereffective|p1a: Haxorus","|-damage|p1a: Haxorus|0 fnt","|faint|p1a: Haxorus","|","|","|switch|p1a: Dragonite|Dragonite, M|323/323","|turn|8","|","|move|p1a: Dragonite|Extreme Speed|p2a: Mamoswine","|-damage|p2a: Mamoswine|171/361","|move|p2a: Mamoswine|Icicle Crash|p1a: Dragonite","|-supereffective|p1a: Dragonite","|-damage|p1a: Dragonite|9/323","|","|turn|9","|","|switch|p2a: Froslass|Froslass, F|281/281","|move|p1a: Dragonite|Extreme Speed|p2a: Froslass","|-immune|p2a: Froslass|[msg]","|","|turn|10","|","|switch|p1a: Goodra|Goodra, F|303/381","|move|p2a: Froslass|Ice Beam|p1a: Goodra","|-supereffective|p1a: Goodra","|-damage|p1a: Goodra|223/381","|","|turn|11","|","|switch|p2a: Weavile|Weavile, M|281/281","|-ability|p2a: Weavile|Pressure","|move|p1a: Goodra|Fire Blast|p2a: Weavile","|-supereffective|p2a: Weavile","|-damage|p2a: Weavile|67/281","|","|turn|12","|","|switch|p1a: Kyurem-Black|Kyurem-Black|391/391","|-ability|p1a: Kyurem-Black|Teravolt","|move|p2a: Weavile|Icicle Crash|p1a: Kyurem-Black","|-damage|p1a: Kyurem-Black|187/391","|","|turn|13","|","|move|p1a: Kyurem-Black|Earth Power|p2a: Weavile","|-damage|p2a: Weavile|0 fnt","|faint|p2a: Weavile","|","|","|switch|p2a: Mamoswine|Mamoswine, M|171/361","|turn|14","|","|move|p1a: Kyurem-Black|Earth Power|p2a: Mamoswine","|-damage|p2a: Mamoswine|41/361","|move|p2a: Mamoswine|Superpower|p1a: Kyurem-Black","|-supereffective|p1a: Kyurem-Black","|-damage|p1a: Kyurem-Black|0 fnt","|-unboost|p2a: Mamoswine|atk|1","|-unboost|p2a: Mamoswine|def|1","|faint|p1a: Kyurem-Black","|","|","|switch|p1a: Dragonite|Dragonite, M|9/323","|turn|15","|","|switch|p2a: Avalugg|Avalugg, F|394/394","|move|p1a: Dragonite|Dragon Claw|p2a: Avalugg","|-crit|p2a: Avalugg","|-damage|p2a: Avalugg|232/394","|","|-heal|p2a: Avalugg|256/394|[from] item: Leftovers","|turn|16","|","|switch|p1a: Latios|Latios, M|301/301","|move|p2a: Avalugg|Rapid Spin|p1a: Latios","|-damage|p1a: Latios|277/301","|","|-heal|p2a: Avalugg|280/394|[from] item: Leftovers","|turn|17","|","|detailschange|p1a: Latios|Latios-Mega, M","|-mega|p1a: Latios|Latios|Latiosite","|move|p1a: Latios|Draco Meteor|p2a: Avalugg","|-damage|p2a: Avalugg|0 fnt","|-unboost|p1a: Latios|spa|2","|faint|p2a: Avalugg","|","|","|switch|p2a: Jynx|Jynx, F|271/271","|-activate|p2a: Jynx|ability: Forewarn|Draco Meteor|[of] p1a: Latios","|turn|18","|","|move|p2a: Jynx|Trick|p1a: Latios","|-fail|p1a: Latios","|move|p1a: Latios|Draco Meteor|p2a: Jynx","|-damage|p2a: Jynx|138/271","|-unboost|p1a: Latios|spa|2","|","|turn|19","|","|switch|p2a: Froslass|Froslass, F|281/281","|move|p1a: Latios|Calm Mind|p1a: Latios","|-boost|p1a: Latios|spa|1","|-boost|p1a: Latios|spd|1","|","|turn|20","|","|move|p2a: Froslass|Ice Beam|p1a: Latios","|-supereffective|p1a: Latios","|-damage|p1a: Latios|137/301","|move|p1a: Latios|Calm Mind|p1a: Latios","|-boost|p1a: Latios|spa|1","|-boost|p1a: Latios|spd|1","|","|turn|21","|","|move|p2a: Froslass|Ice Beam|p1a: Latios","|-supereffective|p1a: Latios","|-damage|p1a: Latios|33/301","|move|p1a: Latios|Draco Meteor|p2a: Froslass","|-damage|p2a: Froslass|115/281","|-unboost|p1a: Latios|spa|2","|","|turn|22","|","|move|p2a: Froslass|Ice Beam|p1a: Latios","|-supereffective|p1a: Latios","|-damage|p1a: Latios|0 fnt","|faint|p1a: Latios","|","|","|switch|p1a: Goodra|Goodra, F|223/381","|turn|23","|","|move|p2a: Froslass|Ice Beam|p1a: Goodra","|-supereffective|p1a: Goodra","|-damage|p1a: Goodra|145/381","|move|p1a: Goodra|Fire Blast|p2a: Froslass","|-supereffective|p2a: Froslass","|-damage|p2a: Froslass|0 fnt","|faint|p2a: Froslass","|","|","|switch|p2a: Mamoswine|Mamoswine, M|41/361","|turn|24","|","|move|p2a: Mamoswine|Icicle Crash|p1a: Goodra","|-supereffective|p1a: Goodra","|-damage|p1a: Goodra|0 fnt","|faint|p1a: Goodra","|","|","|switch|p1a: Dragonite|Dragonite, M|9/323","|turn|25","|","|move|p1a: Dragonite|Extreme Speed|p2a: Mamoswine","|-crit|p2a: Mamoswine","|-damage|p2a: Mamoswine|0 fnt","|faint|p2a: Mamoswine","|","|","|switch|p2a: Jynx|Jynx, F|138/271","|-activate|p2a: Jynx|ability: Forewarn|Stone Edge|[of] p1a: Dragonite","|turn|26","|","|move|p1a: Dragonite|Extreme Speed|p2a: Jynx","|-crit|p2a: Jynx","|-damage|p2a: Jynx|0 fnt","|faint|p2a: Jynx","|","|win|Neowulf"],"p1rating":{"entryid":"94659","serverid":"eos","formatid":"monotype","userid":"neowulf","username":"Neowulf","w":13,"l":"4","t":"0","gxe":66.5,"r":"1623.1697501393","rd":"76.326309598821","sigma":"0","rptime":"1440579600","rpr":1631.8412070558,"rprd":75.012869754003,"rpsigma":"0","acre":1236.715769006,"lacre":1236.715769006,"oldacre":"1224.4477338585"},"p2rating":{"entryid":"440278","serverid":"eos","formatid":"monotype","userid":"ssmoltres","username":"SS Moltres","w":"7","l":15,"t":"0","gxe":38,"r":"1451.9846785865","rd":"102.15789823631","sigma":"0","rptime":"1440579600","rpr":1406.2480358229,"rprd":68.422234106248,"rpsigma":"0","acre":1022.2119513757,"lacre":1022.2119513757,"oldacre":"1029.2739699913"},"endType":"normal"}