{"seed":[976,14732,41756,41383],"turns":30,"p1":"Union Wevrm","p2":"Union Vegeta","p1team":[{"name":"Flygon","species":"Flygon","item":"choiceband","ability":"Levitate","moves":["earthquake","stoneedge","outrage","superpower"],"nature":"Jolly","evs":{"hp":0,"atk":252,"def":0,"spa":0,"spd":4,"spe":252},"ivs":{"hp":31,"atk":31,"def":31,"spa":31,"spd":31,"spe":31}},{"name":"Zygarde","species":"Zygarde","item":"leftovers","ability":"Aura Break","moves":["dragondance","extremespeed","rockslide","substitute"],"nature":"Adamant","evs":{"hp":0,"atk":252,"def":0,"spa":0,"spd":4,"spe":252},"ivs":{"hp":31,"atk":31,"def":31,"spa":31,"spd":31,"spe":31}},{"name":"Latios","species":"Latios","item":"latiosite","ability":"Levitate","moves":["dracometeor","psychic","thunderbolt","dragonpulse"],"nature":"Timid","evs":{"hp":0,"atk":0,"def":0,"spa":252,"spd":4,"spe":252},"ivs":{"hp":31,"atk":31,"def":31,"spa":31,"spd":31,"spe":31}},{"name":"Noivern","species":"Noivern","item":"choicespecs","ability":"Frisk","moves":["airslash","boomburst","dracometeor","flamethrower"],"nature":"Timid","evs":{"hp":0,"atk":0,"def":0,"spa":252,"spd":4,"spe":252},"ivs":{"hp":31,"atk":31,"def":31,"spa":31,"spd":31,"spe":31}},{"name":"Kingdra","species":"Kingdra","item":"leftovers","ability":"Sniper","moves":["dragondance","outrage","bounce","waterfall"],"nature":"Adamant","evs":{"hp":0,"atk":0,"def":0,"spa":0,"spd":4,"spe":252},"ivs":{"hp":31,"atk":31,"def":31,"spa":31,"spd":31,"spe":31}},{"name":"Hydreigon","species":"Hydreigon","item":"lifeorb","ability":"Levitate","moves":["crunch","dragonrush","flamethrower","steelwing"],"nature":"Hasty","evs":{"hp":0,"atk":252,"def":0,"spa":4,"spd":0,"spe":252},"ivs":{"hp":31,"atk":31,"def":31,"spa":31,"spd":31,"spe":31}}],"p2team":[{"name":"Weeabo","species":"gardevoir","item":"gardevoirite","ability":"Trace","moves":["hypervoice","psyshock","focusblast","taunt"],"nature":"Timid","evs":{"hp":0,"atk":0,"def":24,"spa":232,"spd":0,"spe":252},"ivs":{"hp":31,"atk":31,"def":31,"spa":31,"spd":31,"spe":31}},{"name":"Mtn Douche","species":"latios","item":"lifeorb","ability":"Levitate","moves":["surf","dracometeor","energyball","psychic"],"nature":"Timid","evs":{"hp":0,"atk":0,"def":0,"spa":252,"spd":4,"spe":252},"shiny":true,"ivs":{"hp":31,"atk":31,"def":31,"spa":31,"spd":31,"spe":31}},{"name":"Amaterasu","species":"victini","item":"choicescarf","ability":"Victory Star","moves":["vcreate","boltstrike","uturn","zenheadbutt"],"nature":"Jolly","evs":{"hp":0,"atk":252,"def":0,"spa":0,"spd":4,"spe":252},"ivs":{"hp":31,"atk":31,"def":31,"spa":31,"spd":31,"spe":31}},{"name":"Slowpr0","species":"slowbro","item":"rockyhelmet","ability":"Regenerator","moves":["scald","psyshock","slackoff","thunderwave"],"nature":"Bold","evs":{"hp":248,"atk":0,"def":252,"spa":8,"spd":0,"spe":0},"ivs":{"hp":31,"atk":31,"def":31,"spa":31,"spd":31,"spe":31}},{"name":"Kitty","species":"mew","item":"leftovers","ability":"Synchronize","moves":["willowisp","stealthrock","defog","softboiled"],"nature":"Careful","evs":{"hp":252,"atk":4,"def":0,"spa":0,"spd":252,"spe":0},"ivs":{"hp":31,"atk":31,"def":31,"spa":31,"spd":31,"spe":31}},{"name":"HandJobbing Freak","species":"hoopaunbound","item":"assaultvest","ability":"Magician","moves":["firepunch","gunkshot","hyperspacefury","drainpunch"],"nature":"Gentle","evs":{"hp":0,"atk":4,"def":0,"spa":0,"spd":252,"spe":252},"ivs":{"hp":31,"atk":30,"def":31,"spa":30,"spd":31,"spe":30}}],"log":["|player|p1|Union Wevrm|unionwevrm.png","|player|p2|Union Vegeta|25","|gametype|singles","|gen|6","|tier|Monotype","|rated","|rule|Baton Pass Clause: Limit one Baton Passer, can't pass Spe and other stats simultaneously","|rule|Swagger Clause: Swagger is banned","|rule|Same Type Clause: Pokémon in a team must share a type","|clearpoke","|poke|p1|Flygon, F","|poke|p1|Zygarde","|poke|p1|Latios, M","|poke|p1|Noivern, F","|poke|p1|Kingdra, F","|poke|p1|Hydreigon, M","|poke|p2|Gardevoir, M","|poke|p2|Latios, M, shiny","|poke|p2|Victini","|poke|p2|Slowbro, F","|poke|p2|Mew","|poke|p2|Hoopa-Unbound","|rule|Sleep Clause Mod: Limit one foe put to sleep","|rule|Species Clause: Limit one of each Pokémon","|rule|OHKO Clause: OHKO moves are banned","|rule|Moody Clause: Moody is banned","|rule|Evasion Moves Clause: Evasion moves are banned","|rule|Endless Battle Clause: Forcing endless battles is banned","|rule|HP Percentage Mod: HP is shown in percentages","|teampreview","|","|start","|switch|p1a: Hydreigon|Hydreigon, M|325/325","|switch|p2a: Kitty|Mew|404/404","|turn|1","|","|move|p1a: Hydreigon|Crunch|p2a: Kitty","|-supereffective|p2a: Kitty","|-damage|p2a: Kitty|92/404","|-damage|p1a: Hydreigon|293/325|[from] item: Life Orb","|move|p2a: Kitty|Will-O-Wisp|p1a: Hydreigon","|-status|p1a: Hydreigon|brn","|","|-heal|p2a: Kitty|117/404|[from] item: Leftovers","|-damage|p1a: Hydreigon|253/325 brn|[from] brn","|turn|2","|","|switch|p2a: Slowpr0|Slowbro, F|393/393","|move|p1a: Hydreigon|Crunch|p2a: Slowpr0","|-supereffective|p2a: Slowpr0","|-damage|p2a: Slowpr0|280/393","|-damage|p1a: Hydreigon|199/325 brn|[from] item: Rocky Helmet|[of] p2a: Slowpr0","|-damage|p1a: Hydreigon|167/325 brn|[from] item: Life Orb","|","|-damage|p1a: Hydreigon|127/325 brn|[from] brn","|turn|3","|","|move|p1a: Hydreigon|Crunch|p2a: Slowpr0","|-supereffective|p2a: Slowpr0","|-damage|p2a: Slowpr0|171/393","|-damage|p1a: Hydreigon|73/325 brn|[from] item: Rocky Helmet|[of] p2a: Slowpr0","|-damage|p1a: Hydreigon|41/325 brn|[from] item: Life Orb","|move|p2a: Slowpr0|Slack Off|p2a: Slowpr0","|-heal|p2a: Slowpr0|368/393","|","|-damage|p1a: Hydreigon|1/325 brn|[from] brn","|turn|4","|","|move|p1a: Hydreigon|Crunch|p2a: Slowpr0","|-supereffective|p2a: Slowpr0","|-damage|p2a: Slowpr0|259/393","|-damage|p1a: Hydreigon|0 fnt|[from] item: Rocky Helmet|[of] p2a: Slowpr0","|faint|p1a: Hydreigon","|move|p2a: Slowpr0|Scald|p1: Hydreigon|[notarget]","|-notarget","|","|","|switch|p1a: Noivern|Noivern, F|311/311","|-item|p2a: Slowpr0|Rocky Helmet|[from] ability: Frisk|[of] p1a: Noivern|[identify]","|turn|5","|","|move|p1a: Noivern|Air Slash|p2a: Slowpr0","|-damage|p2a: Slowpr0|63/393","|move|p2a: Slowpr0|Thunder Wave|p1a: Noivern","|-status|p1a: Noivern|par","|","|turn|6","|","|move|p2a: Slowpr0|Slack Off|p2a: Slowpr0","|-heal|p2a: Slowpr0|260/393","|move|p1a: Noivern|Air Slash|p2a: Slowpr0","|-damage|p2a: Slowpr0|58/393","|","|turn|7","|","|move|p2a: Slowpr0|Slack Off|p2a: Slowpr0","|-heal|p2a: Slowpr0|255/393","|move|p1a: Noivern|Air Slash|p2a: Slowpr0","|-damage|p2a: Slowpr0|60/393","|","|turn|8","|","|switch|p2a: Mtn Douche|Latios, M, shiny|301/301","|move|p1a: Noivern|Air Slash|p2a: Mtn Douche","|-damage|p2a: Mtn Douche|147/301","|","|turn|9","|","|move|p2a: Mtn Douche|Draco Meteor|p1a: Noivern","|-supereffective|p1a: Noivern","|-damage|p1a: Noivern|0 fnt","|-unboost|p2a: Mtn Douche|spa|2","|-damage|p2a: Mtn Douche|117/301|[from] item: Life Orb","|faint|p1a: Noivern","|","|","|switch|p1a: Zygarde|Zygarde|357/357","|-ability|p1a: Zygarde|Aura Break","|turn|10","|","|switch|p2a: Slowpr0|Slowbro, F|191/393","|move|p1a: Zygarde|Substitute|p1a: Zygarde","|-start|p1a: Zygarde|Substitute","|-damage|p1a: Zygarde|268/357","|","|-heal|p1a: Zygarde|290/357|[from] item: Leftovers","|turn|11","|","|move|p1a: Zygarde|Dragon Dance|p1a: Zygarde","|-boost|p1a: Zygarde|atk|1","|-boost|p1a: Zygarde|spe|1","|move|p2a: Slowpr0|Scald|p1a: Zygarde","|-end|p1a: Zygarde|Substitute","|","|-heal|p1a: Zygarde|312/357|[from] item: Leftovers","|turn|12","|","|move|p1a: Zygarde|Rock Slide|p2a: Slowpr0","|-damage|p2a: Slowpr0|106/393","|cant|p2a: Slowpr0|flinch","|","|-heal|p1a: Zygarde|334/357|[from] item: Leftovers","|turn|13","|","|move|p1a: Zygarde|Extreme Speed|p2a: Slowpr0","|-damage|p2a: Slowpr0|19/393","|-damage|p1a: Zygarde|275/357|[from] item: Rocky Helmet|[of] p2a: Slowpr0","|move|p2a: Slowpr0|Slack Off|p2a: Slowpr0","|-heal|p2a: Slowpr0|216/393","|","|-heal|p1a: Zygarde|297/357|[from] item: Leftovers","|turn|14","|","|move|p1a: Zygarde|Substitute|p1a: Zygarde","|-start|p1a: Zygarde|Substitute","|-damage|p1a: Zygarde|208/357","|move|p2a: Slowpr0|Scald|p1a: Zygarde","|-end|p1a: Zygarde|Substitute","|","|-heal|p1a: Zygarde|230/357|[from] item: Leftovers","|turn|15","|","|move|p1a: Zygarde|Rock Slide|p2a: Slowpr0","|-damage|p2a: Slowpr0|128/393","|move|p2a: Slowpr0|Scald|p1a: Zygarde","|-damage|p1a: Zygarde|130/357","|","|-heal|p1a: Zygarde|152/357|[from] item: Leftovers","|turn|16","|","|switch|p2a: Mtn Douche|Latios, M, shiny|117/301","|move|p1a: Zygarde|Rock Slide|p2a: Mtn Douche","|-damage|p2a: Mtn Douche|0 fnt","|faint|p2a: Mtn Douche","|","|-heal|p1a: Zygarde|174/357|[from] item: Leftovers","|","|switch|p2a: Amaterasu|Victini|341/341","|turn|17","|","|move|p2a: Amaterasu|V-create|p1a: Zygarde","|-resisted|p1a: Zygarde","|-damage|p1a: Zygarde|53/357","|-unboost|p2a: Amaterasu|spe|1","|-unboost|p2a: Amaterasu|def|1","|-unboost|p2a: Amaterasu|spd|1","|move|p1a: Zygarde|Dragon Dance|p1a: Zygarde","|-boost|p1a: Zygarde|atk|1","|-boost|p1a: Zygarde|spe|1","|","|-heal|p1a: Zygarde|75/357|[from] item: Leftovers","|turn|18","|","|switch|p2a: Slowpr0|Slowbro, F|259/393","|move|p1a: Zygarde|Rock Slide|p2a: Slowpr0","|-miss|p1a: Zygarde|p2a: Slowpr0","|","|-heal|p1a: Zygarde|97/357|[from] item: Leftovers","|turn|19","|","|move|p1a: Zygarde|Rock Slide|p2a: Slowpr0","|-damage|p2a: Slowpr0|139/393","|move|p2a: Slowpr0|Scald|p1a: Zygarde","|-damage|p1a: Zygarde|0 fnt","|faint|p1a: Zygarde","|","|","|switch|p1a: Latios|Latios, M|301/301","|turn|20","|","|switch|p2a: HandJobbing Freak|Hoopa-Unbound|301/301","|detailschange|p1a: Latios|Latios-Mega, M","|-mega|p1a: Latios|Latios|Latiosite","|move|p1a: Latios|Thunderbolt|p2a: HandJobbing Freak","|-damage|p2a: HandJobbing Freak|254/301","|-status|p2a: HandJobbing Freak|par","|","|turn|21","|","|switch|p1a: Kingdra|Kingdra, F|291/291","|cant|p2a: HandJobbing Freak|par","|","|turn|22","|","|switch|p2a: Weeabo|Gardevoir, M|277/277","|-ability|p2a: Weeabo|Sniper|[from] ability: Trace|[of] p1a: Kingdra","|move|p1a: Kingdra|Dragon Dance|p1a: Kingdra","|-boost|p1a: Kingdra|atk|1","|-boost|p1a: Kingdra|spe|1","|","|turn|23","|","|switch|p2a: Slowpr0|Slowbro, F|270/393","|move|p1a: Kingdra|Waterfall|p2a: Slowpr0","|-resisted|p2a: Slowpr0","|-damage|p2a: Slowpr0|224/393","|-damage|p1a: Kingdra|243/291|[from] item: Rocky Helmet|[of] p2a: Slowpr0","|","|-heal|p1a: Kingdra|261/291|[from] item: Leftovers","|turn|24","|","|switch|p1a: Flygon|Flygon, F|301/301","|move|p2a: Slowpr0|Thunder Wave|p1a: Flygon","|-immune|p1a: Flygon|[msg]","|","|turn|25","|","|switch|p1a: Latios|Latios-Mega, M|301/301","|move|p2a: Slowpr0|Scald|p1a: Latios","|-resisted|p1a: Latios","|-damage|p1a: Latios|259/301","|-status|p1a: Latios|brn","|","|-damage|p1a: Latios|222/301 brn|[from] brn","|turn|26","|","|move|p1a: Latios|Draco Meteor|p2a: Slowpr0|[miss]","|-miss|p1a: Latios|p2a: Slowpr0","|move|p2a: Slowpr0|Psyshock|p1a: Latios","|-resisted|p1a: Latios","|-damage|p1a: Latios|173/301 brn","|","|-damage|p1a: Latios|136/301 brn|[from] brn","|turn|27","|","|switch|p2a: Weeabo|Gardevoir, M|277/277","|-ability|p2a: Weeabo|Levitate|[from] ability: Trace|[of] p1a: Latios","|move|p1a: Latios|Draco Meteor|p2a: Weeabo","|-immune|p2a: Weeabo|[msg]","|","|-damage|p1a: Latios|99/301 brn|[from] brn","|turn|28","|","|detailschange|p2a: Weeabo|Gardevoir-Mega, M","|-mega|p2a: Weeabo|Gardevoir|Gardevoirite","|move|p1a: Latios|Thunderbolt|p2a: Weeabo","|-damage|p2a: Weeabo|172/277","|-status|p2a: Weeabo|par","|move|p2a: Weeabo|Hyper Voice|p1a: Latios","|-supereffective|p1a: Latios","|-damage|p1a: Latios|0 fnt","|faint|p1a: Latios","|","|","|switch|p1a: Kingdra|Kingdra, F|261/291","|turn|29","|","|move|p1a: Kingdra|Dragon Dance|p1a: Kingdra","|-boost|p1a: Kingdra|atk|1","|-boost|p1a: Kingdra|spe|1","|move|p2a: Weeabo|Hyper Voice|p1a: Kingdra","|-supereffective|p1a: Kingdra","|-damage|p1a: Kingdra|0 fnt","|faint|p1a: Kingdra","|","|","|switch|p1a: Flygon|Flygon, F|301/301","|turn|30","|","|move|p1a: Flygon|Outrage|p2a: Weeabo","|-immune|p2a: Weeabo|[msg]","|move|p2a: Weeabo|Hyper Voice|p1a: Flygon","|-supereffective|p1a: Flygon","|-damage|p1a: Flygon|0 fnt","|faint|p1a: Flygon","|","|win|Union Vegeta"],"p1rating":{"entryid":"373318","serverid":"eos","formatid":"monotype","userid":"unionwevrm","username":"Union Wevrm","w":"15","l":16,"t":"0","gxe":48.5,"r":"1497.8852227557","rd":"59.960375022424","sigma":"0","rptime":"1440579600","rpr":1488.6093516378,"rprd":59.211624341523,"rpsigma":"0","acre":1069.9457704033,"lacre":1069.9457704033,"oldacre":"1102.0871858673"},"p2rating":{"entryid":477658,"formatid":"monotype","userid":"unionvegeta","username":"Union Vegeta","r":1500,"rd":130,"sigma":0,"rpr":1541.845330643,"rprd":122.01836509084,"rpsigma":0,"rptime":1440579600,"w":1,"l":0,"t":0,"gxe":55.2,"acre":1051.4262647424,"lacre":1051.4262647424,"oldacre":1000},"endType":"normal"}