{"seed":[55266,45648,64641,42392],"turns":31,"p1":"Primal GT DuckSoup","p2":"SL Espeon","p1team":[{"name":"Porygon2","species":"Porygon2","item":"eviolite","ability":"Trace","moves":["foulplay","trickroom","recover","recycle"],"nature":"Relaxed","evs":{"hp":252,"atk":0,"def":192,"spa":0,"spd":64,"spe":0},"ivs":{"hp":31,"atk":31,"def":31,"spa":31,"spd":31,"spe":0}},{"name":"Exploud","species":"Exploud","item":"choicespecs","ability":"Scrappy","moves":["boomburst","overheat","focusblast","surf"],"nature":"Quiet","evs":{"hp":248,"atk":0,"def":0,"spa":252,"spd":8,"spe":0},"ivs":{"hp":31,"atk":31,"def":31,"spa":31,"spd":31,"spe":31}},{"name":"Audino","species":"Audino","item":"audinite","ability":"Regenerator","moves":["drainingkiss","calmmind","healbell","trickroom"],"nature":"Quiet","evs":{"hp":56,"atk":0,"def":100,"spa":252,"spd":100,"spe":0},"ivs":{"hp":31,"atk":31,"def":31,"spa":31,"spd":31,"spe":0}},{"name":"Meloetta","species":"Meloetta","item":"ironball","ability":"Serene Grace","moves":["dazzlinggleam","thunderbolt","psyshock","trickroom"],"nature":"Quiet","evs":{"hp":248,"atk":0,"def":0,"spa":108,"spd":152,"spe":0},"ivs":{"hp":31,"atk":31,"def":31,"spa":31,"spd":31,"spe":0}},{"name":"Snorlax","species":"Snorlax","item":"chestoberry","ability":"Immunity","moves":["curse","rest","amnesia","return"],"nature":"Relaxed","evs":{"hp":248,"atk":8,"def":252,"spa":0,"spd":0,"spe":0},"ivs":{"hp":31,"atk":31,"def":31,"spa":31,"spd":31,"spe":31}},{"name":"Ditto","species":"Ditto","item":"ironball","ability":"Imposter","moves":["transform"],"nature":"Bold","evs":{"hp":248,"atk":0,"def":252,"spa":0,"spd":8,"spe":0},"ivs":{"hp":31,"atk":31,"def":31,"spa":31,"spd":31,"spe":31}}],"p2team":[{"name":"Jirachi","species":"Jirachi","item":"choicescarf","ability":"Serene Grace","moves":["ironhead","uturn","zenheadbutt","icepunch"],"nature":"Jolly","evs":{"hp":0,"atk":252,"def":0,"spa":0,"spd":4,"spe":252},"ivs":{"hp":31,"atk":31,"def":31,"spa":31,"spd":31,"spe":31}},{"name":"Magnezone","species":"Magnezone","item":"choicescarf","ability":"Sturdy","moves":["voltswitch","thunderbolt","hiddenpowerice","flashcannon"],"nature":"Timid","evs":{"hp":0,"atk":0,"def":0,"spa":252,"spd":4,"spe":252},"ivs":{"hp":31,"atk":30,"def":30,"spa":31,"spd":31,"spe":31}},{"name":"Excadrill","species":"Excadrill","item":"choicescarf","ability":"Mold Breaker","moves":["rockslide","ironhead","xscissor","earthquake"],"nature":"Jolly","evs":{"hp":0,"atk":252,"def":0,"spa":0,"spd":4,"spe":252},"ivs":{"hp":31,"atk":31,"def":31,"spa":31,"spd":31,"spe":31}},{"name":"Lucario","species":"Lucario","item":"lifeorb","ability":"Inner Focus","moves":["vacuumwave","aurasphere","flashcannon","shadowball"],"nature":"Timid","evs":{"hp":0,"atk":0,"def":0,"spa":252,"spd":4,"spe":252},"ivs":{"hp":31,"atk":31,"def":31,"spa":31,"spd":31,"spe":31}},{"name":"Skarmory","species":"Skarmory","item":"rockyhelmet","ability":"Sturdy","moves":["bravebird","roost","stealthrock","defog"],"nature":"Impish","evs":{"hp":248,"atk":0,"def":236,"spa":0,"spd":0,"spe":24},"ivs":{"hp":31,"atk":31,"def":31,"spa":31,"spd":31,"spe":31}},{"name":"Heatran","species":"Heatran","item":"airballoon","ability":"Flash Fire","moves":["lavaplume","earthpower","protect","willowisp"],"nature":"Calm","evs":{"hp":248,"atk":0,"def":0,"spa":8,"spd":252,"spe":0},"ivs":{"hp":31,"atk":31,"def":31,"spa":31,"spd":31,"spe":31}}],"log":["|player|p1|Primal GT DuckSoup|121","|player|p2|SL Espeon|70","|gametype|singles","|gen|6","|tier|Monotype","|rated","|rule|Baton Pass Clause: Limit one Baton Passer, can't pass Spe and other stats simultaneously","|rule|Swagger Clause: Swagger is banned","|rule|Same Type Clause: Pokémon in a team must share a type","|clearpoke","|poke|p1|Porygon2","|poke|p1|Exploud, M","|poke|p1|Audino, F","|poke|p1|Meloetta","|poke|p1|Snorlax, F","|poke|p1|Ditto","|poke|p2|Jirachi","|poke|p2|Magnezone","|poke|p2|Excadrill, M","|poke|p2|Lucario, M","|poke|p2|Skarmory, F","|poke|p2|Heatran, F","|rule|Sleep Clause Mod: Limit one foe put to sleep","|rule|Species Clause: Limit one of each Pokémon","|rule|OHKO Clause: OHKO moves are banned","|rule|Moody Clause: Moody is banned","|rule|Evasion Moves Clause: Evasion moves are banned","|rule|Endless Battle Clause: Forcing endless battles is banned","|rule|HP Percentage Mod: HP is shown in percentages","|teampreview","|","|start","|switch|p1a: Meloetta|Meloetta|403/403","|switch|p2a: Skarmory|Skarmory, F|333/333","|turn|1","|","|move|p2a: Skarmory|Stealth Rock|p1a: Meloetta","|-sidestart|p1: Primal GT DuckSoup|move: Stealth Rock","|move|p1a: Meloetta|Trick Room|p1a: Meloetta","|-fieldstart|move: Trick Room|[of] p1a: Meloetta","|","|turn|2","|","|move|p1a: Meloetta|Thunderbolt|p2a: Skarmory","|-supereffective|p2a: Skarmory","|-damage|p2a: Skarmory|51/333","|move|p2a: Skarmory|Brave Bird|p1a: Meloetta","|-damage|p1a: Meloetta|256/403","|-damage|p2a: Skarmory|2/333|[from] recoil|[of] p1a: Meloetta","|","|turn|3","|","|move|p1a: Meloetta|Thunderbolt|p2a: Skarmory","|-supereffective|p2a: Skarmory","|-damage|p2a: Skarmory|0 fnt","|faint|p2a: Skarmory","|","|","|switch|p2a: Jirachi|Jirachi|341/341","|turn|4","|","|switch|p1a: Exploud|Exploud, M|411/411","|-damage|p1a: Exploud|360/411|[from] Stealth Rock","|move|p2a: Jirachi|U-turn|p1a: Exploud","|-damage|p1a: Exploud|264/411","|","|switch|p2a: Magnezone|Magnezone|281/281","|","|turn|5","|","|move|p1a: Exploud|Overheat|p2a: Magnezone","|-supereffective|p2a: Magnezone","|-ability|p2a: Magnezone|Sturdy","|-damage|p2a: Magnezone|1/281","|-unboost|p1a: Exploud|spa|2","|move|p2a: Magnezone|Volt Switch|p1a: Exploud","|-damage|p1a: Exploud|104/411","|","|switch|p2a: Lucario|Lucario, M|281/281","|","|-fieldend|move: Trick Room","|turn|6","|","|switch|p1a: Meloetta|Meloetta|256/403","|-damage|p1a: Meloetta|206/403|[from] Stealth Rock","|move|p2a: Lucario|Vacuum Wave|p1a: Meloetta","|-damage|p1a: Meloetta|144/403","|-damage|p2a: Lucario|253/281|[from] item: Life Orb","|","|turn|7","|","|move|p2a: Lucario|Aura Sphere|p1a: Meloetta","|-damage|p1a: Meloetta|27/403","|-damage|p2a: Lucario|225/281|[from] item: Life Orb","|move|p1a: Meloetta|Trick Room|p1a: Meloetta","|-fieldstart|move: Trick Room|[of] p1a: Meloetta","|","|turn|8","|","|move|p2a: Lucario|Vacuum Wave|p1a: Meloetta","|-damage|p1a: Meloetta|0 fnt","|-damage|p2a: Lucario|197/281|[from] item: Life Orb","|faint|p1a: Meloetta","|","|","|switch|p1a: Ditto|Ditto|299/299","|-damage|p1a: Ditto|262/299|[from] Stealth Rock","|-transform|p1a: Ditto|p2a: Lucario","|turn|9","|","|switch|p2a: Magnezone|Magnezone|1/281","|move|p1a: Ditto|Aura Sphere|p2a: Magnezone","|-supereffective|p2a: Magnezone","|-damage|p2a: Magnezone|0 fnt","|faint|p2a: Magnezone","|","|","|switch|p2a: Heatran|Heatran, F|385/385","|-item|p2a: Heatran|Air Balloon","|turn|10","|","|move|p1a: Ditto|Aura Sphere|p2a: Heatran","|-supereffective|p2a: Heatran","|-damage|p2a: Heatran|217/385","|-enditem|p2a: Heatran|Air Balloon","|move|p2a: Heatran|Lava Plume|p1a: Ditto","|-supereffective|p1a: Ditto","|-damage|p1a: Ditto|0 fnt","|faint|p1a: Ditto","|","|","|switch|p1a: Snorlax|Snorlax, F|523/523","|-damage|p1a: Snorlax|458/523|[from] Stealth Rock","|turn|11","|","|move|p2a: Heatran|Protect|p2a: Heatran","|-singleturn|p2a: Heatran|Protect","|move|p1a: Snorlax|Amnesia|p1a: Snorlax","|-boost|p1a: Snorlax|spd|2","|","|-fieldend|move: Trick Room","|turn|12","|","|move|p2a: Heatran|Will-O-Wisp|p1a: Snorlax","|-status|p1a: Snorlax|brn","|move|p1a: Snorlax|Curse|p1a: Snorlax","|-unboost|p1a: Snorlax|spe|1","|-boost|p1a: Snorlax|atk|1","|-boost|p1a: Snorlax|def|1","|","|-damage|p1a: Snorlax|393/523 brn|[from] brn","|turn|13","|","|move|p2a: Heatran|Earth Power|p1a: Snorlax","|-damage|p1a: Snorlax|353/523 brn","|move|p1a: Snorlax|Curse|p1a: Snorlax","|-unboost|p1a: Snorlax|spe|1","|-boost|p1a: Snorlax|atk|1","|-boost|p1a: Snorlax|def|1","|","|-damage|p1a: Snorlax|288/523 brn|[from] brn","|turn|14","|","|move|p2a: Heatran|Earth Power|p1a: Snorlax","|-damage|p1a: Snorlax|244/523 brn","|move|p1a: Snorlax|Curse|p1a: Snorlax","|-unboost|p1a: Snorlax|spe|1","|-boost|p1a: Snorlax|atk|1","|-boost|p1a: Snorlax|def|1","|","|-damage|p1a: Snorlax|179/523 brn|[from] brn","|turn|15","|","|move|p2a: Heatran|Lava Plume|p1a: Snorlax","|-damage|p1a: Snorlax|122/523 brn","|move|p1a: Snorlax|Amnesia|p1a: Snorlax","|-boost|p1a: Snorlax|spd|2","|","|-damage|p1a: Snorlax|57/523 brn|[from] brn","|turn|16","|","|move|p2a: Heatran|Lava Plume|p1a: Snorlax","|-damage|p1a: Snorlax|18/523 brn","|move|p1a: Snorlax|Rest|p1a: Snorlax","|-status|p1a: Snorlax|slp","|-heal|p1a: Snorlax|523/523 slp|[silent]","|-status|p1a: Snorlax|slp|[from] move: Rest","|-enditem|p1a: Snorlax|Chesto Berry|[eat]","|-curestatus|p1a: Snorlax|slp","|","|turn|17","|","|move|p2a: Heatran|Will-O-Wisp|p1a: Snorlax","|-status|p1a: Snorlax|brn","|move|p1a: Snorlax|Curse|p1a: Snorlax","|-unboost|p1a: Snorlax|spe|1","|-boost|p1a: Snorlax|atk|1","|-boost|p1a: Snorlax|def|1","|","|-damage|p1a: Snorlax|458/523 brn|[from] brn","|turn|18","|","|move|p2a: Heatran|Earth Power|p1a: Snorlax","|-damage|p1a: Snorlax|431/523 brn","|move|p1a: Snorlax|Curse|p1a: Snorlax","|-unboost|p1a: Snorlax|spe|1","|-boost|p1a: Snorlax|atk|1","|-boost|p1a: Snorlax|def|1","|","|-damage|p1a: Snorlax|366/523 brn|[from] brn","|turn|19","|","|move|p2a: Heatran|Lava Plume|p1a: Snorlax","|-damage|p1a: Snorlax|327/523 brn","|move|p1a: Snorlax|Curse|p1a: Snorlax","|-unboost|p1a: Snorlax|spe|1","|-boost|p1a: Snorlax|atk|1","|-boost|p1a: Snorlax|def|1","|","|-damage|p1a: Snorlax|262/523 brn|[from] brn","|turn|20","|","|move|p2a: Heatran|Protect|p2a: Heatran","|-singleturn|p2a: Heatran|Protect","|move|p1a: Snorlax|Amnesia|p1a: Snorlax","|-boost|p1a: Snorlax|spd|2","|","|-damage|p1a: Snorlax|197/523 brn|[from] brn","|turn|21","|","|move|p2a: Heatran|Earth Power|p1a: Snorlax","|-damage|p1a: Snorlax|176/523 brn","|move|p1a: Snorlax|Return|p2a: Heatran","|-resisted|p2a: Heatran","|-damage|p2a: Heatran|93/385","|","|-damage|p1a: Snorlax|111/523 brn|[from] brn","|turn|22","|","|move|p2a: Heatran|Earth Power|p1a: Snorlax","|-damage|p1a: Snorlax|90/523 brn","|move|p1a: Snorlax|Rest|p1a: Snorlax","|-status|p1a: Snorlax|slp","|-heal|p1a: Snorlax|523/523 slp|[silent]","|-status|p1a: Snorlax|slp|[from] move: Rest","|","|turn|23","|","|switch|p2a: Lucario|Lucario, M|197/281","|cant|p1a: Snorlax|slp","|","|turn|24","|","|move|p2a: Lucario|Aura Sphere|p1a: Snorlax","|-supereffective|p1a: Snorlax","|-damage|p1a: Snorlax|445/523 slp","|-damage|p2a: Lucario|169/281|[from] item: Life Orb","|cant|p1a: Snorlax|slp","|","|turn|25","|","|move|p2a: Lucario|Aura Sphere|p1a: Snorlax","|-supereffective|p1a: Snorlax","|-damage|p1a: Snorlax|364/523 slp","|-damage|p2a: Lucario|141/281|[from] item: Life Orb","|-curestatus|p1a: Snorlax|slp","|move|p1a: Snorlax|Return|p2a: Lucario","|-resisted|p2a: Lucario","|-damage|p2a: Lucario|0 fnt","|faint|p2a: Lucario","|","|","|switch|p2a: Heatran|Heatran, F|93/385","|turn|26","|","|move|p2a: Heatran|Will-O-Wisp|p1a: Snorlax","|-status|p1a: Snorlax|brn","|move|p1a: Snorlax|Return|p2a: Heatran","|-resisted|p2a: Heatran","|-damage|p2a: Heatran|0 fnt","|faint|p2a: Heatran","|","|-damage|p1a: Snorlax|299/523 brn|[from] brn","|","|switch|p2a: Jirachi|Jirachi|341/341","|turn|27","|","|move|p2a: Jirachi|Iron Head|p1a: Snorlax","|-damage|p1a: Snorlax|269/523 brn","|move|p1a: Snorlax|Return|p2a: Jirachi","|-resisted|p2a: Jirachi","|-damage|p2a: Jirachi|208/341","|","|-damage|p1a: Snorlax|204/523 brn|[from] brn","|turn|28","|","|move|p2a: Jirachi|Iron Head|p1a: Snorlax","|-damage|p1a: Snorlax|177/523 brn","|cant|p1a: Snorlax|flinch","|","|-damage|p1a: Snorlax|112/523 brn|[from] brn","|turn|29","|","|move|p2a: Jirachi|Iron Head|p1a: Snorlax","|-damage|p1a: Snorlax|82/523 brn","|move|p1a: Snorlax|Rest|p1a: Snorlax","|-status|p1a: Snorlax|slp","|-heal|p1a: Snorlax|523/523 slp|[silent]","|-status|p1a: Snorlax|slp|[from] move: Rest","|","|turn|30","|","|switch|p2a: Excadrill|Excadrill, M|361/361","|-ability|p2a: Excadrill|Mold Breaker","|cant|p1a: Snorlax|slp","|","|turn|31","|","|win|Primal GT DuckSoup"],"p1rating":{"entryid":"432064","serverid":"eos","formatid":"monotype","userid":"primalgtducksoup","username":"Primal GT DuckSoup","w":7,"l":"1","t":"0","gxe":64,"r":"1598.1099218965","rd":"95.268143340899","sigma":"0","rptime":"1440579600","rpr":1612.0953335545,"rprd":92.663196753755,"rpsigma":"0","acre":1155.9862732363,"lacre":1155.9862732363,"oldacre":"1137.0455084886"},"p2rating":{"entryid":"208929","serverid":"eos","formatid":"monotype","userid":"slespeon","username":"SL Espeon","w":"2","l":5,"t":"0","gxe":40.6,"r":"1440.9685083548","rd":"100.23696080875","sigma":"0","rptime":"1440579600","rpr":1425.5548612121,"rprd":97.194629779187,"rpsigma":"0","acre":1037.7414590016,"lacre":1037.7414590016,"oldacre":"1051.1282091947"},"endType":"forfeit"}