{"seed":[22031,55252,43858,58431],"turns":25,"p1":"Inferno DPX","p2":"GL♅Reshiram","p1team":[{"name":"Torkoal","species":"Torkoal","item":"leftovers","ability":"White Smoke","moves":["clearsmog","rapidspin","earthpower","lavaplume"],"nature":"Modest","evs":{"hp":252,"atk":0,"def":0,"spa":252,"spd":4,"spe":0},"ivs":{"hp":31,"atk":31,"def":31,"spa":31,"spd":31,"spe":31}},{"name":"Camerupt","species":"Camerupt","item":"cameruptite","ability":"Solid Rock","moves":["earthpower","lavaplume","ancientpower","hiddenpowergrass"],"nature":"Modest","evs":{"hp":248,"atk":0,"def":0,"spa":252,"spd":8,"spe":0},"ivs":{"hp":31,"atk":30,"def":31,"spa":30,"spd":31,"spe":31}},{"name":"Ninetales","species":"Ninetales","item":"airballoon","ability":"Drought","moves":["calmmind","darkpulse","solarbeam","flamethrower"],"nature":"Timid","evs":{"hp":0,"atk":0,"def":0,"spa":252,"spd":4,"spe":252},"ivs":{"hp":31,"atk":31,"def":31,"spa":31,"spd":31,"spe":31}},{"name":"Entei","species":"Entei","item":"choiceband","ability":"Pressure","moves":["ironhead","extremespeed","stoneedge","sacredfire"],"nature":"Adamant","evs":{"hp":0,"atk":252,"def":0,"spa":0,"spd":4,"spe":252},"shiny":true,"ivs":{"hp":31,"atk":31,"def":31,"spa":31,"spd":31,"spe":31}},{"name":"Arcanine","species":"Arcanine","item":"lifeorb","ability":"Intimidate","moves":["flareblitz","extremespeed","thunderfang","reversal"],"nature":"Jolly","evs":{"hp":0,"atk":252,"def":0,"spa":0,"spd":4,"spe":252},"ivs":{"hp":31,"atk":31,"def":31,"spa":31,"spd":31,"spe":31}},{"name":"Rotom-Heat","species":"Rotom-Heat","item":"leftovers","ability":"Levitate","moves":["protect","willowisp","confuseray","voltswitch"],"nature":"Calm","evs":{"hp":252,"atk":0,"def":4,"spa":0,"spd":252,"spe":0},"ivs":{"hp":31,"atk":31,"def":31,"spa":31,"spd":31,"spe":31}}],"p2team":[{"name":"Hippowdon","species":"Hippowdon","item":"leftovers","ability":"Sand Stream","moves":["stoneedge","stealthrock","slackoff","whirlwind"],"nature":"Impish","evs":{"hp":252,"atk":0,"def":144,"spa":0,"spd":112,"spe":0},"shiny":true,"ivs":{"hp":31,"atk":31,"def":31,"spa":31,"spd":31,"spe":31}},{"name":"Garchomp","species":"Garchomp","item":"salacberry","ability":"Rough Skin","moves":["swordsdance","earthquake","dragonclaw","substitute"],"nature":"Jolly","evs":{"hp":12,"atk":244,"def":0,"spa":0,"spd":0,"spe":252},"shiny":true,"ivs":{"hp":31,"atk":31,"def":31,"spa":31,"spd":31,"spe":31}},{"name":"Gliscor","species":"Gliscor","item":"toxicorb","ability":"Poison Heal","moves":["taunt","toxic","roost","knockoff"],"nature":"Careful","evs":{"hp":244,"atk":0,"def":8,"spa":0,"spd":200,"spe":56},"shiny":true,"ivs":{"hp":31,"atk":31,"def":31,"spa":31,"spd":31,"spe":31}},{"name":"Excadrill","species":"Excadrill","item":"lifeorb","ability":"Sand Rush","moves":["earthquake","ironhead","rockslide","swordsdance"],"nature":"Adamant","evs":{"hp":0,"atk":252,"def":4,"spa":0,"spd":0,"spe":252},"shiny":true,"ivs":{"hp":31,"atk":31,"def":31,"spa":31,"spd":31,"spe":31}},{"name":"Quagsire","species":"Quagsire","item":"leftovers","ability":"Water Absorb","moves":["earthpower","recover","scald","stockpile"],"nature":"Relaxed","evs":{"hp":252,"atk":0,"def":252,"spa":0,"spd":4,"spe":0},"ivs":{"hp":31,"atk":31,"def":31,"spa":31,"spd":31,"spe":31}},{"name":"Nidoking","species":"Nidoking","item":"lifeorb","ability":"Sheer Force","moves":["sludgewave","earthpower","icebeam","superpower"],"nature":"Naive","evs":{"hp":0,"atk":0,"def":4,"spa":252,"spd":0,"spe":252},"shiny":true,"ivs":{"hp":31,"atk":31,"def":31,"spa":31,"spd":31,"spe":31}}],"log":["|player|p1|Inferno DPX|266","|player|p2|GL♅Reshiram|163","|gametype|singles","|gen|6","|tier|Monotype","|rated","|rule|Baton Pass Clause: Limit one Baton Passer, can't pass Spe and other stats simultaneously","|rule|Swagger Clause: Swagger is banned","|rule|Same Type Clause: Pokémon in a team must share a type","|clearpoke","|poke|p1|Torkoal, M","|poke|p1|Camerupt, M","|poke|p1|Ninetales, M","|poke|p1|Entei, shiny","|poke|p1|Arcanine, F","|poke|p1|Rotom-Heat","|poke|p2|Hippowdon, F, shiny","|poke|p2|Garchomp, F, shiny","|poke|p2|Gliscor, M, shiny","|poke|p2|Excadrill, M, shiny","|poke|p2|Quagsire, F","|poke|p2|Nidoking, M, shiny","|rule|Sleep Clause Mod: Limit one foe put to sleep","|rule|Species Clause: Limit one of each Pokémon","|rule|OHKO Clause: OHKO moves are banned","|rule|Moody Clause: Moody is banned","|rule|Evasion Moves Clause: Evasion moves are banned","|rule|Endless Battle Clause: Forcing endless battles is banned","|rule|HP Percentage Mod: HP is shown in percentages","|teampreview","|","|start","|switch|p1a: Entei|Entei, shiny|371/371","|switch|p2a: Hippowdon|Hippowdon, F, shiny|420/420","|-ability|p1a: Entei|Pressure","|-weather|Sandstorm","|turn|1","|","|switch|p1a: Rotom-Heat|Rotom-Heat|304/304","|move|p2a: Hippowdon|Stealth Rock|p1a: Rotom-Heat","|-sidestart|p1: Inferno DPX|move: Stealth Rock","|","|-weather|Sandstorm|[upkeep]","|-damage|p1a: Rotom-Heat|285/304|[from] sandstorm","|-heal|p1a: Rotom-Heat|304/304|[from] item: Leftovers","|turn|2","|","|move|p1a: Rotom-Heat|Will-O-Wisp|p2a: Hippowdon","|-status|p2a: Hippowdon|brn","|move|p2a: Hippowdon|Stone Edge|p1a: Rotom-Heat","|-supereffective|p1a: Rotom-Heat","|-damage|p1a: Rotom-Heat|217/304","|","|-weather|Sandstorm|[upkeep]","|-damage|p1a: Rotom-Heat|198/304|[from] sandstorm","|-heal|p1a: Rotom-Heat|217/304|[from] item: Leftovers","|-damage|p2a: Hippowdon|368/420 brn|[from] brn","|turn|3","|","|move|p1a: Rotom-Heat|Confuse Ray|p2a: Hippowdon","|-start|p2a: Hippowdon|confusion","|-activate|p2a: Hippowdon|confusion","|-damage|p2a: Hippowdon|356/420 brn|[from] confusion","|","|-weather|Sandstorm|[upkeep]","|-damage|p1a: Rotom-Heat|198/304|[from] sandstorm","|-heal|p1a: Rotom-Heat|217/304|[from] item: Leftovers","|-heal|p2a: Hippowdon|382/420 brn|[from] item: Leftovers","|-damage|p2a: Hippowdon|330/420 brn|[from] brn","|turn|4","|","|move|p1a: Rotom-Heat|Protect|p1a: Rotom-Heat","|-singleturn|p1a: Rotom-Heat|Protect","|-activate|p2a: Hippowdon|confusion","|move|p2a: Hippowdon|Whirlwind|p1a: Rotom-Heat","|drag|p1a: Camerupt|Camerupt, M|343/343","|-damage|p1a: Camerupt|301/343|[from] Stealth Rock","|","|-weather|Sandstorm|[upkeep]","|-heal|p2a: Hippowdon|356/420 brn|[from] item: Leftovers","|-damage|p2a: Hippowdon|304/420 brn|[from] brn","|turn|5","|","|detailschange|p1a: Camerupt|Camerupt-Mega, M","|-mega|p1a: Camerupt|Camerupt|Cameruptite","|-activate|p2a: Hippowdon|confusion","|-damage|p2a: Hippowdon|292/420 brn|[from] confusion","|move|p1a: Camerupt|Hidden Power|p2a: Hippowdon","|-supereffective|p2a: Hippowdon","|-damage|p2a: Hippowdon|114/420 brn","|","|-weather|none","|-heal|p2a: Hippowdon|140/420 brn|[from] item: Leftovers","|-damage|p2a: Hippowdon|88/420 brn|[from] brn","|turn|6","|","|switch|p2a: Nidoking|Nidoking, M, shiny|303/303","|move|p1a: Camerupt|Hidden Power|p2a: Nidoking","|-damage|p2a: Nidoking|190/303","|","|turn|7","|","|switch|p1a: Entei|Entei, shiny|371/371","|-damage|p1a: Entei|279/371|[from] Stealth Rock","|-ability|p1a: Entei|Pressure","|move|p2a: Nidoking|Earth Power|p1a: Entei","|-supereffective|p1a: Entei","|-damage|p1a: Entei|0 fnt","|faint|p1a: Entei","|","|","|switch|p1a: Rotom-Heat|Rotom-Heat|217/304","|-damage|p1a: Rotom-Heat|141/304|[from] Stealth Rock","|turn|8","|","|move|p1a: Rotom-Heat|Protect|p1a: Rotom-Heat","|-singleturn|p1a: Rotom-Heat|Protect","|move|p2a: Nidoking|Sludge Wave|p1a: Rotom-Heat","|-activate|p1a: Rotom-Heat|Protect","|","|-heal|p1a: Rotom-Heat|160/304|[from] item: Leftovers","|turn|9","|","|move|p2a: Nidoking|Sludge Wave|p1a: Rotom-Heat","|-damage|p1a: Rotom-Heat|8/304","|move|p1a: Rotom-Heat|Will-O-Wisp|p2a: Nidoking","|-status|p2a: Nidoking|brn","|","|-heal|p1a: Rotom-Heat|27/304|[from] item: Leftovers","|-damage|p2a: Nidoking|153/303 brn|[from] brn","|turn|10","|","|move|p1a: Rotom-Heat|Protect|p1a: Rotom-Heat","|-singleturn|p1a: Rotom-Heat|Protect","|move|p2a: Nidoking|Sludge Wave|p1a: Rotom-Heat","|-activate|p1a: Rotom-Heat|Protect","|","|-heal|p1a: Rotom-Heat|46/304|[from] item: Leftovers","|-damage|p2a: Nidoking|116/303 brn|[from] brn","|turn|11","|","|switch|p1a: Camerupt|Camerupt-Mega, M|301/343","|-damage|p1a: Camerupt|259/343|[from] Stealth Rock","|move|p2a: Nidoking|Sludge Wave|p1a: Camerupt","|-resisted|p1a: Camerupt","|-damage|p1a: Camerupt|162/343","|","|-damage|p2a: Nidoking|79/303 brn|[from] brn","|turn|12","|","|switch|p1a: Rotom-Heat|Rotom-Heat|46/304","|-damage|p1a: Rotom-Heat|0 fnt|[from] Stealth Rock","|faint|p1a: Rotom-Heat","|move|p2a: Nidoking|Sludge Wave|p1: Rotom-Heat|[notarget]","|-notarget","|","|-damage|p2a: Nidoking|42/303 brn|[from] brn","|","|switch|p1a: Camerupt|Camerupt-Mega, M|162/343","|-damage|p1a: Camerupt|120/343|[from] Stealth Rock","|turn|13","|","|move|p2a: Nidoking|Earth Power|p1a: Camerupt","|-supereffective|p1a: Camerupt","|-damage|p1a: Camerupt|0 fnt","|faint|p1a: Camerupt","|","|-damage|p2a: Nidoking|5/303 brn|[from] brn","|","|switch|p1a: Ninetales|Ninetales, M|287/287","|-damage|p1a: Ninetales|216/287|[from] Stealth Rock","|-weather|SunnyDay","|-item|p1a: Ninetales|Air Balloon","|turn|14","|","|move|p1a: Ninetales|Flamethrower|p2a: Nidoking","|-damage|p2a: Nidoking|0 fnt","|faint|p2a: Nidoking","|","|-weather|SunnyDay|[upkeep]","|","|switch|p2a: Hippowdon|Hippowdon, F, shiny|88/420 brn","|-weather|Sandstorm","|turn|15","|","|switch|p1a: Torkoal|Torkoal, M|344/344","|-damage|p1a: Torkoal|258/344|[from] Stealth Rock","|move|p2a: Hippowdon|Whirlwind|p1a: Torkoal","|drag|p1a: Ninetales|Ninetales, M|216/287","|-damage|p1a: Ninetales|145/287|[from] Stealth Rock","|-weather|SunnyDay","|-item|p1a: Ninetales|Air Balloon","|","|-weather|SunnyDay|[upkeep]","|-heal|p2a: Hippowdon|114/420 brn|[from] item: Leftovers","|-damage|p2a: Hippowdon|62/420 brn|[from] brn","|turn|16","|","|switch|p2a: Quagsire|Quagsire, F|394/394","|move|p1a: Ninetales|Solar Beam|p2a: Quagsire|[still]","|-prepare|p1a: Ninetales|Solar Beam|p2a: Quagsire","|-anim|p1a: Ninetales|Solar Beam|p2a: Quagsire","|-supereffective|p2a: Quagsire","|-damage|p2a: Quagsire|0 fnt","|faint|p2a: Quagsire","|","|-weather|SunnyDay|[upkeep]","|","|switch|p2a: Hippowdon|Hippowdon, F, shiny|62/420 brn","|-weather|Sandstorm","|turn|17","|","|switch|p1a: Torkoal|Torkoal, M|258/344","|-damage|p1a: Torkoal|172/344|[from] Stealth Rock","|switch|p2a: Excadrill|Excadrill, M, shiny|361/361","|","|-weather|Sandstorm|[upkeep]","|-damage|p1a: Torkoal|151/344|[from] sandstorm","|-heal|p1a: Torkoal|172/344|[from] item: Leftovers","|turn|18","|","|move|p2a: Excadrill|Earthquake|p1a: Torkoal","|-supereffective|p1a: Torkoal","|-damage|p1a: Torkoal|0 fnt","|-damage|p2a: Excadrill|325/361|[from] item: Life Orb","|faint|p1a: Torkoal","|","|-weather|Sandstorm|[upkeep]","|","|switch|p1a: Ninetales|Ninetales, M|145/287","|-damage|p1a: Ninetales|74/287|[from] Stealth Rock","|-weather|SunnyDay","|-item|p1a: Ninetales|Air Balloon","|turn|19","|","|switch|p2a: Hippowdon|Hippowdon, F, shiny|62/420 brn","|-weather|Sandstorm","|move|p1a: Ninetales|Solar Beam|p2a: Hippowdon|[still]","|-prepare|p1a: Ninetales|Solar Beam|p2a: Hippowdon","|","|-weather|Sandstorm|[upkeep]","|-damage|p1a: Ninetales|57/287|[from] sandstorm","|-heal|p2a: Hippowdon|88/420 brn|[from] item: Leftovers","|-damage|p2a: Hippowdon|36/420 brn|[from] brn","|turn|20","|","|switch|p2a: Gliscor|Gliscor, M, shiny|352/352","|move|p1a: Ninetales|Solar Beam|p2a: Gliscor|[from]lockedmove","|-damage|p2a: Gliscor|300/352","|","|-weather|Sandstorm|[upkeep]","|-damage|p1a: Ninetales|40/287|[from] sandstorm","|-status|p2a: Gliscor|tox|[from] item: Toxic Orb","|turn|21","|","|move|p1a: Ninetales|Calm Mind|p1a: Ninetales","|-boost|p1a: Ninetales|spa|1","|-boost|p1a: Ninetales|spd|1","|move|p2a: Gliscor|Toxic|p1a: Ninetales","|-status|p1a: Ninetales|tox","|","|-weather|Sandstorm|[upkeep]","|-damage|p1a: Ninetales|23/287 tox|[from] sandstorm","|-damage|p1a: Ninetales|6/287 tox|[from] psn","|-heal|p2a: Gliscor|344/352 tox|[from] ability: Poison Heal","|turn|22","|","|move|p1a: Ninetales|Dark Pulse|p2a: Gliscor","|-damage|p2a: Gliscor|243/352 tox","|move|p2a: Gliscor|Roost|p2a: Gliscor","|-heal|p2a: Gliscor|352/352 tox","|","|-weather|Sandstorm|[upkeep]","|-damage|p1a: Ninetales|0 fnt|[from] sandstorm","|faint|p1a: Ninetales","|","|switch|p1a: Arcanine|Arcanine, F|321/321","|-damage|p1a: Arcanine|241/321|[from] Stealth Rock","|-ability|p1a: Arcanine|Intimidate","|-unboost|p2a: Gliscor|atk|1","|turn|23","|","|move|p1a: Arcanine|Extreme Speed|p2a: Gliscor","|-damage|p2a: Gliscor|265/352 tox","|-damage|p1a: Arcanine|209/321|[from] item: Life Orb","|move|p2a: Gliscor|Knock Off|p1a: Arcanine","|-crit|p1a: Arcanine","|-damage|p1a: Arcanine|75/321","|-enditem|p1a: Arcanine|Life Orb|[from] move: Knock Off|[of] p2a: Gliscor","|","|-weather|none","|-heal|p2a: Gliscor|309/352 tox|[from] ability: Poison Heal","|turn|24","|","|move|p1a: Arcanine|Flare Blitz|p2a: Gliscor","|-damage|p2a: Gliscor|144/352 tox","|-damage|p1a: Arcanine|21/321|[from] recoil|[of] p2a: Gliscor","|move|p2a: Gliscor|Roost|p2a: Gliscor","|-heal|p2a: Gliscor|320/352 tox","|","|-heal|p2a: Gliscor|352/352 tox|[from] ability: Poison Heal","|turn|25","|","|move|p1a: Arcanine|Flare Blitz|p2a: Gliscor","|-damage|p2a: Gliscor|195/352 tox","|-damage|p1a: Arcanine|0 fnt|[from] recoil|[of] p2a: Gliscor","|faint|p1a: Arcanine","|","|win|GL♅Reshiram"],"p1rating":{"entryid":"190539","serverid":"eos","formatid":"monotype","userid":"infernodpx","username":"Inferno DPX","w":"7","l":13,"t":"0","gxe":37.7,"r":"1417.096585962","rd":"72.27628014736","sigma":"0","rptime":"1440579600","rpr":1403.8775946618,"rprd":70.857609939764,"rpsigma":"0","acre":1037.9032847203,"lacre":1037.9032847203,"oldacre":"1059.8661804357"},"p2rating":{"entryid":"319032","serverid":"eos","formatid":"monotype","userid":"glreshiram","username":"GL♅Reshiram","w":7,"l":"12","t":"0","gxe":39.6,"r":"1436.9307065786","rd":"81.411486860812","sigma":"0","rptime":"1440579600","rpr":1418.9564850661,"rprd":71.659072172292,"rpsigma":"0","acre":1050.2578030519,"lacre":1050.2578030519,"oldacre":"1004.8053069915"},"endType":"normal"}