{"seed":[6674,57746,64918,61114],"turns":22,"p1":"Sage.13","p2":"Guard Quilluminati","p1team":[{"name":"Landorus","species":"Landorus","item":"assaultvest","ability":"Sheer Force","moves":["earthpower","stoneedge","sludgewave","grassknot"],"nature":"Naive","evs":{"hp":0,"atk":4,"def":0,"spa":252,"spd":0,"spe":252},"ivs":{"hp":31,"atk":31,"def":31,"spa":31,"spd":31,"spe":31}},{"name":"Hippowdon","species":"Hippowdon","item":"leftovers","ability":"Sand Stream","moves":["earthquake","crunch","stealthrock","toxic"],"nature":"Impish","evs":{"hp":248,"atk":8,"def":252,"spa":0,"spd":0,"spe":0},"ivs":{"hp":31,"atk":31,"def":31,"spa":31,"spd":31,"spe":31}},{"name":"Krookodile","species":"Krookodile","item":"choicescarf","ability":"Moxie","moves":["earthquake","knockoff","stoneedge","doubleedge"],"nature":"Jolly","evs":{"hp":0,"atk":252,"def":4,"spa":0,"spd":0,"spe":252},"shiny":true,"ivs":{"hp":31,"atk":31,"def":31,"spa":31,"spd":31,"spe":31}},{"name":"Garchomp","species":"Garchomp","item":"garchompite","ability":"Rough Skin","moves":["flamethrower","earthquake","dracometeor","ironhead"],"nature":"Rash","evs":{"hp":0,"atk":252,"def":0,"spa":4,"spd":0,"spe":252},"ivs":{"hp":31,"atk":31,"def":31,"spa":31,"spd":31,"spe":31}},{"name":"Gastrodon","species":"Gastrodon","item":"leftovers","ability":"Storm Drain","moves":["icebeam","earthpower","toxic","recover"],"nature":"Sassy","evs":{"hp":252,"atk":0,"def":252,"spa":0,"spd":4,"spe":0},"ivs":{"hp":31,"atk":31,"def":31,"spa":31,"spd":31,"spe":31}},{"name":"Excadrill","species":"Excadrill","item":"airballoon","ability":"Sand Rush","moves":["ironhead","earthquake","swordsdance","rockslide"],"nature":"Adamant","evs":{"hp":0,"atk":252,"def":0,"spa":0,"spd":4,"spe":252},"shiny":true,"ivs":{"hp":31,"atk":31,"def":31,"spa":31,"spd":31,"spe":31}}],"p2team":[{"name":"Aggron","species":"Aggron","item":"aggronite","ability":"Sturdy","moves":["heavyslam","curse","rest","sleeptalk"],"nature":"Impish","evs":{"hp":252,"atk":0,"def":16,"spa":0,"spd":240,"spe":0},"shiny":true,"ivs":{"hp":31,"atk":31,"def":31,"spa":31,"spd":31,"spe":31}},{"name":"Aerodactyl","species":"Aerodactyl","item":"focussash","ability":"Rock Head","moves":["aerialace","honeclaws","stoneedge","firefang"],"nature":"Jolly","evs":{"hp":0,"atk":252,"def":0,"spa":0,"spd":4,"spe":252},"ivs":{"hp":31,"atk":31,"def":31,"spa":31,"spd":31,"spe":31}},{"name":"Cradily","species":"Cradily","item":"rockyhelmet","ability":"Storm Drain","moves":["gigadrain","stockpile","recover","toxic"],"nature":"Calm","evs":{"hp":44,"atk":0,"def":216,"spa":48,"spd":140,"spe":60},"ivs":{"hp":31,"atk":31,"def":31,"spa":31,"spd":31,"spe":31}},{"name":"Tyranitar","species":"Tyranitar","item":"assaultvest","ability":"Sand Stream","moves":["fireblast","crunch","earthquake","stoneedge"],"nature":"Naughty","evs":{"hp":252,"atk":152,"def":0,"spa":104,"spd":0,"spe":0},"ivs":{"hp":31,"atk":31,"def":31,"spa":31,"spd":31,"spe":31}},{"name":"Terrakion","species":"Terrakion","item":"choicescarf","ability":"Justified","moves":["closecombat","earthquake","ironhead","stoneedge"],"nature":"Jolly","evs":{"hp":0,"atk":252,"def":0,"spa":0,"spd":4,"spe":252},"ivs":{"hp":31,"atk":31,"def":31,"spa":31,"spd":31,"spe":31}},{"name":"Omastar","species":"Omastar","item":"focussash","ability":"Shell Armor","moves":["shellsmash","icebeam","surf","earthpower"],"nature":"Modest","evs":{"hp":0,"atk":0,"def":0,"spa":252,"spd":4,"spe":252},"ivs":{"hp":31,"atk":31,"def":31,"spa":31,"spd":31,"spe":31}}],"log":["|player|p1|Sage.13|154","|player|p2|Guard Quilluminati|80","|gametype|singles","|gen|6","|tier|Monotype","|rated","|rule|Baton Pass Clause: Limit one Baton Passer, can't pass Spe and other stats simultaneously","|rule|Swagger Clause: Swagger is banned","|rule|Same Type Clause: Pokémon in a team must share a type","|clearpoke","|poke|p1|Landorus, M","|poke|p1|Hippowdon, M","|poke|p1|Krookodile, F, shiny","|poke|p1|Garchomp, F","|poke|p1|Gastrodon, F","|poke|p1|Excadrill, M, shiny","|poke|p2|Aggron, F, shiny","|poke|p2|Aerodactyl, F","|poke|p2|Cradily, F","|poke|p2|Tyranitar, F","|poke|p2|Terrakion","|poke|p2|Omastar, F","|rule|Sleep Clause Mod: Limit one foe put to sleep","|rule|Species Clause: Limit one of each Pokémon","|rule|OHKO Clause: OHKO moves are banned","|rule|Moody Clause: Moody is banned","|rule|Evasion Moves Clause: Evasion moves are banned","|rule|Endless Battle Clause: Forcing endless battles is banned","|rule|HP Percentage Mod: HP is shown in percentages","|teampreview","|","|start","|switch|p1a: Garchomp|Garchomp, F|357/357","|switch|p2a: Cradily|Cradily, F|324/324","|turn|1","|","|detailschange|p1a: Garchomp|Garchomp-Mega, F","|-mega|p1a: Garchomp|Garchomp|Garchompite","|move|p1a: Garchomp|Flamethrower|p2a: Cradily","|-damage|p2a: Cradily|257/324","|move|p2a: Cradily|Toxic|p1a: Garchomp","|-status|p1a: Garchomp|tox","|","|-damage|p1a: Garchomp|335/357 tox|[from] psn","|turn|2","|","|move|p1a: Garchomp|Iron Head|p2a: Cradily","|-supereffective|p2a: Cradily","|-damage|p2a: Cradily|67/324","|-damage|p1a: Garchomp|276/357 tox|[from] item: Rocky Helmet|[of] p2a: Cradily","|cant|p2a: Cradily|flinch","|","|-damage|p1a: Garchomp|232/357 tox|[from] psn","|turn|3","|","|move|p1a: Garchomp|Iron Head|p2a: Cradily","|-supereffective|p2a: Cradily","|-damage|p2a: Cradily|0 fnt","|-damage|p1a: Garchomp|173/357 tox|[from] item: Rocky Helmet|[of] p2a: Cradily","|faint|p2a: Cradily","|","|-damage|p1a: Garchomp|107/357 tox|[from] psn","|","|switch|p2a: Terrakion|Terrakion|323/323","|turn|4","|","|switch|p1a: Hippowdon|Hippowdon, M|419/419","|-weather|Sandstorm","|move|p2a: Terrakion|Earthquake|p1a: Hippowdon","|-damage|p1a: Hippowdon|337/419","|","|-weather|Sandstorm|[upkeep]","|-heal|p1a: Hippowdon|363/419|[from] item: Leftovers","|turn|5","|","|switch|p2a: Aggron|Aggron, F, shiny|344/344","|move|p1a: Hippowdon|Earthquake|p2a: Aggron","|-supereffective|p2a: Aggron","|-damage|p2a: Aggron|80/344","|","|-weather|Sandstorm|[upkeep]","|-heal|p1a: Hippowdon|389/419|[from] item: Leftovers","|turn|6","|","|switch|p2a: Aerodactyl|Aerodactyl, F|301/301","|move|p1a: Hippowdon|Stealth Rock|p2a: Aerodactyl","|-sidestart|p2: Guard Quilluminati|move: Stealth Rock","|","|-weather|Sandstorm|[upkeep]","|-heal|p1a: Hippowdon|415/419|[from] item: Leftovers","|turn|7","|","|move|p2a: Aerodactyl|Hone Claws|p2a: Aerodactyl","|-boost|p2a: Aerodactyl|atk|1","|-boost|p2a: Aerodactyl|accuracy|1","|move|p1a: Hippowdon|Toxic|p2a: Aerodactyl","|-status|p2a: Aerodactyl|tox","|","|-weather|Sandstorm|[upkeep]","|-heal|p1a: Hippowdon|419/419|[from] item: Leftovers","|-damage|p2a: Aerodactyl|283/301 tox|[from] psn","|turn|8","|","|move|p2a: Aerodactyl|Hone Claws|p2a: Aerodactyl","|-boost|p2a: Aerodactyl|atk|1","|-boost|p2a: Aerodactyl|accuracy|1","|move|p1a: Hippowdon|Crunch|p2a: Aerodactyl","|-damage|p2a: Aerodactyl|182/301 tox","|","|-weather|none","|-damage|p2a: Aerodactyl|146/301 tox|[from] psn","|turn|9","|","|switch|p1a: Garchomp|Garchomp-Mega, F|107/357 tox","|move|p2a: Aerodactyl|Aerial Ace|p1a: Garchomp","|-damage|p1a: Garchomp|0 fnt","|faint|p1a: Garchomp","|","|-damage|p2a: Aerodactyl|92/301 tox|[from] psn","|","|switch|p1a: Hippowdon|Hippowdon, M|419/419","|-weather|Sandstorm","|turn|10","|","|move|p2a: Aerodactyl|Aerial Ace|p1a: Hippowdon","|-damage|p1a: Hippowdon|290/419","|move|p1a: Hippowdon|Crunch|p2a: Aerodactyl","|-damage|p2a: Aerodactyl|0 fnt","|faint|p2a: Aerodactyl","|","|-weather|Sandstorm|[upkeep]","|-heal|p1a: Hippowdon|316/419|[from] item: Leftovers","|","|switch|p2a: Omastar|Omastar, F|281/281","|-damage|p2a: Omastar|246/281|[from] Stealth Rock","|turn|11","|","|move|p2a: Omastar|Shell Smash|p2a: Omastar","|-unboost|p2a: Omastar|def|1","|-unboost|p2a: Omastar|spd|1","|-boost|p2a: Omastar|atk|2","|-boost|p2a: Omastar|spa|2","|-boost|p2a: Omastar|spe|2","|move|p1a: Hippowdon|Earthquake|p2a: Omastar","|-supereffective|p2a: Omastar","|-damage|p2a: Omastar|0 fnt","|faint|p2a: Omastar","|","|-weather|Sandstorm|[upkeep]","|-heal|p1a: Hippowdon|342/419|[from] item: Leftovers","|","|switch|p2a: Tyranitar|Tyranitar, F|404/404","|-damage|p2a: Tyranitar|354/404|[from] Stealth Rock","|turn|12","|","|switch|p1a: Landorus|Landorus, M|319/319","|move|p2a: Tyranitar|Crunch|p1a: Landorus","|-damage|p1a: Landorus|166/319","|","|-weather|Sandstorm|[upkeep]","|turn|13","|","|move|p1a: Landorus|Grass Knot|p2a: Tyranitar","|-supereffective|p2a: Tyranitar","|-damage|p2a: Tyranitar|212/404","|move|p2a: Tyranitar|Crunch|p1a: Landorus","|-damage|p1a: Landorus|0 fnt","|faint|p1a: Landorus","|","|-weather|Sandstorm|[upkeep]","|","|switch|p1a: Excadrill|Excadrill, M, shiny|361/361","|-item|p1a: Excadrill|Air Balloon","|turn|14","|","|move|p1a: Excadrill|Iron Head|p2a: Tyranitar","|-crit|p2a: Tyranitar","|-supereffective|p2a: Tyranitar","|-damage|p2a: Tyranitar|0 fnt","|faint|p2a: Tyranitar","|","|-weather|none","|","|switch|p2a: Terrakion|Terrakion|323/323","|-damage|p2a: Terrakion|303/323|[from] Stealth Rock","|turn|15","|","|switch|p1a: Hippowdon|Hippowdon, M|342/419","|-weather|Sandstorm","|move|p2a: Terrakion|Close Combat|p1a: Hippowdon","|-damage|p1a: Hippowdon|197/419","|-unboost|p2a: Terrakion|def|1","|-unboost|p2a: Terrakion|spd|1","|","|-weather|Sandstorm|[upkeep]","|-heal|p1a: Hippowdon|223/419|[from] item: Leftovers","|turn|16","|","|move|p2a: Terrakion|Close Combat|p1a: Hippowdon","|-damage|p1a: Hippowdon|90/419","|-unboost|p2a: Terrakion|def|1","|-unboost|p2a: Terrakion|spd|1","|move|p1a: Hippowdon|Earthquake|p2a: Terrakion","|-supereffective|p2a: Terrakion","|-damage|p2a: Terrakion|0 fnt","|faint|p2a: Terrakion","|","|-weather|Sandstorm|[upkeep]","|-heal|p1a: Hippowdon|116/419|[from] item: Leftovers","|","|switch|p2a: Aggron|Aggron, F, shiny|80/344","|-damage|p2a: Aggron|59/344|[from] Stealth Rock","|turn|17","|","|detailschange|p2a: Aggron|Aggron-Mega, F, shiny","|-mega|p2a: Aggron|Aggron|Aggronite","|move|p2a: Aggron|Rest|p2a: Aggron","|-status|p2a: Aggron|slp","|-heal|p2a: Aggron|344/344 slp|[silent]","|-status|p2a: Aggron|slp|[from] move: Rest","|move|p1a: Hippowdon|Earthquake|p2a: Aggron","|-supereffective|p2a: Aggron","|-damage|p2a: Aggron|262/344 slp","|","|-weather|Sandstorm|[upkeep]","|-heal|p1a: Hippowdon|142/419|[from] item: Leftovers","|turn|18","|","|switch|p1a: Gastrodon|Gastrodon, F|426/426","|cant|p2a: Aggron|slp","|move|p2a: Aggron|Sleep Talk|p2a: Aggron","|move|p2a: Aggron|Heavy Slam|p1a: Gastrodon|[from]Sleep Talk","|-resisted|p1a: Gastrodon","|-damage|p1a: Gastrodon|339/426","|","|-weather|Sandstorm|[upkeep]","|-heal|p1a: Gastrodon|365/426|[from] item: Leftovers","|turn|19","|","|cant|p2a: Aggron|slp","|move|p2a: Aggron|Sleep Talk|p2a: Aggron","|move|p2a: Aggron|Heavy Slam|p1a: Gastrodon|[from]Sleep Talk","|-resisted|p1a: Gastrodon","|-damage|p1a: Gastrodon|263/426","|move|p1a: Gastrodon|Earth Power|p2a: Aggron","|-supereffective|p2a: Aggron","|-damage|p2a: Aggron|114/344 slp","|","|-weather|none","|-heal|p1a: Gastrodon|289/426|[from] item: Leftovers","|turn|20","|","|-curestatus|p2a: Aggron|slp","|move|p2a: Aggron|Rest|p2a: Aggron","|-status|p2a: Aggron|slp","|-heal|p2a: Aggron|344/344 slp|[silent]","|-status|p2a: Aggron|slp|[from] move: Rest","|move|p1a: Gastrodon|Earth Power|p2a: Aggron","|-supereffective|p2a: Aggron","|-damage|p2a: Aggron|200/344 slp","|","|-heal|p1a: Gastrodon|315/426|[from] item: Leftovers","|turn|21","|","|cant|p2a: Aggron|slp","|move|p2a: Aggron|Sleep Talk|p2a: Aggron","|move|p2a: Aggron|Heavy Slam|p1a: Gastrodon|[from]Sleep Talk","|-resisted|p1a: Gastrodon","|-damage|p1a: Gastrodon|214/426","|move|p1a: Gastrodon|Earth Power|p2a: Aggron","|-supereffective|p2a: Aggron","|-damage|p2a: Aggron|70/344 slp","|-unboost|p2a: Aggron|spd|1","|","|-heal|p1a: Gastrodon|240/426|[from] item: Leftovers","|turn|22","|","|cant|p2a: Aggron|slp","|move|p2a: Aggron|Sleep Talk|p2a: Aggron","|move|p2a: Aggron|Rest|p2a: Aggron|[from]Sleep Talk","|-fail|p2a: Aggron","|move|p1a: Gastrodon|Earth Power|p2a: Aggron","|-supereffective|p2a: Aggron","|-damage|p2a: Aggron|0 fnt","|faint|p2a: Aggron","|","|win|Sage.13"],"p1rating":{"entryid":510726,"formatid":"monotype","userid":"sage13","username":"Sage.13","r":1500,"rd":130,"sigma":0,"rpr":1546.247488704,"rprd":122.29771738512,"rpsigma":0,"rptime":1440579600,"w":1,"l":0,"t":0,"gxe":55.8,"acre":1049.6886926954,"lacre":1049.6886926954,"oldacre":1000},"p2rating":{"entryid":"265729","serverid":"eos","formatid":"monotype","userid":"guardquilluminati","username":"Guard Quilluminati","w":"7","l":10,"t":"0","gxe":47.4,"r":"1539.0863927628","rd":"80.242673954806","sigma":"0","rptime":"1440579600","rpr":1480.0434725913,"rprd":75.469115032498,"rpsigma":"0","acre":1057.4402548505,"lacre":1057.4402548505,"oldacre":"1085.8611612299"},"endType":"normal"}