{"seed":[56839,7331,19627,33223],"turns":29,"p1":"OrpheusAmpora","p2":"Professor♅ Gotenks","p1team":[{"name":"Aerosmith","species":"aerodactyl","item":"aerodactylite","ability":"Pressure","moves":["aerialace","stoneedge","icefang","taunt"],"nature":"Adamant","evs":{"hp":0,"atk":252,"def":0,"spa":0,"spd":4,"spe":252},"ivs":{"hp":31,"atk":31,"def":31,"spa":31,"spd":31,"spe":31}},{"name":"ShuckleVoodoos","species":"shuckle","item":"mentalherb","ability":"Sturdy","moves":["stealthrock","stickyweb","encore","knockoff"],"nature":"Bold","evs":{"hp":248,"atk":0,"def":252,"spa":0,"spd":8,"spe":0},"ivs":{"hp":31,"atk":31,"def":31,"spa":31,"spd":31,"spe":31}},{"name":"Kraid-ily","species":"cradily","item":"leftovers","ability":"Storm Drain","moves":["stealthrock","gigadrain","mirrorcoat","recover"],"nature":"Calm","evs":{"hp":252,"atk":0,"def":0,"spa":4,"spd":252,"spe":0},"ivs":{"hp":31,"atk":31,"def":31,"spa":31,"spd":31,"spe":31}},{"name":"Tyranitard","species":"tyranitar","item":"assaultvest","ability":"Sand Stream","moves":["stoneedge","crunch","fireblast","icepunch"],"nature":"Sassy","evs":{"hp":248,"atk":0,"def":0,"spa":8,"spd":252,"spe":0},"ivs":{"hp":31,"atk":31,"def":31,"spa":31,"spd":31,"spe":31}},{"name":"Terry","species":"terrakion","item":"choicescarf","ability":"Justified","moves":["closecombat","stoneedge","earthquake","ironhead"],"nature":"Jolly","evs":{"hp":0,"atk":252,"def":0,"spa":0,"spd":4,"spe":252},"ivs":{"hp":31,"atk":31,"def":31,"spa":31,"spd":31,"spe":31}},{"name":"Omastar","species":"Omastar","item":"focussash","ability":"Weak Armor","moves":["scald","shellsmash","icebeam","hiddenpowergrass"],"nature":"Modest","evs":{"hp":0,"atk":0,"def":0,"spa":252,"spd":4,"spe":252},"ivs":{"hp":31,"atk":30,"def":31,"spa":30,"spd":31,"spe":31}}],"p2team":[{"name":"Sly bird","species":"skarmory","item":"rockyhelmet","ability":"Sturdy","moves":["stealthrock","spikes","whirlwind","bravebird"],"nature":"Impish","evs":{"hp":248,"atk":0,"def":236,"spa":0,"spd":0,"spe":24},"ivs":{"hp":31,"atk":31,"def":31,"spa":31,"spd":31,"spe":31}},{"name":"Pin Cushion","species":"ferrothorn","item":"rockyhelmet","ability":"Iron Barbs","moves":["gyroball","leechseed","knockoff","ironhead"],"nature":"Relaxed","evs":{"hp":252,"atk":4,"def":252,"spa":0,"spd":0,"spe":0},"ivs":{"hp":31,"atk":31,"def":31,"spa":31,"spd":31,"spe":0},"shiny":true},{"name":"Natsu","species":"heatran","item":"airballoon","ability":"Flash Fire","moves":["earthpower","lavaplume","flashcannon","hiddenpowerice"],"nature":"Modest","evs":{"hp":252,"atk":0,"def":0,"spa":252,"spd":4,"spe":0},"ivs":{"hp":31,"atk":30,"def":30,"spa":31,"spd":31,"spe":31}},{"name":"Lucy","species":"klefki","item":"lightclay","ability":"Prankster","moves":["lightscreen","reflect","thunderwave","drainingkiss"],"nature":"Bold","evs":{"hp":252,"atk":0,"def":252,"spa":4,"spd":0,"spe":0},"shiny":true,"ivs":{"hp":31,"atk":31,"def":31,"spa":31,"spd":31,"spe":31}},{"name":"DiG DuG","species":"excadrill","item":"airballoon","ability":"Mold Breaker","moves":["earthquake","rockslide","rapidspin","swordsdance"],"nature":"Adamant","evs":{"hp":252,"atk":252,"def":0,"spa":0,"spd":4,"spe":0},"ivs":{"hp":31,"atk":31,"def":31,"spa":31,"spd":31,"spe":31}},{"name":"Skizorr","species":"scizor","item":"scizorite","ability":"Light Metal","moves":["swordsdance","knockoff","bugbite","bulletpunch"],"nature":"Adamant","evs":{"hp":72,"atk":252,"def":0,"spa":0,"spd":8,"spe":176},"shiny":true,"ivs":{"hp":31,"atk":31,"def":31,"spa":31,"spd":31,"spe":31}}],"log":["|player|p1|OrpheusAmpora|257","|player|p2|Professor♅ Gotenks|professorgotenks.png","|gametype|singles","|gen|6","|tier|Monotype","|rated","|rule|Baton Pass Clause: Limit one Baton Passer, can't pass Spe and other stats simultaneously","|rule|Swagger Clause: Swagger is banned","|rule|Same Type Clause: Pokémon in a team must share a type","|clearpoke","|poke|p1|Aerodactyl, M","|poke|p1|Shuckle, F","|poke|p1|Cradily, F","|poke|p1|Tyranitar, F","|poke|p1|Terrakion","|poke|p1|Omastar, F","|poke|p2|Skarmory, F","|poke|p2|Ferrothorn, F, shiny","|poke|p2|Heatran, F","|poke|p2|Klefki, M, shiny","|poke|p2|Excadrill, F","|poke|p2|Scizor, F, shiny","|rule|Sleep Clause Mod: Limit one foe put to sleep","|rule|Species Clause: Limit one of each Pokémon","|rule|OHKO Clause: OHKO moves are banned","|rule|Moody Clause: Moody is banned","|rule|Evasion Moves Clause: Evasion moves are banned","|rule|Endless Battle Clause: Forcing endless battles is banned","|rule|HP Percentage Mod: HP is shown in percentages","|teampreview","|","|start","|switch|p1a: ShuckleVoodoos|Shuckle, F|243/243","|switch|p2a: Skizorr|Scizor, F, shiny|299/299","|turn|1","|","|detailschange|p2a: Skizorr|Scizor-Mega, F, shiny","|-mega|p2a: Skizorr|Scizor|Scizorite","|move|p2a: Skizorr|Swords Dance|p2a: Skizorr","|-boost|p2a: Skizorr|atk|2","|move|p1a: ShuckleVoodoos|Encore|p2a: Skizorr","|-start|p2a: Skizorr|Encore","|","|turn|2","|","|switch|p1a: Tyranitard|Tyranitar, F|403/403","|-weather|Sandstorm","|move|p2a: Skizorr|Swords Dance|p2a: Skizorr","|-boost|p2a: Skizorr|atk|2","|","|-weather|Sandstorm|[upkeep]","|turn|3","|","|move|p2a: Skizorr|Swords Dance|p2a: Skizorr","|-boost|p2a: Skizorr|atk|2","|move|p1a: Tyranitard|Fire Blast|p2a: Skizorr","|-supereffective|p2a: Skizorr","|-damage|p2a: Skizorr|0 fnt","|faint|p2a: Skizorr","|","|-weather|Sandstorm|[upkeep]","|","|switch|p2a: Sly bird|Skarmory, F|333/333","|turn|4","|","|switch|p1a: Aerosmith|Aerodactyl, M|301/301","|-ability|p1a: Aerosmith|Pressure","|move|p2a: Sly bird|Stealth Rock|p1a: Aerosmith","|-sidestart|p1: OrpheusAmpora|move: Stealth Rock","|","|-weather|Sandstorm|[upkeep]","|turn|5","|","|detailschange|p1a: Aerosmith|Aerodactyl-Mega, M","|-mega|p1a: Aerosmith|Aerodactyl|Aerodactylite","|move|p1a: Aerosmith|Taunt|p2a: Sly bird","|-start|p2a: Sly bird|move: Taunt","|cant|p2a: Sly bird|move: Taunt|Whirlwind","|","|-weather|Sandstorm|[upkeep]","|turn|6","|","|switch|p1a: Omastar|Omastar, F|281/281","|-damage|p1a: Omastar|246/281|[from] Stealth Rock","|switch|p2a: Natsu|Heatran, F|386/386","|-item|p2a: Natsu|Air Balloon","|","|-weather|none","|turn|7","|","|switch|p2a: Pin Cushion|Ferrothorn, F, shiny|352/352","|move|p1a: Omastar|Scald|p2a: Pin Cushion","|-resisted|p2a: Pin Cushion","|-damage|p2a: Pin Cushion|289/352","|","|turn|8","|","|switch|p1a: Kraid-ily|Cradily, F|376/376","|-damage|p1a: Kraid-ily|329/376|[from] Stealth Rock","|move|p2a: Pin Cushion|Iron Head|p1a: Kraid-ily","|-supereffective|p1a: Kraid-ily","|-damage|p1a: Kraid-ily|143/376","|","|-heal|p1a: Kraid-ily|166/376|[from] item: Leftovers","|turn|9","|","|move|p1a: Kraid-ily|Stealth Rock|p2a: Pin Cushion","|-sidestart|p2: Professor♅ Gotenks|move: Stealth Rock","|move|p2a: Pin Cushion|Iron Head|p1a: Kraid-ily","|-supereffective|p1a: Kraid-ily","|-damage|p1a: Kraid-ily|0 fnt","|faint|p1a: Kraid-ily","|","|","|switch|p1a: Tyranitard|Tyranitar, F|403/403","|-damage|p1a: Tyranitard|353/403|[from] Stealth Rock","|-weather|Sandstorm","|turn|10","|","|switch|p2a: Natsu|Heatran, F|386/386","|-damage|p2a: Natsu|338/386|[from] Stealth Rock","|-item|p2a: Natsu|Air Balloon","|move|p1a: Tyranitard|Crunch|p2a: Natsu","|-crit|p2a: Natsu","|-damage|p2a: Natsu|160/386","|-enditem|p2a: Natsu|Air Balloon","|","|-weather|Sandstorm|[upkeep]","|turn|11","|","|move|p2a: Natsu|Flash Cannon|p1a: Tyranitard","|-supereffective|p1a: Tyranitard","|-damage|p1a: Tyranitard|249/403","|-unboost|p1a: Tyranitard|spd|1","|move|p1a: Tyranitard|Crunch|p2a: Natsu","|-damage|p2a: Natsu|49/386","|","|-weather|Sandstorm|[upkeep]","|turn|12","|","|move|p2a: Natsu|Earth Power|p1a: Tyranitard","|-supereffective|p1a: Tyranitard","|-damage|p1a: Tyranitard|129/403","|move|p1a: Tyranitard|Crunch|p2a: Natsu","|-damage|p2a: Natsu|0 fnt","|faint|p2a: Natsu","|","|-weather|Sandstorm|[upkeep]","|","|switch|p2a: DiG DuG|Excadrill, F|424/424","|-damage|p2a: DiG DuG|411/424|[from] Stealth Rock","|-ability|p2a: DiG DuG|Mold Breaker","|-item|p2a: DiG DuG|Air Balloon","|turn|13","|","|move|p2a: DiG DuG|Earthquake|p1a: Tyranitard","|-supereffective|p1a: Tyranitard","|-damage|p1a: Tyranitard|0 fnt","|faint|p1a: Tyranitard","|","|-weather|Sandstorm|[upkeep]","|","|switch|p1a: ShuckleVoodoos|Shuckle, F|243/243","|-damage|p1a: ShuckleVoodoos|183/243|[from] Stealth Rock","|turn|14","|","|move|p2a: DiG DuG|Swords Dance|p2a: DiG DuG","|-boost|p2a: DiG DuG|atk|2","|move|p1a: ShuckleVoodoos|Knock Off|p2a: DiG DuG","|-damage|p2a: DiG DuG|387/424","|-enditem|p2a: DiG DuG|Air Balloon","|","|-weather|none","|turn|15","|","|move|p2a: DiG DuG|Rock Slide|p1a: ShuckleVoodoos","|-supereffective|p1a: ShuckleVoodoos","|-damage|p1a: ShuckleVoodoos|15/243","|cant|p1a: ShuckleVoodoos|flinch","|","|turn|16","|","|move|p2a: DiG DuG|Rapid Spin|p1a: ShuckleVoodoos","|-resisted|p1a: ShuckleVoodoos","|-damage|p1a: ShuckleVoodoos|4/243","|-sideend|p2: Professor♅ Gotenks|Stealth Rock|[from] move: Rapid Spin|[of] p2a: DiG DuG","|move|p1a: ShuckleVoodoos|Sticky Web|p2a: DiG DuG","|-sidestart|p2: Professor♅ Gotenks|move: Sticky Web","|","|turn|17","|","|switch|p1a: Omastar|Omastar, F|246/281","|-damage|p1a: Omastar|211/281|[from] Stealth Rock","|move|p2a: DiG DuG|Rapid Spin|p1a: Omastar","|-crit|p1a: Omastar","|-resisted|p1a: Omastar","|-damage|p1a: Omastar|180/281","|-unboost|p1a: Omastar|def|1|[from] ability: Weak Armor","|-boost|p1a: Omastar|spe|1|[from] ability: Weak Armor","|-sideend|p2: Professor♅ Gotenks|Sticky Web|[from] move: Rapid Spin|[of] p2a: DiG DuG","|","|turn|18","|","|move|p1a: Omastar|Scald|p2a: DiG DuG","|-supereffective|p2a: DiG DuG","|-damage|p2a: DiG DuG|0 fnt","|faint|p2a: DiG DuG","|","|","|switch|p2a: Lucy|Klefki, M, shiny|318/318","|turn|19","|","|move|p2a: Lucy|Light Screen|p2a: Lucy","|-sidestart|p2: Professor♅ Gotenks|move: Light Screen","|move|p1a: Omastar|Shell Smash|p1a: Omastar","|-unboost|p1a: Omastar|def|1","|-unboost|p1a: Omastar|spd|1","|-boost|p1a: Omastar|atk|2","|-boost|p1a: Omastar|spa|2","|-boost|p1a: Omastar|spe|2","|","|turn|20","|","|move|p2a: Lucy|Thunder Wave|p1a: Omastar","|-status|p1a: Omastar|par","|move|p1a: Omastar|Scald|p2a: Lucy","|-damage|p2a: Lucy|144/318","|","|turn|21","|","|move|p2a: Lucy|Reflect|p2a: Lucy","|-sidestart|p2: Professor♅ Gotenks|Reflect","|move|p1a: Omastar|Scald|p2a: Lucy","|-damage|p2a: Lucy|0 fnt","|faint|p2a: Lucy","|","|","|switch|p2a: Pin Cushion|Ferrothorn, F, shiny|289/352","|turn|22","|","|move|p1a: Omastar|Ice Beam|p2a: Pin Cushion","|-damage|p2a: Pin Cushion|199/352","|move|p2a: Pin Cushion|Gyro Ball|p1a: Omastar","|-damage|p1a: Omastar|17/281 par","|-unboost|p1a: Omastar|def|1|[from] ability: Weak Armor","|-boost|p1a: Omastar|spe|1|[from] ability: Weak Armor","|","|turn|23","|","|move|p1a: Omastar|Ice Beam|p2a: Pin Cushion","|-damage|p2a: Pin Cushion|97/352","|move|p2a: Pin Cushion|Gyro Ball|p1a: Omastar","|-damage|p1a: Omastar|0 fnt","|faint|p1a: Omastar","|","|","|switch|p1a: Terry|Terrakion|323/323","|-damage|p1a: Terry|303/323|[from] Stealth Rock","|turn|24","|","|move|p1a: Terry|Close Combat|p2a: Pin Cushion","|-supereffective|p2a: Pin Cushion","|-damage|p2a: Pin Cushion|0 fnt","|-damage|p1a: Terry|263/323|[from] ability: Iron Barbs|[of] p2a: Pin Cushion","|-damage|p1a: Terry|210/323|[from] item: Rocky Helmet|[of] p2a: Pin Cushion","|-unboost|p1a: Terry|def|1","|-unboost|p1a: Terry|spd|1","|faint|p2a: Pin Cushion","|","|","|switch|p2a: Sly bird|Skarmory, F|333/333","|turn|25","|","|move|p1a: Terry|Close Combat|p2a: Sly bird","|-damage|p2a: Sly bird|271/333","|-damage|p1a: Terry|157/323|[from] item: Rocky Helmet|[of] p2a: Sly bird","|-unboost|p1a: Terry|def|1","|-unboost|p1a: Terry|spd|1","|move|p2a: Sly bird|Brave Bird|p1a: Terry","|-damage|p1a: Terry|0 fnt","|-damage|p2a: Sly bird|219/333|[from] recoil|[of] p1a: Terry","|faint|p1a: Terry","|","|","|switch|p1a: Aerosmith|Aerodactyl-Mega, M|301/301","|-damage|p1a: Aerosmith|226/301|[from] Stealth Rock","|turn|26","|","|move|p1a: Aerosmith|Stone Edge|p2a: Sly bird","|-damage|p2a: Sly bird|162/333","|move|p2a: Sly bird|Brave Bird|p1a: Aerosmith","|-resisted|p1a: Aerosmith","|-damage|p1a: Aerosmith|161/301","|-damage|p2a: Sly bird|141/333|[from] recoil|[of] p1a: Aerosmith","|","|-sideend|p2: Professor♅ Gotenks|move: Light Screen","|turn|27","|","|move|p1a: Aerosmith|Taunt|p2a: Sly bird","|-start|p2a: Sly bird|move: Taunt","|cant|p2a: Sly bird|move: Taunt|Whirlwind","|","|turn|28","|","|move|p1a: Aerosmith|Stone Edge|p2a: Sly bird","|-damage|p2a: Sly bird|82/333","|move|p2a: Sly bird|Brave Bird|p1a: Aerosmith","|-resisted|p1a: Aerosmith","|-damage|p1a: Aerosmith|95/301","|-damage|p2a: Sly bird|60/333|[from] recoil|[of] p1a: Aerosmith","|","|-sideend|p2: Professor♅ Gotenks|Reflect","|turn|29","|","|move|p1a: Aerosmith|Stone Edge|p2a: Sly bird","|-damage|p2a: Sly bird|0 fnt","|faint|p2a: Sly bird","|","|win|OrpheusAmpora"],"p1rating":{"entryid":"509474","serverid":"eos","formatid":"monotype","userid":"orpheusampora","username":"OrpheusAmpora","w":4,"l":"0","t":"0","gxe":65.1,"r":"1500","rd":"130","sigma":"0","rptime":"1440579600","rpr":1623.1134819323,"rprd":106.37678162884,"rpsigma":"0","acre":1140.4455218658,"lacre":1140.4455218658,"oldacre":"1118.2413857146"},"p2rating":{"entryid":"1465","serverid":"eos","formatid":"monotype","userid":"professorgotenks","username":"Professor♅ Gotenks","w":"8","l":14,"t":"0","gxe":40.5,"r":"1409.6344440933","rd":"74.256726326205","sigma":"0","rptime":"1440579600","rpr":1425.9318854422,"rprd":69.539498739721,"rpsigma":"0","acre":1059.786761535,"lacre":1059.786761535,"oldacre":"1079.2228680919"},"endType":"normal"}