{"seed":[63764,13182,47665,12780],"turns":35,"p1":"Shining Yin","p2":"jg1234","p1team":[{"name":"Chansey","species":"Chansey","item":"eviolite","ability":"Natural Cure","moves":["thunderwave","softboiled","seismictoss","stealthrock"],"nature":"Bold","evs":{"hp":0,"atk":0,"def":252,"spa":0,"spd":252,"spe":4},"ivs":{"hp":31,"atk":0,"def":31,"spa":31,"spd":31,"spe":31}},{"name":"Porygon2","species":"Porygon2","item":"eviolite","ability":"Download","moves":["icebeam","hiddenpowerfire","recover","toxic"],"nature":"Calm","evs":{"hp":248,"atk":0,"def":204,"spa":0,"spd":56,"spe":0},"ivs":{"hp":31,"atk":30,"def":31,"spa":30,"spd":31,"spe":30}},{"name":"Pidgeot","species":"Pidgeot","item":"pidgeotite","ability":"Keen Eye","moves":["hurricane","heatwave","defog","roost"],"nature":"Timid","evs":{"hp":0,"atk":0,"def":0,"spa":252,"spd":4,"spe":252},"ivs":{"hp":31,"atk":0,"def":31,"spa":31,"spd":31,"spe":31}},{"name":"Staraptor","species":"Staraptor","item":"choicescarf","ability":"Reckless","moves":["bravebird","uturn","doubleedge","closecombat"],"nature":"Jolly","evs":{"hp":0,"atk":252,"def":0,"spa":0,"spd":4,"spe":252},"ivs":{"hp":31,"atk":31,"def":31,"spa":31,"spd":31,"spe":31}},{"name":"Diggersby","species":"Diggersby","item":"choiceband","ability":"Huge Power","moves":["return","earthquake","knockoff","quickattack"],"nature":"Jolly","evs":{"hp":0,"atk":252,"def":0,"spa":0,"spd":4,"spe":252},"ivs":{"hp":31,"atk":31,"def":31,"spa":31,"spd":31,"spe":31}},{"name":"Heliolisk","species":"Heliolisk","item":"lifeorb","ability":"Dry Skin","moves":["grassknot","thunderbolt","surf","voltswitch"],"nature":"Timid","evs":{"hp":0,"atk":0,"def":0,"spa":252,"spd":4,"spe":252},"ivs":{"hp":31,"atk":0,"def":31,"spa":31,"spd":31,"spe":31}}],"p2team":[{"name":"Latios","species":"Latios","item":"latiosite","ability":"Levitate","moves":["psychic","thunder","raindance","dragonpulse"],"nature":"Timid","evs":{"hp":0,"atk":0,"def":0,"spa":252,"spd":4,"spe":252},"ivs":{"hp":31,"atk":31,"def":31,"spa":31,"spd":31,"spe":31}},{"name":"Dragonite","species":"Dragonite","item":"leftovers","ability":"Inner Focus","moves":["earthquake","icebeam","flamethrower","aerialace"],"nature":"Serious","evs":{"hp":0,"atk":0,"def":0,"spa":252,"spd":4,"spe":252},"gender":"M","ivs":{"hp":31,"atk":31,"def":31,"spa":31,"spd":31,"spe":31}},{"name":"Goodra","species":"Goodra","item":"leftovers","ability":"Hydration","moves":["raindance","thunder","earthquake","icebeam"],"nature":"Serious","evs":{"hp":252,"atk":0,"def":0,"spa":252,"spd":4,"spe":0},"gender":"M","ivs":{"hp":31,"atk":31,"def":31,"spa":31,"spd":31,"spe":31}},{"name":"Haxorus","species":"Haxorus","item":"leftovers","ability":"Rivalry","moves":["poisonjab","shadowclaw","swordsdance","dragonclaw"],"nature":"Serious","evs":{"hp":0,"atk":252,"def":0,"spa":0,"spd":36,"spe":220},"gender":"M","ivs":{"hp":31,"atk":31,"def":31,"spa":31,"spd":31,"spe":31}},{"name":"Tyrantrum","species":"Tyrantrum","item":"leftovers","ability":"Rock Head","moves":["darkpulse","headsmash","substitute","stealthrock"],"nature":"Serious","evs":{"hp":252,"atk":8,"def":248,"spa":0,"spd":0,"spe":0},"gender":"M","ivs":{"hp":31,"atk":31,"def":31,"spa":31,"spd":31,"spe":31}},{"name":"Hydreigon","species":"Hydreigon","item":"lifeorb","ability":"Levitate","moves":["flamethrower","crunch","protect","roost"],"nature":"Serious","evs":{"hp":248,"atk":8,"def":0,"spa":0,"spd":252,"spe":0},"gender":"M","ivs":{"hp":31,"atk":31,"def":31,"spa":31,"spd":31,"spe":31}}],"log":["|player|p1|Shining Yin|258","|player|p2|jg1234|162","|gametype|singles","|gen|6","|tier|Monotype","|rated","|rule|Baton Pass Clause: Limit one Baton Passer, can't pass Spe and other stats simultaneously","|rule|Swagger Clause: Swagger is banned","|rule|Same Type Clause: Pokémon in a team must share a type","|clearpoke","|poke|p1|Chansey, F","|poke|p1|Porygon2","|poke|p1|Pidgeot, F","|poke|p1|Staraptor, M","|poke|p1|Diggersby, M","|poke|p1|Heliolisk, F","|poke|p2|Latios, M","|poke|p2|Dragonite, M","|poke|p2|Goodra, M","|poke|p2|Haxorus, M","|poke|p2|Tyrantrum, M","|poke|p2|Hydreigon, M","|rule|Sleep Clause Mod: Limit one foe put to sleep","|rule|Species Clause: Limit one of each Pokémon","|rule|OHKO Clause: OHKO moves are banned","|rule|Moody Clause: Moody is banned","|rule|Evasion Moves Clause: Evasion moves are banned","|rule|Endless Battle Clause: Forcing endless battles is banned","|rule|HP Percentage Mod: HP is shown in percentages","|teampreview","|","|start","|switch|p1a: Porygon2|Porygon2|373/373","|switch|p2a: Goodra|Goodra, M|384/384","|-boost|p1a: Porygon2|atk|1|[from] ability: Download","|turn|1","|","|move|p2a: Goodra|Ice Beam|p1a: Porygon2","|-damage|p1a: Porygon2|318/373","|move|p1a: Porygon2|Toxic|p2a: Goodra","|-status|p2a: Goodra|tox","|","|-damage|p2a: Goodra|360/384 tox|[from] psn","|turn|2","|","|switch|p1a: Chansey|Chansey, F|641/641","|move|p2a: Goodra|Rain Dance|p2a: Goodra","|-weather|RainDance","|","|-weather|RainDance|[upkeep]","|-curestatus|p2a: Goodra|tox","|-heal|p2a: Goodra|384/384|[from] item: Leftovers","|turn|3","|","|move|p2a: Goodra|Thunder|p1a: Chansey","|-damage|p1a: Chansey|578/641","|move|p1a: Chansey|Stealth Rock|p2a: Goodra","|-sidestart|p2: jg1234|move: Stealth Rock","|","|-weather|RainDance|[upkeep]","|turn|4","|","|move|p2a: Goodra|Earthquake|p1a: Chansey","|-damage|p1a: Chansey|481/641","|move|p1a: Chansey|Seismic Toss|p2a: Goodra","|-damage|p2a: Goodra|284/384","|","|-weather|RainDance|[upkeep]","|-heal|p2a: Goodra|308/384|[from] item: Leftovers","|turn|5","|","|move|p2a: Goodra|Ice Beam|p1a: Chansey","|-damage|p1a: Chansey|436/641","|move|p1a: Chansey|Seismic Toss|p2a: Goodra","|-damage|p2a: Goodra|208/384","|","|-weather|RainDance|[upkeep]","|-heal|p2a: Goodra|232/384|[from] item: Leftovers","|turn|6","|","|move|p2a: Goodra|Thunder|p1a: Chansey","|-damage|p1a: Chansey|376/641","|-status|p1a: Chansey|par","|move|p1a: Chansey|Seismic Toss|p2a: Goodra","|-damage|p2a: Goodra|132/384","|","|-weather|none","|-heal|p2a: Goodra|156/384|[from] item: Leftovers","|turn|7","|","|move|p2a: Goodra|Rain Dance|p2a: Goodra","|-weather|RainDance","|cant|p1a: Chansey|par","|","|-weather|RainDance|[upkeep]","|-heal|p2a: Goodra|180/384|[from] item: Leftovers","|turn|8","|","|move|p2a: Goodra|Thunder|p1a: Chansey","|-damage|p1a: Chansey|317/641 par","|move|p1a: Chansey|Soft-Boiled|p1a: Chansey","|-heal|p1a: Chansey|638/641 par","|","|-weather|RainDance|[upkeep]","|-heal|p2a: Goodra|204/384|[from] item: Leftovers","|turn|9","|","|move|p2a: Goodra|Thunder|p1a: Chansey","|-damage|p1a: Chansey|582/641 par","|cant|p1a: Chansey|par","|","|-weather|RainDance|[upkeep]","|-heal|p2a: Goodra|228/384|[from] item: Leftovers","|turn|10","|","|move|p2a: Goodra|Earthquake|p1a: Chansey","|-damage|p1a: Chansey|469/641 par","|move|p1a: Chansey|Seismic Toss|p2a: Goodra","|-damage|p2a: Goodra|128/384","|","|-weather|RainDance|[upkeep]","|-heal|p2a: Goodra|152/384|[from] item: Leftovers","|turn|11","|","|move|p2a: Goodra|Earthquake|p1a: Chansey","|-damage|p1a: Chansey|373/641 par","|move|p1a: Chansey|Seismic Toss|p2a: Goodra","|-damage|p2a: Goodra|52/384","|","|-weather|none","|-heal|p2a: Goodra|76/384|[from] item: Leftovers","|turn|12","|","|move|p2a: Goodra|Earthquake|p1a: Chansey","|-damage|p1a: Chansey|264/641 par","|move|p1a: Chansey|Soft-Boiled|p1a: Chansey","|-heal|p1a: Chansey|585/641 par","|","|-heal|p2a: Goodra|100/384|[from] item: Leftovers","|turn|13","|","|switch|p1a: Staraptor|Staraptor, M|311/311","|move|p2a: Goodra|Earthquake|p1a: Staraptor","|-immune|p1a: Staraptor|[msg]","|","|-heal|p2a: Goodra|124/384|[from] item: Leftovers","|turn|14","|","|move|p1a: Staraptor|Double-Edge|p2a: Goodra","|-damage|p2a: Goodra|0 fnt","|-damage|p1a: Staraptor|270/311|[from] recoil|[of] p2a: Goodra","|faint|p2a: Goodra","|","|","|switch|p2a: Tyrantrum|Tyrantrum, M|368/368","|-damage|p2a: Tyrantrum|322/368|[from] Stealth Rock","|turn|15","|","|switch|p1a: Chansey|Chansey, F|585/641","|move|p2a: Tyrantrum|Stealth Rock|p1a: Chansey","|-sidestart|p1: Shining Yin|move: Stealth Rock","|","|-heal|p2a: Tyrantrum|345/368|[from] item: Leftovers","|turn|16","|","|move|p2a: Tyrantrum|Head Smash|p1a: Chansey","|-damage|p1a: Chansey|327/641","|move|p1a: Chansey|Thunder Wave|p2a: Tyrantrum","|-status|p2a: Tyrantrum|par","|","|-heal|p2a: Tyrantrum|368/368 par|[from] item: Leftovers","|turn|17","|","|move|p1a: Chansey|Seismic Toss|p2a: Tyrantrum","|-damage|p2a: Tyrantrum|268/368 par","|cant|p2a: Tyrantrum|par","|","|-heal|p2a: Tyrantrum|291/368 par|[from] item: Leftovers","|turn|18","|","|move|p1a: Chansey|Seismic Toss|p2a: Tyrantrum","|-damage|p2a: Tyrantrum|191/368 par","|move|p2a: Tyrantrum|Head Smash|p1a: Chansey","|-damage|p1a: Chansey|39/641","|","|-heal|p2a: Tyrantrum|214/368 par|[from] item: Leftovers","|turn|19","|","|move|p1a: Chansey|Soft-Boiled|p1a: Chansey","|-heal|p1a: Chansey|360/641","|move|p2a: Tyrantrum|Head Smash|p1a: Chansey","|-damage|p1a: Chansey|78/641","|","|-heal|p2a: Tyrantrum|237/368 par|[from] item: Leftovers","|turn|20","|","|move|p1a: Chansey|Soft-Boiled|p1a: Chansey","|-heal|p1a: Chansey|399/641","|move|p2a: Tyrantrum|Dark Pulse|p1a: Chansey","|-damage|p1a: Chansey|375/641","|","|-heal|p2a: Tyrantrum|260/368 par|[from] item: Leftovers","|turn|21","|","|move|p1a: Chansey|Seismic Toss|p2a: Tyrantrum","|-damage|p2a: Tyrantrum|160/368 par","|move|p2a: Tyrantrum|Head Smash|p1a: Chansey","|-damage|p1a: Chansey|87/641","|","|-heal|p2a: Tyrantrum|183/368 par|[from] item: Leftovers","|turn|22","|","|move|p1a: Chansey|Seismic Toss|p2a: Tyrantrum","|-damage|p2a: Tyrantrum|83/368 par","|move|p2a: Tyrantrum|Head Smash|p1a: Chansey|[miss]","|-miss|p2a: Tyrantrum|p1a: Chansey","|","|-heal|p2a: Tyrantrum|106/368 par|[from] item: Leftovers","|turn|23","|","|move|p1a: Chansey|Seismic Toss|p2a: Tyrantrum","|-damage|p2a: Tyrantrum|6/368 par","|move|p2a: Tyrantrum|Head Smash|p1a: Chansey","|-damage|p1a: Chansey|0 fnt","|faint|p1a: Chansey","|","|-heal|p2a: Tyrantrum|29/368 par|[from] item: Leftovers","|","|switch|p1a: Porygon2|Porygon2|318/373","|-damage|p1a: Porygon2|272/373|[from] Stealth Rock","|-boost|p1a: Porygon2|spa|1|[from] ability: Download","|turn|24","|","|move|p1a: Porygon2|Ice Beam|p2a: Tyrantrum","|-supereffective|p2a: Tyrantrum","|-damage|p2a: Tyrantrum|0 fnt","|faint|p2a: Tyrantrum","|","|","|switch|p2a: Latios|Latios, M|301/301","|-damage|p2a: Latios|264/301|[from] Stealth Rock","|turn|25","|","|detailschange|p2a: Latios|Latios-Mega, M","|-mega|p2a: Latios|Latios|Latiosite","|move|p2a: Latios|Dragon Pulse|p1a: Porygon2","|-crit|p1a: Porygon2","|-damage|p1a: Porygon2|125/373","|move|p1a: Porygon2|Recover|p1a: Porygon2","|-heal|p1a: Porygon2|312/373","|","|turn|26","|","|move|p2a: Latios|Dragon Pulse|p1a: Porygon2","|-damage|p1a: Porygon2|201/373","|move|p1a: Porygon2|Toxic|p2a: Latios","|-status|p2a: Latios|tox","|","|-damage|p2a: Latios|246/301 tox|[from] psn","|turn|27","|","|move|p2a: Latios|Dragon Pulse|p1a: Porygon2","|-damage|p1a: Porygon2|86/373","|move|p1a: Porygon2|Recover|p1a: Porygon2","|-heal|p1a: Porygon2|273/373","|","|-damage|p2a: Latios|210/301 tox|[from] psn","|turn|28","|","|move|p2a: Latios|Dragon Pulse|p1a: Porygon2","|-damage|p1a: Porygon2|164/373","|move|p1a: Porygon2|Recover|p1a: Porygon2","|-heal|p1a: Porygon2|351/373","|","|-damage|p2a: Latios|156/301 tox|[from] psn","|turn|29","|","|switch|p2a: Hydreigon|Hydreigon, M|387/387","|-damage|p2a: Hydreigon|339/387|[from] Stealth Rock","|move|p1a: Porygon2|Recover|p1a: Porygon2","|-heal|p1a: Porygon2|373/373","|","|turn|30","|","|move|p2a: Hydreigon|Crunch|p1a: Porygon2","|-damage|p1a: Porygon2|291/373","|-damage|p2a: Hydreigon|301/387|[from] item: Life Orb","|move|p1a: Porygon2|Toxic|p2a: Hydreigon","|-status|p2a: Hydreigon|tox","|","|-damage|p2a: Hydreigon|277/387 tox|[from] psn","|turn|31","|","|move|p2a: Hydreigon|Flamethrower|p1a: Porygon2","|-damage|p1a: Porygon2|229/373","|-damage|p2a: Hydreigon|239/387 tox|[from] item: Life Orb","|move|p1a: Porygon2|Recover|p1a: Porygon2","|-heal|p1a: Porygon2|373/373","|","|-damage|p2a: Hydreigon|191/387 tox|[from] psn","|turn|32","|","|switch|p2a: Haxorus|Haxorus, M|293/293","|-damage|p2a: Haxorus|257/293|[from] Stealth Rock","|move|p1a: Porygon2|Ice Beam|p2a: Haxorus","|-supereffective|p2a: Haxorus","|-damage|p2a: Haxorus|0 fnt","|faint|p2a: Haxorus","|","|","|switch|p2a: Dragonite|Dragonite, M|323/323","|-damage|p2a: Dragonite|243/323|[from] Stealth Rock","|turn|33","|","|move|p2a: Dragonite|Earthquake|p1a: Porygon2","|-damage|p1a: Porygon2|316/373","|move|p1a: Porygon2|Ice Beam|p2a: Dragonite","|-supereffective|p2a: Dragonite","|-damage|p2a: Dragonite|0 fnt","|faint|p2a: Dragonite","|","|","|switch|p2a: Hydreigon|Hydreigon, M|191/387 tox","|-damage|p2a: Hydreigon|143/387 tox|[from] Stealth Rock","|turn|34","|","|move|p2a: Hydreigon|Flamethrower|p1a: Porygon2","|-damage|p1a: Porygon2|251/373","|-damage|p2a: Hydreigon|105/387 tox|[from] item: Life Orb","|move|p1a: Porygon2|Ice Beam|p2a: Hydreigon","|-supereffective|p2a: Hydreigon","|-damage|p2a: Hydreigon|0 fnt","|faint|p2a: Hydreigon","|","|","|switch|p2a: Latios|Latios-Mega, M|156/301 tox","|-damage|p2a: Latios|119/301 tox|[from] Stealth Rock","|turn|35","|","|move|p2a: Latios|Thunder|p1a: Porygon2|[miss]","|-miss|p2a: Latios|p1a: Porygon2","|move|p1a: Porygon2|Ice Beam|p2a: Latios","|-supereffective|p2a: Latios","|-damage|p2a: Latios|0 fnt","|faint|p2a: Latios","|","|win|Shining Yin"],"p1rating":{"entryid":"71235","serverid":"eos","formatid":"monotype","userid":"shiningyin","username":"Shining Yin","w":64,"l":"31","t":"0","gxe":65.4,"r":"1611.0691699868","rd":"39.913970420739","sigma":"0","rptime":"1440579600","rpr":1620.5362925239,"rprd":38.716138958718,"rpsigma":"0","acre":1242.0962908279,"lacre":1242.0962908279,"oldacre":"1228.9041841059"},"p2rating":{"entryid":"466527","serverid":"eos","formatid":"monotype","userid":"jg1234","username":"jg1234","w":"1","l":1,"t":"0","gxe":51.3,"r":"1541.4150349107","rd":"122.48832615251","sigma":"0","rptime":"1440579600","rpr":1510.6076247409,"rprd":115.86406337671,"rpsigma":"0","acre":1041.3672641384,"lacre":1041.3672641384,"oldacre":"1050.6534620939"},"endType":"normal"}