{"seed":[21151,36236,36117,28524],"turns":41,"p1":"Marx-Bot","p2":"SWL Jyph","p1team":[{"name":"Satan","species":"sableye","item":"sablenite","ability":"Prankster","moves":["recover","willowisp","darkpulse","calmmind"],"nature":"Calm","evs":{"hp":248,"atk":0,"def":0,"spa":8,"spd":252,"spe":0},"shiny":true,"ivs":{"hp":31,"atk":31,"def":31,"spa":31,"spd":31,"spe":31}},{"name":"Spiritomb","species":"Spiritomb","item":"lifeorb","ability":"Infiltrator","moves":["darkpulse","suckerpunch","shadowball","psychic"],"nature":"Mild","evs":{"hp":248,"atk":8,"def":0,"spa":252,"spd":0,"spe":0},"ivs":{"hp":31,"atk":31,"def":31,"spa":31,"spd":31,"spe":31}},{"name":"Tree","species":"trevenant","item":"sitrusberry","ability":"Harvest","moves":["earthquake","hornleech","shadowclaw","poisonjab"],"nature":"Adamant","evs":{"hp":248,"atk":252,"def":0,"spa":0,"spd":8,"spe":0},"ivs":{"hp":31,"atk":31,"def":31,"spa":31,"spd":31,"spe":31}},{"name":"Trollclops","species":"dusclops","item":"eviolite","ability":"Pressure","moves":["nightshade","willowisp","destinybond","protect"],"nature":"Calm","evs":{"hp":248,"atk":0,"def":8,"spa":0,"spd":252,"spe":0},"shiny":true,"ivs":{"hp":31,"atk":31,"def":31,"spa":31,"spd":31,"spe":31}},{"name":"Cofagrigus","species":"Cofagrigus","item":"rockyhelmet","ability":"Mummy","moves":["disable","knockoff","shadowball","toxic"],"nature":"Lax","evs":{"hp":248,"atk":8,"def":252,"spa":0,"spd":0,"spe":0},"shiny":true,"ivs":{"hp":31,"atk":31,"def":31,"spa":31,"spd":31,"spe":31}},{"name":"Chandelure","species":"Chandelure","item":"choicescarf","ability":"Flash Fire","moves":["darkpulse","energyball","flamethrower","shadowball"],"nature":"Timid","evs":{"hp":0,"atk":0,"def":0,"spa":252,"spd":4,"spe":252},"ivs":{"hp":31,"atk":31,"def":31,"spa":31,"spd":31,"spe":31}}],"p2team":[{"name":"Sharpedo","species":"Sharpedo","item":"sharpedonite","ability":"Speed Boost","moves":["protect","waterfall","icefang","crunch"],"nature":"Adamant","evs":{"hp":0,"atk":252,"def":0,"spa":0,"spd":4,"spe":252},"ivs":{"hp":31,"atk":31,"def":31,"spa":31,"spd":31,"spe":31}},{"name":"Gyarados","species":"Gyarados","item":"leftovers","ability":"Intimidate","moves":["substitute","dragondance","waterfall","bounce"],"nature":"Jolly","evs":{"hp":80,"atk":252,"def":0,"spa":0,"spd":0,"spe":176},"ivs":{"hp":31,"atk":31,"def":31,"spa":31,"spd":31,"spe":31}},{"name":"Swampert","species":"Swampert","item":"leftovers","ability":"Torrent","moves":["stealthrock","toxic","roar","earthquake"],"nature":"Impish","evs":{"hp":252,"atk":4,"def":252,"spa":0,"spd":0,"spe":0},"ivs":{"hp":31,"atk":31,"def":31,"spa":31,"spd":31,"spe":31}},{"name":"Lanturn","species":"Lanturn","item":"leftovers","ability":"Volt Absorb","moves":["healbell","voltswitch","scald","toxic"],"nature":"Calm","evs":{"hp":252,"atk":0,"def":0,"spa":4,"spd":252,"spe":0},"ivs":{"hp":31,"atk":31,"def":31,"spa":31,"spd":31,"spe":31}},{"name":"Keldeo","species":"Keldeo","item":"leftovers","ability":"Justified","moves":["substitute","calmmind","scald","secretsword"],"nature":"Timid","evs":{"hp":0,"atk":0,"def":4,"spa":252,"spd":0,"spe":252},"ivs":{"hp":31,"atk":31,"def":31,"spa":31,"spd":31,"spe":31}},{"name":"Empoleon","species":"Empoleon","item":"leftovers","ability":"Torrent","moves":["scald","defog","icebeam","knockoff"],"nature":"Calm","evs":{"hp":248,"atk":0,"def":0,"spa":8,"spd":252,"spe":0},"ivs":{"hp":31,"atk":31,"def":31,"spa":31,"spd":31,"spe":31}}],"log":["|player|p1|Marx-Bot|165","|player|p2|SWL Jyph|swljyph.png","|gametype|singles","|gen|6","|tier|Monotype","|rated","|rule|Baton Pass Clause: Limit one Baton Passer, can't pass Spe and other stats simultaneously","|rule|Swagger Clause: Swagger is banned","|rule|Same Type Clause: Pokémon in a team must share a type","|clearpoke","|poke|p1|Sableye, M, shiny","|poke|p1|Spiritomb, F","|poke|p1|Trevenant, F","|poke|p1|Dusclops, F, shiny","|poke|p1|Cofagrigus, M, shiny","|poke|p1|Chandelure, F","|poke|p2|Sharpedo, M","|poke|p2|Gyarados, M","|poke|p2|Swampert, M","|poke|p2|Lanturn, F","|poke|p2|Keldeo","|poke|p2|Empoleon, M","|rule|Sleep Clause Mod: Limit one foe put to sleep","|rule|Species Clause: Limit one of each Pokémon","|rule|OHKO Clause: OHKO moves are banned","|rule|Moody Clause: Moody is banned","|rule|Evasion Moves Clause: Evasion moves are banned","|rule|Endless Battle Clause: Forcing endless battles is banned","|rule|HP Percentage Mod: HP is shown in percentages","|teampreview","|","|start","|switch|p1a: Tree|Trevenant, F|373/373","|switch|p2a: Keldeo|Keldeo|323/323","|turn|1","|","|move|p2a: Keldeo|Substitute|p2a: Keldeo","|-start|p2a: Keldeo|Substitute","|-damage|p2a: Keldeo|243/323","|move|p1a: Tree|Horn Leech|p2a: Keldeo","|-supereffective|p2a: Keldeo","|-end|p2a: Keldeo|Substitute","|","|-heal|p2a: Keldeo|263/323|[from] item: Leftovers","|turn|2","|","|switch|p2a: Lanturn|Lanturn, F|454/454","|move|p1a: Tree|Horn Leech|p2a: Lanturn","|-supereffective|p2a: Lanturn","|-damage|p2a: Lanturn|68/454","|","|-heal|p2a: Lanturn|96/454|[from] item: Leftovers","|turn|3","|","|switch|p1a: Trollclops|Dusclops, F, shiny|283/283","|-ability|p1a: Trollclops|Pressure","|move|p2a: Lanturn|Toxic|p1a: Trollclops","|-status|p1a: Trollclops|tox","|","|-heal|p2a: Lanturn|124/454|[from] item: Leftovers","|-damage|p1a: Trollclops|266/283 tox|[from] psn","|turn|4","|","|switch|p2a: Empoleon|Empoleon, M|371/371","|move|p1a: Trollclops|Night Shade|p2a: Empoleon","|-damage|p2a: Empoleon|271/371","|","|-heal|p2a: Empoleon|294/371|[from] item: Leftovers","|-damage|p1a: Trollclops|232/283 tox|[from] psn","|turn|5","|","|move|p2a: Empoleon|Knock Off|p1a: Trollclops","|-supereffective|p1a: Trollclops","|-damage|p1a: Trollclops|162/283 tox","|-enditem|p1a: Trollclops|Eviolite|[from] move: Knock Off|[of] p2a: Empoleon","|move|p1a: Trollclops|Will-O-Wisp|p2a: Empoleon","|-status|p2a: Empoleon|brn","|","|-heal|p2a: Empoleon|317/371 brn|[from] item: Leftovers","|-damage|p2a: Empoleon|271/371 brn|[from] brn","|-damage|p1a: Trollclops|111/283 tox|[from] psn","|turn|6","|","|switch|p2a: Lanturn|Lanturn, F|124/454","|move|p1a: Trollclops|Destiny Bond|p1a: Trollclops","|-singlemove|p1a: Trollclops|Destiny Bond","|","|-heal|p2a: Lanturn|152/454|[from] item: Leftovers","|-damage|p1a: Trollclops|43/283 tox|[from] psn","|turn|7","|","|move|p2a: Lanturn|Heal Bell|p2a: Lanturn","|-cureteam|p2a: Lanturn|[from] move: HealBell","|move|p1a: Trollclops|Night Shade|p2a: Lanturn","|-damage|p2a: Lanturn|52/454","|","|-heal|p2a: Lanturn|80/454|[from] item: Leftovers","|-damage|p1a: Trollclops|0 fnt|[from] psn","|faint|p1a: Trollclops","|","|switch|p1a: Chandelure|Chandelure, F|261/261","|turn|8","|","|move|p1a: Chandelure|Energy Ball|p2a: Lanturn","|-supereffective|p2a: Lanturn","|-damage|p2a: Lanturn|0 fnt","|faint|p2a: Lanturn","|","|","|switch|p2a: Empoleon|Empoleon, M|271/371","|turn|9","|","|move|p1a: Chandelure|Energy Ball|p2a: Empoleon","|-damage|p2a: Empoleon|191/371","|move|p2a: Empoleon|Scald|p1a: Chandelure","|-supereffective|p1a: Chandelure","|-damage|p1a: Chandelure|37/261","|","|-heal|p2a: Empoleon|214/371|[from] item: Leftovers","|turn|10","|","|move|p1a: Chandelure|Energy Ball|p2a: Empoleon","|-damage|p2a: Empoleon|135/371","|move|p2a: Empoleon|Scald|p1a: Chandelure","|-supereffective|p1a: Chandelure","|-damage|p1a: Chandelure|0 fnt","|faint|p1a: Chandelure","|","|-heal|p2a: Empoleon|158/371|[from] item: Leftovers","|","|switch|p1a: Tree|Trevenant, F|373/373","|turn|11","|","|move|p2a: Empoleon|Ice Beam|p1a: Tree","|-supereffective|p1a: Tree","|-damage|p1a: Tree|189/373","|move|p1a: Tree|Horn Leech|p2a: Empoleon","|-damage|p2a: Empoleon|0 fnt","|-heal|p1a: Tree|268/373|[from] drain|[of] p2a: Empoleon","|faint|p2a: Empoleon","|","|","|switch|p2a: Gyarados|Gyarados, M|351/351","|-ability|p2a: Gyarados|Intimidate","|-unboost|p1a: Tree|atk|1","|turn|12","|","|move|p2a: Gyarados|Substitute|p2a: Gyarados","|-start|p2a: Gyarados|Substitute","|-damage|p2a: Gyarados|264/351","|move|p1a: Tree|Horn Leech|p2a: Gyarados","|-crit|p2a: Gyarados","|-end|p2a: Gyarados|Substitute","|-heal|p1a: Tree|312/373|[from] drain|[of] p2a: Gyarados","|","|-heal|p2a: Gyarados|285/351|[from] item: Leftovers","|turn|13","|","|move|p2a: Gyarados|Bounce|p1a: Tree|[still]","|-prepare|p2a: Gyarados|Bounce|p1a: Tree","|move|p1a: Tree|Horn Leech|p2a: Gyarados|[miss]","|-miss|p1a: Tree|p2a: Gyarados","|","|-heal|p2a: Gyarados|306/351|[from] item: Leftovers","|turn|14","|","|switch|p1a: Cofagrigus|Cofagrigus, M, shiny|319/319","|move|p2a: Gyarados|Bounce|p1a: Cofagrigus|[from]lockedmove","|-damage|p1a: Cofagrigus|237/319","|-activate|p1a: Cofagrigus|ability: Mummy|intimidate|[of] p2a: Gyarados","|-damage|p2a: Gyarados|248/351|[from] item: Rocky Helmet|[of] p1a: Cofagrigus","|-status|p1a: Cofagrigus|par","|","|-heal|p2a: Gyarados|269/351|[from] item: Leftovers","|turn|15","|","|move|p2a: Gyarados|Substitute|p2a: Gyarados","|-start|p2a: Gyarados|Substitute","|-damage|p2a: Gyarados|182/351","|move|p1a: Cofagrigus|Toxic|p2a: Gyarados","|-fail|p2a: Gyarados","|","|-heal|p2a: Gyarados|203/351|[from] item: Leftovers","|turn|16","|","|switch|p1a: Spiritomb|Spiritomb, F|303/303","|move|p2a: Gyarados|Dragon Dance|p2a: Gyarados","|-boost|p2a: Gyarados|atk|1","|-boost|p2a: Gyarados|spe|1","|","|-heal|p2a: Gyarados|224/351|[from] item: Leftovers","|turn|17","|","|move|p2a: Gyarados|Bounce|p1a: Spiritomb|[still]","|-prepare|p2a: Gyarados|Bounce|p1a: Spiritomb","|move|p1a: Spiritomb|Shadow Ball|p2a: Gyarados|[miss]","|-miss|p1a: Spiritomb|p2a: Gyarados","|","|-heal|p2a: Gyarados|245/351|[from] item: Leftovers","|turn|18","|","|switch|p1a: Cofagrigus|Cofagrigus, M, shiny|237/319 par","|move|p2a: Gyarados|Bounce|p1a: Cofagrigus|[from]lockedmove","|-damage|p1a: Cofagrigus|107/319 par","|-damage|p2a: Gyarados|187/351|[from] item: Rocky Helmet|[of] p1a: Cofagrigus","|","|-heal|p2a: Gyarados|208/351|[from] item: Leftovers","|turn|19","|","|move|p2a: Gyarados|Dragon Dance|p2a: Gyarados","|-boost|p2a: Gyarados|atk|1","|-boost|p2a: Gyarados|spe|1","|move|p1a: Cofagrigus|Shadow Ball|p2a: Gyarados","|-end|p2a: Gyarados|Substitute","|","|-heal|p2a: Gyarados|229/351|[from] item: Leftovers","|turn|20","|","|move|p2a: Gyarados|Bounce|p1a: Cofagrigus|[still]","|-prepare|p2a: Gyarados|Bounce|p1a: Cofagrigus","|cant|p1a: Cofagrigus|par","|","|-heal|p2a: Gyarados|250/351|[from] item: Leftovers","|turn|21","|","|move|p2a: Gyarados|Bounce|p1a: Cofagrigus|[from]lockedmove|[miss]","|-miss|p2a: Gyarados|p1a: Cofagrigus","|move|p1a: Cofagrigus|Disable|p2a: Gyarados","|-start|p2a: Gyarados|Disable|Bounce","|","|-heal|p2a: Gyarados|271/351|[from] item: Leftovers","|turn|22","|","|move|p2a: Gyarados|Waterfall|p1a: Cofagrigus","|-damage|p1a: Cofagrigus|0 fnt","|-damage|p2a: Gyarados|213/351|[from] item: Rocky Helmet|[of] p1a: Cofagrigus","|faint|p1a: Cofagrigus","|","|-heal|p2a: Gyarados|234/351|[from] item: Leftovers","|","|switch|p1a: Tree|Trevenant, F|312/373","|turn|23","|","|move|p2a: Gyarados|Substitute|p2a: Gyarados","|-start|p2a: Gyarados|Substitute","|-damage|p2a: Gyarados|147/351","|move|p1a: Tree|Horn Leech|p2a: Gyarados","|-end|p2a: Gyarados|Substitute","|-heal|p1a: Tree|356/373|[from] drain|[of] p2a: Gyarados","|","|-heal|p2a: Gyarados|168/351|[from] item: Leftovers","|turn|24","|","|move|p2a: Gyarados|Substitute|p2a: Gyarados","|-start|p2a: Gyarados|Substitute","|-damage|p2a: Gyarados|81/351","|move|p1a: Tree|Horn Leech|p2a: Gyarados","|-end|p2a: Gyarados|Substitute","|-heal|p1a: Tree|373/373|[from] drain|[of] p2a: Gyarados","|","|-heal|p2a: Gyarados|102/351|[from] item: Leftovers","|turn|25","|","|move|p2a: Gyarados|Substitute|p2a: Gyarados","|-start|p2a: Gyarados|Substitute","|-damage|p2a: Gyarados|15/351","|move|p1a: Tree|Horn Leech|p2a: Gyarados","|-end|p2a: Gyarados|Substitute","|","|-heal|p2a: Gyarados|36/351|[from] item: Leftovers","|-end|p2a: Gyarados|Disable","|turn|26","|","|move|p2a: Gyarados|Bounce|p1a: Tree|[still]","|-prepare|p2a: Gyarados|Bounce|p1a: Tree","|move|p1a: Tree|Poison Jab|p2a: Gyarados|[miss]","|-miss|p1a: Tree|p2a: Gyarados","|","|-heal|p2a: Gyarados|57/351|[from] item: Leftovers","|turn|27","|","|move|p2a: Gyarados|Bounce|p1a: Tree|[from]lockedmove","|-supereffective|p1a: Tree","|-damage|p1a: Tree|0 fnt","|faint|p1a: Tree","|","|-heal|p2a: Gyarados|78/351|[from] item: Leftovers","|","|switch|p1a: Spiritomb|Spiritomb, F|303/303","|turn|28","|","|move|p1a: Spiritomb|Sucker Punch|p2a: Gyarados","|-damage|p2a: Gyarados|0 fnt","|-activate|p2a: Gyarados|ability: Mummy|infiltrator|[of] p1a: Spiritomb","|-damage|p1a: Spiritomb|273/303|[from] item: Life Orb","|faint|p2a: Gyarados","|","|","|switch|p2a: Keldeo|Keldeo|263/323","|turn|29","|","|move|p2a: Keldeo|Substitute|p2a: Keldeo","|-start|p2a: Keldeo|Substitute","|-damage|p2a: Keldeo|183/323","|move|p1a: Spiritomb|Psychic|p2a: Keldeo","|-supereffective|p2a: Keldeo","|-end|p2a: Keldeo|Substitute","|-damage|p1a: Spiritomb|243/303|[from] item: Life Orb","|","|-heal|p2a: Keldeo|203/323|[from] item: Leftovers","|turn|30","|","|switch|p2a: Swampert|Swampert, M|404/404","|move|p1a: Spiritomb|Psychic|p2a: Swampert","|-damage|p2a: Swampert|261/404","|-damage|p1a: Spiritomb|213/303|[from] item: Life Orb","|","|-heal|p2a: Swampert|286/404|[from] item: Leftovers","|turn|31","|","|move|p2a: Swampert|Toxic|p1a: Spiritomb|[miss]","|-miss|p2a: Swampert|p1a: Spiritomb","|move|p1a: Spiritomb|Shadow Ball|p2a: Swampert","|-damage|p2a: Swampert|99/404","|-damage|p1a: Spiritomb|183/303|[from] item: Life Orb","|","|-heal|p2a: Swampert|124/404|[from] item: Leftovers","|turn|32","|","|move|p2a: Swampert|Toxic|p1a: Spiritomb","|-status|p1a: Spiritomb|tox","|move|p1a: Spiritomb|Shadow Ball|p2a: Swampert","|-damage|p2a: Swampert|0 fnt","|-damage|p1a: Spiritomb|153/303 tox|[from] item: Life Orb","|faint|p2a: Swampert","|","|-damage|p1a: Spiritomb|135/303 tox|[from] psn","|","|switch|p2a: Sharpedo|Sharpedo, M|281/281","|turn|33","|","|move|p2a: Sharpedo|Protect|p2a: Sharpedo","|-singleturn|p2a: Sharpedo|Protect","|move|p1a: Spiritomb|Shadow Ball|p2a: Sharpedo","|-activate|p2a: Sharpedo|Protect","|","|-damage|p1a: Spiritomb|99/303 tox|[from] psn","|-boost|p2a: Sharpedo|spe|1|[from] ability: Speed Boost","|turn|34","|","|detailschange|p2a: Sharpedo|Sharpedo-Mega, M","|-mega|p2a: Sharpedo|Sharpedo|Sharpedonite","|move|p2a: Sharpedo|Crunch|p1a: Spiritomb","|-damage|p1a: Spiritomb|0 fnt","|-activate|p1a: Spiritomb|ability: Mummy|strongjaw|[of] p2a: Sharpedo","|faint|p1a: Spiritomb","|","|","|switch|p1a: Satan|Sableye, M, shiny|303/303","|turn|35","|","|switch|p2a: Keldeo|Keldeo|203/323","|move|p1a: Satan|Will-O-Wisp|p2a: Keldeo","|-status|p2a: Keldeo|brn","|","|-heal|p2a: Keldeo|223/323 brn|[from] item: Leftovers","|-damage|p2a: Keldeo|183/323 brn|[from] brn","|turn|36","|","|move|p1a: Satan|Calm Mind|p1a: Satan","|-boost|p1a: Satan|spa|1","|-boost|p1a: Satan|spd|1","|move|p2a: Keldeo|Scald|p1a: Satan","|-damage|p1a: Satan|216/303","|","|-heal|p2a: Keldeo|203/323 brn|[from] item: Leftovers","|-damage|p2a: Keldeo|163/323 brn|[from] brn","|turn|37","|","|move|p1a: Satan|Calm Mind|p1a: Satan","|-boost|p1a: Satan|spa|1","|-boost|p1a: Satan|spd|1","|move|p2a: Keldeo|Scald|p1a: Satan","|-damage|p1a: Satan|149/303","|","|-heal|p2a: Keldeo|183/323 brn|[from] item: Leftovers","|-damage|p2a: Keldeo|143/323 brn|[from] brn","|turn|38","|","|move|p1a: Satan|Calm Mind|p1a: Satan","|-boost|p1a: Satan|spa|1","|-boost|p1a: Satan|spd|1","|move|p2a: Keldeo|Calm Mind|p2a: Keldeo","|-boost|p2a: Keldeo|spa|1","|-boost|p2a: Keldeo|spd|1","|","|-heal|p2a: Keldeo|163/323 brn|[from] item: Leftovers","|-damage|p2a: Keldeo|123/323 brn|[from] brn","|turn|39","|","|move|p1a: Satan|Recover|p1a: Satan","|-heal|p1a: Satan|301/303","|move|p2a: Keldeo|Scald|p1a: Satan","|-damage|p1a: Satan|214/303","|","|-heal|p2a: Keldeo|143/323 brn|[from] item: Leftovers","|-damage|p2a: Keldeo|103/323 brn|[from] brn","|turn|40","|","|move|p2a: Keldeo|Scald|p1a: Satan","|-damage|p1a: Satan|130/303","|move|p1a: Satan|Dark Pulse|p2a: Keldeo","|-crit|p2a: Keldeo","|-resisted|p2a: Keldeo","|-damage|p2a: Keldeo|0 fnt","|faint|p2a: Keldeo","|","|","|switch|p2a: Sharpedo|Sharpedo-Mega, M|281/281","|turn|41","|","|move|p1a: Satan|Will-O-Wisp|p2a: Sharpedo","|-status|p2a: Sharpedo|brn","|move|p2a: Sharpedo|Crunch|p1a: Satan","|-damage|p1a: Satan|0 fnt","|faint|p1a: Satan","|","|win|SWL Jyph"],"p1rating":{"entryid":"79213","serverid":"eos","formatid":"monotype","userid":"marxbot","username":"Marx-Bot","w":"7","l":8,"t":"0","gxe":48.5,"r":"1476.3086752794","rd":"95.840461940003","sigma":"0","rptime":"1440579600","rpr":1488.3631898679,"rprd":77.424852043446,"rpsigma":"0","acre":1087.8881668087,"lacre":1087.8881668087,"oldacre":"1108.4881252946"},"p2rating":{"entryid":"10848","serverid":"eos","formatid":"monotype","userid":"swljyph","username":"SWL Jyph","w":14,"l":"8","t":"0","gxe":61.8,"r":"1592.9877604431","rd":"74.992925972029","sigma":"0","rptime":"1440579600","rpr":1592.0855923121,"rprd":68.589738609148,"rpsigma":"0","acre":1190.8807231795,"lacre":1190.8807231795,"oldacre":"1170.2807646936"},"endType":"normal"}