{"seed":[65098,4542,45541,61367],"turns":32,"p1":"V Icarus","p2":"Shining Yin","p1team":[{"name":"Glalie","species":"Glalie","item":"glalitite","ability":"Inner Focus","moves":["iceshard","bodyslam","protect","earthquake"],"nature":"Jolly","evs":{"hp":4,"atk":252,"def":0,"spa":0,"spd":0,"spe":252},"shiny":true,"ivs":{"hp":31,"atk":31,"def":31,"spa":31,"spd":31,"spe":31}},{"name":"Regice","species":"Regice","item":"leftovers","ability":"Clear Body","moves":["blizzard","thunderbolt","hail","toxic"],"nature":"Modest","evs":{"hp":112,"atk":0,"def":156,"spa":240,"spd":0,"spe":0},"shiny":true,"ivs":{"hp":31,"atk":31,"def":31,"spa":31,"spd":31,"spe":31}},{"name":"Avalugg","species":"Avalugg","item":"leftovers","ability":"Sturdy","moves":["gyroball","rapidspin","recover","roar"],"nature":"Brave","evs":{"hp":236,"atk":0,"def":184,"spa":0,"spd":88,"spe":0},"ivs":{"hp":31,"atk":31,"def":31,"spa":31,"spd":31,"spe":0}},{"name":"Kyurem-Black","species":"Kyurem-Black","item":"lifeorb","ability":"Teravolt","moves":["roost","substitute","icebeam","earthpower"],"nature":"Timid","evs":{"hp":0,"atk":0,"def":0,"spa":252,"spd":4,"spe":252},"shiny":true,"ivs":{"hp":31,"atk":31,"def":31,"spa":31,"spd":31,"spe":31}},{"name":"Mamoswine","species":"Mamoswine","item":"focussash","ability":"Thick Fat","moves":["earthquake","iciclecrash","knockoff","stealthrock"],"nature":"Jolly","evs":{"hp":36,"atk":216,"def":4,"spa":0,"spd":0,"spe":252},"shiny":true,"ivs":{"hp":31,"atk":31,"def":31,"spa":31,"spd":31,"spe":31}},{"name":"Weavile","species":"Weavile","item":"focussash","ability":"Pickpocket","moves":["iciclecrash","knockoff","lowkick","swordsdance"],"nature":"Jolly","evs":{"hp":0,"atk":216,"def":40,"spa":0,"spd":0,"spe":252},"shiny":true,"ivs":{"hp":31,"atk":31,"def":31,"spa":31,"spd":31,"spe":31}}],"p2team":[{"name":"Aerodactyl","species":"Aerodactyl","item":"aerodactylite","ability":"Pressure","moves":["earthquake","aquatail","stoneedge","aerialace"],"nature":"Jolly","evs":{"hp":0,"atk":248,"def":44,"spa":0,"spd":0,"spe":216},"shiny":true,"ivs":{"hp":31,"atk":31,"def":31,"spa":31,"spd":31,"spe":31}},{"name":"Skarmory","species":"Skarmory","item":"rockyhelmet","ability":"Sturdy","moves":["ironhead","defog","roost","whirlwind"],"nature":"Careful","evs":{"hp":248,"atk":0,"def":8,"spa":0,"spd":252,"spe":0},"ivs":{"hp":31,"atk":31,"def":31,"spa":31,"spd":31,"spe":31}},{"name":"Zapdos","species":"Zapdos","item":"leftovers","ability":"Pressure","moves":["roost","thunderbolt","heatwave","hiddenpowerice"],"nature":"Bold","evs":{"hp":248,"atk":0,"def":176,"spa":68,"spd":0,"spe":16},"ivs":{"hp":31,"atk":30,"def":30,"spa":31,"spd":31,"spe":31}},{"name":"Dragonite","species":"Dragonite","item":"lumberry","ability":"Multiscale","moves":["dragondance","outrage","earthquake","extremespeed"],"nature":"Adamant","evs":{"hp":0,"atk":252,"def":0,"spa":0,"spd":4,"spe":252},"ivs":{"hp":31,"atk":31,"def":31,"spa":31,"spd":31,"spe":31}},{"name":"Togekiss","species":"Togekiss","item":"choicescarf","ability":"Serene Grace","moves":["airslash","fireblast","dazzlinggleam","aurasphere"],"nature":"Timid","evs":{"hp":0,"atk":0,"def":0,"spa":252,"spd":4,"spe":252},"ivs":{"hp":31,"atk":31,"def":31,"spa":31,"spd":31,"spe":31}},{"name":"Landorus","species":"Landorus","item":"lifeorb","ability":"Sheer Force","moves":["stealthrock","earthpower","focusblast","sludgewave"],"nature":"Timid","evs":{"hp":0,"atk":0,"def":0,"spa":252,"spd":4,"spe":252},"ivs":{"hp":31,"atk":31,"def":31,"spa":31,"spd":31,"spe":31}}],"log":["|player|p1|V Icarus|vicarus.png","|player|p2|Shining Yin|258","|gametype|singles","|gen|6","|tier|Monotype","|rated","|rule|Baton Pass Clause: Limit one Baton Passer, can't pass Spe and other stats simultaneously","|rule|Swagger Clause: Swagger is banned","|rule|Same Type Clause: Pokémon in a team must share a type","|clearpoke","|poke|p1|Glalie, F, shiny","|poke|p1|Regice, shiny","|poke|p1|Avalugg, M","|poke|p1|Kyurem-Black, shiny","|poke|p1|Mamoswine, F, shiny","|poke|p1|Weavile, F, shiny","|poke|p2|Aerodactyl, F, shiny","|poke|p2|Skarmory, F","|poke|p2|Zapdos","|poke|p2|Dragonite, F","|poke|p2|Togekiss, F","|poke|p2|Landorus, M","|rule|Sleep Clause Mod: Limit one foe put to sleep","|rule|Species Clause: Limit one of each Pokémon","|rule|OHKO Clause: OHKO moves are banned","|rule|Moody Clause: Moody is banned","|rule|Evasion Moves Clause: Evasion moves are banned","|rule|Endless Battle Clause: Forcing endless battles is banned","|rule|HP Percentage Mod: HP is shown in percentages","|teampreview","|","|start","|switch|p1a: Mamoswine|Mamoswine, F, shiny|370/370","|switch|p2a: Skarmory|Skarmory, F|333/333","|turn|1","|","|move|p1a: Mamoswine|Stealth Rock|p2a: Skarmory","|-sidestart|p2: Shining Yin|move: Stealth Rock","|move|p2a: Skarmory|Iron Head|p1a: Mamoswine","|-supereffective|p1a: Mamoswine","|-damage|p1a: Mamoswine|184/370","|","|turn|2","|","|move|p1a: Mamoswine|Knock Off|p2a: Skarmory","|-damage|p2a: Skarmory|255/333","|-damage|p1a: Mamoswine|123/370|[from] item: Rocky Helmet|[of] p2a: Skarmory","|-enditem|p2a: Skarmory|Rocky Helmet|[from] move: Knock Off|[of] p1a: Mamoswine","|move|p2a: Skarmory|Defog|p1a: Mamoswine","|-unboost|p1a: Mamoswine|evasion|1","|-sideend|p2: Shining Yin|Stealth Rock|[from] move: Defog|[of] p2a: Skarmory","|","|turn|3","|","|switch|p1a: Regice|Regice, shiny|329/329","|move|p2a: Skarmory|Iron Head|p1a: Regice","|-supereffective|p1a: Regice","|-damage|p1a: Regice|189/329","|","|-heal|p1a: Regice|209/329|[from] item: Leftovers","|turn|4","|","|move|p2a: Skarmory|Iron Head|p1a: Regice","|-crit|p1a: Regice","|-supereffective|p1a: Regice","|-damage|p1a: Regice|0 fnt","|faint|p1a: Regice","|","|","|switch|p1a: Kyurem-Black|Kyurem-Black, shiny|391/391","|-ability|p1a: Kyurem-Black|Teravolt","|turn|5","|","|switch|p2a: Landorus|Landorus, M|319/319","|move|p1a: Kyurem-Black|Ice Beam|p2a: Landorus","|-supereffective|p2a: Landorus","|-damage|p2a: Landorus|0 fnt","|-damage|p1a: Kyurem-Black|352/391|[from] item: Life Orb","|faint|p2a: Landorus","|","|","|switch|p2a: Aerodactyl|Aerodactyl, F, shiny|301/301","|-ability|p2a: Aerodactyl|Pressure","|turn|6","|","|switch|p1a: Avalugg|Avalugg, M|390/390","|detailschange|p2a: Aerodactyl|Aerodactyl-Mega, F, shiny","|-mega|p2a: Aerodactyl|Aerodactyl|Aerodactylite","|move|p2a: Aerodactyl|Stone Edge|p1a: Avalugg","|-supereffective|p1a: Avalugg","|-damage|p1a: Avalugg|186/390","|","|-heal|p1a: Avalugg|210/390|[from] item: Leftovers","|turn|7","|","|switch|p2a: Skarmory|Skarmory, F|255/333","|move|p1a: Avalugg|Gyro Ball|p2a: Skarmory","|-resisted|p2a: Skarmory","|-damage|p2a: Skarmory|225/333","|","|-heal|p1a: Avalugg|234/390|[from] item: Leftovers","|turn|8","|","|move|p2a: Skarmory|Roost|p2a: Skarmory","|-heal|p2a: Skarmory|333/333","|move|p1a: Avalugg|Recover|p1a: Avalugg","|-heal|p1a: Avalugg|390/390","|","|turn|9","|","|move|p2a: Skarmory|Iron Head|p1a: Avalugg","|-supereffective|p1a: Avalugg","|-damage|p1a: Avalugg|312/390","|move|p1a: Avalugg|Roar|p2a: Skarmory","|drag|p2a: Zapdos|Zapdos|383/383","|-ability|p2a: Zapdos|Pressure","|","|-heal|p1a: Avalugg|336/390|[from] item: Leftovers","|turn|10","|","|switch|p1a: Kyurem-Black|Kyurem-Black, shiny|352/391","|-ability|p1a: Kyurem-Black|Teravolt","|move|p2a: Zapdos|Heat Wave|p1a: Kyurem-Black","|-damage|p1a: Kyurem-Black|245/391","|","|turn|11","|","|switch|p2a: Dragonite|Dragonite, F|323/323","|move|p1a: Kyurem-Black|Ice Beam|p2a: Dragonite","|-supereffective|p2a: Dragonite","|-damage|p2a: Dragonite|0 fnt","|-damage|p1a: Kyurem-Black|206/391|[from] item: Life Orb","|faint|p2a: Dragonite","|","|","|switch|p2a: Togekiss|Togekiss, F|311/311","|turn|12","|","|move|p2a: Togekiss|Aura Sphere|p1a: Kyurem-Black","|-supereffective|p1a: Kyurem-Black","|-damage|p1a: Kyurem-Black|26/391","|move|p1a: Kyurem-Black|Substitute|p1a: Kyurem-Black","|-fail|p1a: Kyurem-Black|move: Substitute|[weak]","|","|turn|13","|","|move|p2a: Togekiss|Aura Sphere|p1a: Kyurem-Black","|-supereffective|p1a: Kyurem-Black","|-damage|p1a: Kyurem-Black|0 fnt","|faint|p1a: Kyurem-Black","|","|","|switch|p1a: Weavile|Weavile, F, shiny|281/281","|turn|14","|","|move|p2a: Togekiss|Aura Sphere|p1a: Weavile","|-supereffective|p1a: Weavile","|-enditem|p1a: Weavile|Focus Sash","|-damage|p1a: Weavile|1/281","|move|p1a: Weavile|Knock Off|p2a: Togekiss","|-resisted|p2a: Togekiss","|-damage|p2a: Togekiss|224/311","|-enditem|p2a: Togekiss|Choice Scarf|[from] move: Knock Off|[of] p1a: Weavile","|","|turn|15","|","|move|p1a: Weavile|Icicle Crash|p2a: Togekiss","|-supereffective|p2a: Togekiss","|-damage|p2a: Togekiss|0 fnt","|faint|p2a: Togekiss","|","|","|switch|p2a: Skarmory|Skarmory, F|333/333","|turn|16","|","|switch|p1a: Avalugg|Avalugg, M|336/390","|move|p2a: Skarmory|Iron Head|p1a: Avalugg","|-supereffective|p1a: Avalugg","|-damage|p1a: Avalugg|256/390","|","|-heal|p1a: Avalugg|280/390|[from] item: Leftovers","|turn|17","|","|move|p2a: Skarmory|Iron Head|p1a: Avalugg","|-supereffective|p1a: Avalugg","|-damage|p1a: Avalugg|194/390","|move|p1a: Avalugg|Recover|p1a: Avalugg","|-heal|p1a: Avalugg|389/390","|","|-heal|p1a: Avalugg|390/390|[from] item: Leftovers","|turn|18","|","|move|p2a: Skarmory|Iron Head|p1a: Avalugg","|-supereffective|p1a: Avalugg","|-damage|p1a: Avalugg|300/390","|move|p1a: Avalugg|Roar|p2a: Skarmory","|drag|p2a: Aerodactyl|Aerodactyl-Mega, F, shiny|301/301","|","|-heal|p1a: Avalugg|324/390|[from] item: Leftovers","|turn|19","|","|switch|p2a: Skarmory|Skarmory, F|333/333","|move|p1a: Avalugg|Gyro Ball|p2a: Skarmory","|-resisted|p2a: Skarmory","|-damage|p2a: Skarmory|303/333","|","|-heal|p1a: Avalugg|348/390|[from] item: Leftovers","|turn|20","|","|move|p2a: Skarmory|Iron Head|p1a: Avalugg","|-supereffective|p1a: Avalugg","|-damage|p1a: Avalugg|268/390","|move|p1a: Avalugg|Recover|p1a: Avalugg","|-heal|p1a: Avalugg|390/390","|","|turn|21","|","|move|p2a: Skarmory|Iron Head|p1a: Avalugg","|-crit|p1a: Avalugg","|-supereffective|p1a: Avalugg","|-damage|p1a: Avalugg|274/390","|move|p1a: Avalugg|Roar|p2a: Skarmory","|drag|p2a: Aerodactyl|Aerodactyl-Mega, F, shiny|301/301","|","|-heal|p1a: Avalugg|298/390|[from] item: Leftovers","|turn|22","|","|switch|p2a: Skarmory|Skarmory, F|303/333","|switch|p1a: Glalie|Glalie, F, shiny|302/302","|","|turn|23","|","|detailschange|p1a: Glalie|Glalie-Mega, F, shiny","|-mega|p1a: Glalie|Glalie|Glalitite","|move|p1a: Glalie|Protect|p1a: Glalie","|-singleturn|p1a: Glalie|Protect","|move|p2a: Skarmory|Roost|p2a: Skarmory","|-heal|p2a: Skarmory|333/333","|","|turn|24","|","|move|p1a: Glalie|Body Slam|p2a: Skarmory","|-damage|p2a: Skarmory|188/333","|-status|p2a: Skarmory|par","|move|p2a: Skarmory|Iron Head|p1a: Glalie","|-supereffective|p1a: Glalie","|-damage|p1a: Glalie|104/302","|","|turn|25","|","|move|p1a: Glalie|Body Slam|p2a: Skarmory","|-damage|p2a: Skarmory|49/333 par","|cant|p2a: Skarmory|par","|","|turn|26","|","|move|p1a: Glalie|Body Slam|p2a: Skarmory","|-damage|p2a: Skarmory|0 fnt","|faint|p2a: Skarmory","|","|","|switch|p2a: Aerodactyl|Aerodactyl-Mega, F, shiny|301/301","|turn|27","|","|move|p1a: Glalie|Ice Shard|p2a: Aerodactyl","|-supereffective|p2a: Aerodactyl","|-damage|p2a: Aerodactyl|145/301","|move|p2a: Aerodactyl|Aerial Ace|p1a: Glalie","|-damage|p1a: Glalie|0 fnt","|faint|p1a: Glalie","|","|","|switch|p1a: Avalugg|Avalugg, M|298/390","|turn|28","|","|switch|p2a: Zapdos|Zapdos|383/383","|-ability|p2a: Zapdos|Pressure","|move|p1a: Avalugg|Gyro Ball|p2a: Zapdos","|-resisted|p2a: Zapdos","|-damage|p2a: Zapdos|340/383","|","|-heal|p2a: Zapdos|363/383|[from] item: Leftovers","|-heal|p1a: Avalugg|322/390|[from] item: Leftovers","|turn|29","|","|switch|p1a: Weavile|Weavile, F, shiny|1/281","|move|p2a: Zapdos|Heat Wave|p1a: Weavile","|-supereffective|p1a: Weavile","|-damage|p1a: Weavile|0 fnt","|faint|p1a: Weavile","|","|-heal|p2a: Zapdos|383/383|[from] item: Leftovers","|","|switch|p1a: Mamoswine|Mamoswine, F, shiny|123/370","|turn|30","|","|move|p1a: Mamoswine|Icicle Crash|p2a: Zapdos|[miss]","|-miss|p1a: Mamoswine|p2a: Zapdos","|move|p2a: Zapdos|Heat Wave|p1a: Mamoswine","|-supereffective|p1a: Mamoswine","|-damage|p1a: Mamoswine|0 fnt","|faint|p1a: Mamoswine","|","|","|switch|p1a: Avalugg|Avalugg, M|322/390","|turn|31","|","|move|p2a: Zapdos|Heat Wave|p1a: Avalugg","|-supereffective|p1a: Avalugg","|-damage|p1a: Avalugg|46/390","|move|p1a: Avalugg|Gyro Ball|p2a: Zapdos","|-resisted|p2a: Zapdos","|-damage|p2a: Zapdos|336/383","|","|-heal|p2a: Zapdos|359/383|[from] item: Leftovers","|-heal|p1a: Avalugg|70/390|[from] item: Leftovers","|turn|32","|","|move|p2a: Zapdos|Thunderbolt|p1a: Avalugg","|-damage|p1a: Avalugg|0 fnt","|faint|p1a: Avalugg","|","|win|Shining Yin"],"p1rating":{"entryid":"312374","serverid":"eos","formatid":"monotype","userid":"vicarus","username":"V Icarus","w":"4","l":1,"t":"0","gxe":60.9,"r":"1563.3279781395","rd":"116.31455219011","sigma":"0","rptime":"1440579600","rpr":1586.7927971226,"rprd":101.7023545398,"rpsigma":"0","acre":1118.929685557,"lacre":1118.929685557,"oldacre":"1131.8234747106"},"p2rating":{"entryid":"71235","serverid":"eos","formatid":"monotype","userid":"shiningyin","username":"Shining Yin","w":70,"l":"31","t":"0","gxe":67.5,"r":"1611.0691699868","rd":"39.913970420739","sigma":"0","rptime":"1440579600","rpr":1638.0328464019,"rprd":37.542824308748,"rpsigma":"0","acre":1325.7649235947,"lacre":1325.7649235947,"oldacre":"1315.4498922718"},"endType":"normal"}