{"seed":[50617,17496,33913,54247],"turns":22,"p1":"goomylegends","p2":"Vin Pyre","p1team":[{"name":"Hippowdon","species":"Hippowdon","item":"leftovers","ability":"Sand Stream","moves":["stealthrock","earthquake","slackoff","whirlwind"],"nature":"Impish","evs":{"hp":248,"atk":8,"def":252,"spa":0,"spd":0,"spe":0},"ivs":{"hp":31,"atk":31,"def":31,"spa":31,"spd":31,"spe":31}},{"name":"Seismitoad","species":"Seismitoad","item":"assaultvest","ability":"Water Absorb","moves":["scald","earthpower","grassknot","sludgewave"],"nature":"Modest","evs":{"hp":248,"atk":0,"def":0,"spa":252,"spd":8,"spe":0},"ivs":{"hp":31,"atk":31,"def":31,"spa":31,"spd":31,"spe":31}},{"name":"Mamoswine","species":"Mamoswine","item":"lifeorb","ability":"Thick Fat","moves":["iceshard","freezedry","earthquake","iciclespear"],"nature":"Naive","evs":{"hp":0,"atk":252,"def":0,"spa":4,"spd":0,"spe":252},"ivs":{"hp":31,"atk":31,"def":31,"spa":31,"spd":31,"spe":31}},{"name":"Camerupt","species":"Camerupt","item":"cameruptite","ability":"Magma Armor","moves":["flamethrower","earthpower","willowisp","rockslide"],"nature":"Modest","evs":{"hp":248,"atk":8,"def":0,"spa":0,"spd":252,"spe":0},"ivs":{"hp":31,"atk":31,"def":31,"spa":31,"spd":31,"spe":31}},{"name":"Landorus-Therian","species":"Landorus-Therian","item":"leftovers","ability":"Intimidate","moves":["rockpolish","swordsdance","earthquake","knockoff"],"nature":"Adamant","evs":{"hp":0,"atk":252,"def":0,"spa":0,"spd":4,"spe":252},"ivs":{"hp":31,"atk":31,"def":31,"spa":31,"spd":31,"spe":31}},{"name":"Excadrill","species":"Excadrill","item":"choiceband","ability":"Sand Rush","moves":["ironhead","earthquake","xscissor","rockslide"],"nature":"Adamant","evs":{"hp":0,"atk":252,"def":0,"spa":0,"spd":4,"spe":252},"ivs":{"hp":31,"atk":31,"def":31,"spa":31,"spd":31,"spe":31}}],"p2team":[{"name":"Venusaur","species":"Venusaur","item":"venusaurite","ability":"Chlorophyll","moves":["sludgebomb","gigadrain","synthesis","hiddenpowerfire"],"nature":"Bold","evs":{"hp":252,"atk":0,"def":140,"spa":28,"spd":88,"spe":0},"ivs":{"hp":31,"atk":30,"def":31,"spa":30,"spd":31,"spe":30}},{"name":"Tentacruel","species":"Tentacruel","item":"blacksludge","ability":"Liquid Ooze","moves":["acidspray","haze","scald","rapidspin"],"nature":"Calm","evs":{"hp":252,"atk":0,"def":0,"spa":4,"spd":252,"spe":0},"shiny":true,"ivs":{"hp":31,"atk":31,"def":31,"spa":31,"spd":31,"spe":31}},{"name":"Toxicroak","species":"Toxicroak","item":"lifeorb","ability":"Dry Skin","moves":["drainpunch","gunkshot","icepunch","suckerpunch"],"nature":"Jolly","evs":{"hp":4,"atk":252,"def":0,"spa":0,"spd":0,"spe":252},"ivs":{"hp":31,"atk":30,"def":30,"spa":31,"spd":31,"spe":31},"shiny":true},{"name":"Nidoking","species":"Nidoking","item":"focussash","ability":"Sheer Force","moves":["earthpower","icebeam","stealthrock","taunt"],"nature":"Timid","evs":{"hp":4,"atk":0,"def":0,"spa":252,"spd":0,"spe":252},"ivs":{"hp":31,"atk":31,"def":31,"spa":31,"spd":31,"spe":31}},{"name":"Gengar","species":"Gengar","item":"choicescarf","ability":"Levitate","moves":["shadowball","sludgewave","hiddenpowerice","dazzlinggleam"],"nature":"Timid","evs":{"hp":4,"atk":0,"def":0,"spa":252,"spd":0,"spe":252},"ivs":{"hp":31,"atk":30,"def":30,"spa":31,"spd":31,"spe":31}},{"name":"Skuntank","species":"Skuntank","item":"airballoon","ability":"Aftermath","moves":["pursuit","suckerpunch","poisonjab","fireblast"],"nature":"Brave","evs":{"hp":240,"atk":236,"def":4,"spa":0,"spd":28,"spe":0},"ivs":{"hp":31,"atk":31,"def":31,"spa":31,"spd":31,"spe":31}}],"log":["|player|p1|goomylegends|238","|player|p2|Vin Pyre|158","|gametype|singles","|gen|6","|tier|Monotype","|rated","|rule|Baton Pass Clause: Limit one Baton Passer, can't pass Spe and other stats simultaneously","|rule|Swagger Clause: Swagger is banned","|rule|Same Type Clause: Pokémon in a team must share a type","|clearpoke","|poke|p1|Hippowdon, F","|poke|p1|Seismitoad, F","|poke|p1|Mamoswine, F","|poke|p1|Camerupt, F","|poke|p1|Landorus-Therian, M","|poke|p1|Excadrill, F","|poke|p2|Venusaur, F","|poke|p2|Tentacruel, F, shiny","|poke|p2|Toxicroak, F, shiny","|poke|p2|Nidoking, M","|poke|p2|Gengar, M","|poke|p2|Skuntank, M","|rule|Sleep Clause Mod: Limit one foe put to sleep","|rule|Species Clause: Limit one of each Pokémon","|rule|OHKO Clause: OHKO moves are banned","|rule|Moody Clause: Moody is banned","|rule|Evasion Moves Clause: Evasion moves are banned","|rule|Endless Battle Clause: Forcing endless battles is banned","|rule|HP Percentage Mod: HP is shown in percentages","|teampreview","|","|start","|switch|p1a: Hippowdon|Hippowdon, F|419/419","|switch|p2a: Nidoking|Nidoking, M|304/304","|-weather|Sandstorm","|turn|1","|","|move|p2a: Nidoking|Ice Beam|p1a: Hippowdon","|-supereffective|p1a: Hippowdon","|-damage|p1a: Hippowdon|123/419","|move|p1a: Hippowdon|Stealth Rock|p2a: Nidoking","|-sidestart|p2: Vin Pyre|move: Stealth Rock","|","|-weather|Sandstorm|[upkeep]","|-heal|p1a: Hippowdon|149/419|[from] item: Leftovers","|turn|2","|","|move|p2a: Nidoking|Ice Beam|p1a: Hippowdon","|-supereffective|p1a: Hippowdon","|-damage|p1a: Hippowdon|0 fnt","|faint|p1a: Hippowdon","|","|-weather|Sandstorm|[upkeep]","|","|switch|p1a: Excadrill|Excadrill, F|361/361","|turn|3","|","|move|p1a: Excadrill|Earthquake|p2a: Nidoking","|-supereffective|p2a: Nidoking","|-enditem|p2a: Nidoking|Focus Sash","|-damage|p2a: Nidoking|1/304","|move|p2a: Nidoking|Stealth Rock|p1a: Excadrill","|-sidestart|p1: goomylegends|move: Stealth Rock","|","|-weather|Sandstorm|[upkeep]","|turn|4","|","|switch|p2a: Skuntank|Skuntank, M|407/407","|-damage|p2a: Skuntank|357/407|[from] Stealth Rock","|-item|p2a: Skuntank|Air Balloon","|move|p1a: Excadrill|Earthquake|p2a: Skuntank","|-immune|p2a: Skuntank|[msg]","|","|-weather|Sandstorm|[upkeep]","|-damage|p2a: Skuntank|332/407|[from] sandstorm","|turn|5","|","|move|p2a: Skuntank|Pursuit|p1a: Excadrill|[from]Pursuit","|-damage|p1a: Excadrill|184/361","|switch|p1a: Mamoswine|Mamoswine, F|361/361","|-damage|p1a: Mamoswine|316/361|[from] Stealth Rock","|","|-weather|none","|turn|6","|","|switch|p2a: Nidoking|Nidoking, M|1/304","|-damage|p2a: Nidoking|0 fnt|[from] Stealth Rock","|faint|p2a: Nidoking","|move|p1a: Mamoswine|Freeze-Dry|p2: Nidoking|[notarget]","|-notarget","|","|","|switch|p2a: Venusaur|Venusaur, F|364/364","|-damage|p2a: Venusaur|319/364|[from] Stealth Rock","|turn|7","|","|switch|p1a: Excadrill|Excadrill, F|184/361","|-damage|p1a: Excadrill|173/361|[from] Stealth Rock","|detailschange|p2a: Venusaur|Venusaur-Mega, F","|-mega|p2a: Venusaur|Venusaur|Venusaurite","|move|p2a: Venusaur|Giga Drain|p1a: Excadrill","|-damage|p1a: Excadrill|17/361","|-heal|p2a: Venusaur|364/364|[from] drain|[of] p1a: Excadrill","|","|turn|8","|","|move|p1a: Excadrill|Iron Head|p2a: Venusaur","|-damage|p2a: Venusaur|210/364","|move|p2a: Venusaur|Giga Drain|p1a: Excadrill","|-damage|p1a: Excadrill|0 fnt","|-heal|p2a: Venusaur|219/364|[from] drain|[of] p1a: Excadrill","|faint|p1a: Excadrill","|","|","|switch|p1a: Camerupt|Camerupt, F|343/343","|-damage|p1a: Camerupt|301/343|[from] Stealth Rock","|turn|9","|","|switch|p2a: Tentacruel|Tentacruel, F, shiny|364/364","|-damage|p2a: Tentacruel|319/364|[from] Stealth Rock","|switch|p1a: Landorus-Therian|Landorus-Therian, M|319/319","|-damage|p1a: Landorus-Therian|280/319|[from] Stealth Rock","|-ability|p1a: Landorus-Therian|Intimidate","|-unboost|p2a: Tentacruel|atk|1","|","|-heal|p1a: Landorus-Therian|299/319|[from] item: Leftovers","|-heal|p2a: Tentacruel|341/364|[from] item: Black Sludge","|turn|10","|","|switch|p1a: Seismitoad|Seismitoad, F|413/413","|-damage|p1a: Seismitoad|388/413|[from] Stealth Rock","|move|p2a: Tentacruel|Scald|p1a: Seismitoad","|-heal|p1a: Seismitoad|413/413|[from] ability: Water Absorb|[of] p2a: Tentacruel","|","|-heal|p2a: Tentacruel|363/364|[from] item: Black Sludge","|turn|11","|","|move|p2a: Tentacruel|Rapid Spin|p1a: Seismitoad","|-damage|p1a: Seismitoad|403/413","|-sideend|p2: Vin Pyre|Stealth Rock|[from] move: Rapid Spin|[of] p2a: Tentacruel","|move|p1a: Seismitoad|Earth Power|p2a: Tentacruel","|-supereffective|p2a: Tentacruel","|-damage|p2a: Tentacruel|195/364","|","|-heal|p2a: Tentacruel|217/364|[from] item: Black Sludge","|turn|12","|","|switch|p2a: Venusaur|Venusaur-Mega, F|219/364","|move|p1a: Seismitoad|Earth Power|p2a: Venusaur","|-damage|p2a: Venusaur|111/364","|","|turn|13","|","|switch|p1a: Landorus-Therian|Landorus-Therian, M|299/319","|-damage|p1a: Landorus-Therian|260/319|[from] Stealth Rock","|-ability|p1a: Landorus-Therian|Intimidate","|-unboost|p2a: Venusaur|atk|1","|move|p2a: Venusaur|Synthesis|p2a: Venusaur","|-heal|p2a: Venusaur|293/364","|","|-heal|p1a: Landorus-Therian|279/319|[from] item: Leftovers","|turn|14","|","|move|p1a: Landorus-Therian|Swords Dance|p1a: Landorus-Therian","|-boost|p1a: Landorus-Therian|atk|2","|move|p2a: Venusaur|Giga Drain|p1a: Landorus-Therian","|-damage|p1a: Landorus-Therian|155/319","|-heal|p2a: Venusaur|355/364|[from] drain|[of] p1a: Landorus-Therian","|","|-heal|p1a: Landorus-Therian|174/319|[from] item: Leftovers","|turn|15","|","|move|p1a: Landorus-Therian|Earthquake|p2a: Venusaur","|-damage|p2a: Venusaur|43/364","|move|p2a: Venusaur|Giga Drain|p1a: Landorus-Therian","|-damage|p1a: Landorus-Therian|50/319","|-heal|p2a: Venusaur|105/364|[from] drain|[of] p1a: Landorus-Therian","|","|-heal|p1a: Landorus-Therian|69/319|[from] item: Leftovers","|turn|16","|","|move|p1a: Landorus-Therian|Earthquake|p2a: Venusaur","|-damage|p2a: Venusaur|0 fnt","|faint|p2a: Venusaur","|","|-heal|p1a: Landorus-Therian|88/319|[from] item: Leftovers","|","|switch|p2a: Gengar|Gengar, M|262/262","|turn|17","|","|move|p2a: Gengar|Shadow Ball|p1a: Landorus-Therian","|-damage|p1a: Landorus-Therian|0 fnt","|faint|p1a: Landorus-Therian","|","|","|switch|p1a: Camerupt|Camerupt, F|301/343","|-damage|p1a: Camerupt|259/343|[from] Stealth Rock","|turn|18","|","|switch|p2a: Tentacruel|Tentacruel, F, shiny|217/364","|detailschange|p1a: Camerupt|Camerupt-Mega, F","|-mega|p1a: Camerupt|Camerupt|Cameruptite","|move|p1a: Camerupt|Earth Power|p2a: Tentacruel","|-supereffective|p2a: Tentacruel","|-damage|p2a: Tentacruel|0 fnt","|faint|p2a: Tentacruel","|","|","|switch|p2a: Skuntank|Skuntank, M|332/407","|-item|p2a: Skuntank|Air Balloon","|turn|19","|","|move|p2a: Skuntank|Sucker Punch|p1a: Camerupt","|-fail|p2a: Skuntank","|move|p1a: Camerupt|Will-O-Wisp|p2a: Skuntank","|-status|p2a: Skuntank|brn","|","|-damage|p2a: Skuntank|282/407 brn|[from] brn","|turn|20","|","|move|p2a: Skuntank|Sucker Punch|p1a: Camerupt","|-damage|p1a: Camerupt|196/343","|move|p1a: Camerupt|Flamethrower|p2a: Skuntank","|-damage|p2a: Skuntank|0 fnt","|-enditem|p2a: Skuntank|Air Balloon","|faint|p2a: Skuntank","|","|","|switch|p2a: Toxicroak|Toxicroak, F, shiny|308/308","|turn|21","|","|move|p2a: Toxicroak|Drain Punch|p1a: Camerupt","|-damage|p1a: Camerupt|54/343","|-damage|p2a: Toxicroak|278/308|[from] item: Life Orb","|move|p1a: Camerupt|Will-O-Wisp|p2a: Toxicroak","|-status|p2a: Toxicroak|brn","|","|-damage|p2a: Toxicroak|240/308 brn|[from] brn","|turn|22","|player|p1","|","|win|Vin Pyre"],"p1rating":{"entryid":"463554","serverid":"eos","formatid":"monotype","userid":"goomylegends","username":"goomy legends","w":"1","l":4,"t":"0","gxe":41.2,"r":"1462.3872241976","rd":"122.06274998148","sigma":"0","rptime":"1440579600","rpr":1430.4831816878,"rprd":103.11813370881,"rpsigma":"0","acre":1008.7196286216,"lacre":1008.7196286216,"oldacre":"1019.8297050865"},"p2rating":{"entryid":"470016","serverid":"eos","formatid":"monotype","userid":"vinpyre","username":"Vin Pyre","w":3,"l":"0","t":"0","gxe":62,"r":"1572.5671258289","rd":"116.77753930647","sigma":"0","rptime":"1440579600","rpr":1596.4928778237,"rprd":111.84656535077,"rpsigma":"0","acre":1095.3505672288,"lacre":1095.3505672288,"oldacre":"1070.1028089042"},"endType":"forfeit"}