{"seed":[37591,34394,1803,56737],"turns":27,"p1":"Alliance - Contort","p2":"Metalyte","p1team":[{"name":"Sableye","species":"Sableye","item":"sablenite","ability":"Prankster","moves":["calmmind","recover","willowisp","snarl"],"nature":"Bold","evs":{"hp":252,"atk":0,"def":196,"spa":0,"spd":60,"spe":0},"ivs":{"hp":31,"atk":31,"def":31,"spa":31,"spd":31,"spe":31}},{"name":"Tyranitar","species":"Tyranitar","item":"leftovers","ability":"Sand Stream","moves":["stoneedge","fireblast","stealthrock","thunderwave"],"nature":"Brave","evs":{"hp":252,"atk":56,"def":0,"spa":0,"spd":200,"spe":0},"ivs":{"hp":31,"atk":31,"def":31,"spa":31,"spd":31,"spe":31}},{"name":"Hoopa-Unbound","species":"Hoopa-Unbound","item":"choicescarf","ability":"Magician","moves":["hyperspacefury","hyperspacehole","gunkshot","energyball"],"nature":"Hasty","evs":{"hp":0,"atk":180,"def":0,"spa":76,"spd":0,"spe":252},"ivs":{"hp":31,"atk":31,"def":31,"spa":31,"spd":31,"spe":31}},{"name":"Crawdaunt","species":"Crawdaunt","item":"lifeorb","ability":"Adaptability","moves":["knockoff","aquajet","swordsdance","crabhammer"],"nature":"Adamant","evs":{"hp":0,"atk":252,"def":0,"spa":0,"spd":4,"spe":252},"ivs":{"hp":31,"atk":31,"def":31,"spa":31,"spd":31,"spe":31}},{"name":"Mandibuzz","species":"Mandibuzz","item":"rockyhelmet","ability":"Overcoat","moves":["bravebird","foulplay","roost","defog"],"nature":"Impish","evs":{"hp":248,"atk":8,"def":252,"spa":0,"spd":0,"spe":0},"ivs":{"hp":31,"atk":31,"def":31,"spa":31,"spd":31,"spe":31}},{"name":"Bisharp","species":"Bisharp","item":"lumberry","ability":"Defiant","moves":["swordsdance","knockoff","ironhead","suckerpunch"],"nature":"Adamant","evs":{"hp":0,"atk":252,"def":0,"spa":0,"spd":4,"spe":252},"ivs":{"hp":31,"atk":31,"def":31,"spa":31,"spd":31,"spe":31}}],"p2team":[{"name":"Gyarados","species":"Gyarados","item":"gyaradosite","ability":"Intimidate","moves":["dragondance","waterfall","crunch","earthquake"],"nature":"Jolly","evs":{"hp":0,"atk":252,"def":0,"spa":0,"spd":4,"spe":252},"ivs":{"hp":31,"atk":31,"def":31,"spa":31,"spd":31,"spe":31}},{"name":"Landorus","species":"Landorus","item":"lifeorb","ability":"Sheer Force","moves":["earthpower","sludgewave","psychic","grassknot"],"nature":"Timid","evs":{"hp":0,"atk":0,"def":0,"spa":252,"spd":4,"spe":252},"ivs":{"hp":31,"atk":31,"def":31,"spa":31,"spd":31,"spe":31}},{"name":"Tornadus-Therian","species":"Tornadus-Therian","item":"assaultvest","ability":"Regenerator","moves":["hurricane","heatwave","knockoff","uturn"],"nature":"Mild","evs":{"hp":248,"atk":8,"def":0,"spa":252,"spd":0,"spe":0},"ivs":{"hp":31,"atk":31,"def":31,"spa":31,"spd":31,"spe":31}},{"name":"Zapdos","species":"Zapdos","item":"leftovers","ability":"Pressure","moves":["roost","defog","discharge","voltswitch"],"nature":"Bold","evs":{"hp":252,"atk":0,"def":252,"spa":4,"spd":0,"spe":0},"ivs":{"hp":31,"atk":31,"def":31,"spa":31,"spd":31,"spe":31}},{"name":"Staraptor","species":"Staraptor","item":"choicescarf","ability":"Reckless","moves":["bravebird","frustration","closecombat","uturn"],"nature":"Jolly","evs":{"hp":0,"atk":252,"def":0,"spa":0,"spd":4,"spe":252},"happiness":0,"ivs":{"hp":31,"atk":31,"def":31,"spa":31,"spd":31,"spe":31}},{"name":"Dragonite","species":"Dragonite","item":"choicespecs","ability":"Multiscale","moves":["dracometeor","fireblast","icebeam","thunderbolt"],"nature":"Modest","evs":{"hp":248,"atk":0,"def":0,"spa":252,"spd":8,"spe":0},"ivs":{"hp":31,"atk":31,"def":31,"spa":31,"spd":31,"spe":31}}],"log":["|player|p1|Alliance - Contort|alliancecontort.png","|player|p2|Metalyte|165","|gametype|singles","|gen|6","|tier|Monotype","|rated","|rule|Baton Pass Clause: Limit one Baton Passer, can't pass Spe and other stats simultaneously","|rule|Swagger Clause: Swagger is banned","|rule|Same Type Clause: Pokémon in a team must share a type","|clearpoke","|poke|p1|Sableye, F","|poke|p1|Tyranitar, M","|poke|p1|Hoopa-Unbound","|poke|p1|Crawdaunt, M","|poke|p1|Mandibuzz, F","|poke|p1|Bisharp, M","|poke|p2|Gyarados, F","|poke|p2|Landorus, M","|poke|p2|Tornadus-Therian, M","|poke|p2|Zapdos","|poke|p2|Staraptor, F","|poke|p2|Dragonite, M","|rule|Sleep Clause Mod: Limit one foe put to sleep","|rule|Species Clause: Limit one of each Pokémon","|rule|OHKO Clause: OHKO moves are banned","|rule|Moody Clause: Moody is banned","|rule|Evasion Moves Clause: Evasion moves are banned","|rule|Endless Battle Clause: Forcing endless battles is banned","|rule|HP Percentage Mod: HP is shown in percentages","|teampreview","|","|start","|switch|p1a: Tyranitar|Tyranitar, M|404/404","|switch|p2a: Staraptor|Staraptor, F|311/311","|-weather|Sandstorm","|turn|1","|","|switch|p1a: Mandibuzz|Mandibuzz, F|423/423","|move|p2a: Staraptor|U-turn|p1a: Mandibuzz","|-damage|p1a: Mandibuzz|367/423","|-damage|p2a: Staraptor|260/311|[from] item: Rocky Helmet|[of] p1a: Mandibuzz","|","|switch|p2a: Zapdos|Zapdos|384/384","|-ability|p2a: Zapdos|Pressure","|","|-weather|Sandstorm|[upkeep]","|-damage|p2a: Zapdos|360/384|[from] sandstorm","|-heal|p2a: Zapdos|384/384|[from] item: Leftovers","|turn|2","|","|switch|p1a: Tyranitar|Tyranitar, M|404/404","|move|p2a: Zapdos|Discharge|p1a: Tyranitar","|-damage|p1a: Tyranitar|346/404","|-status|p1a: Tyranitar|par","|","|-weather|Sandstorm|[upkeep]","|-damage|p2a: Zapdos|360/384|[from] sandstorm","|-heal|p2a: Zapdos|384/384|[from] item: Leftovers","|-heal|p1a: Tyranitar|371/404 par|[from] item: Leftovers","|turn|3","|","|move|p2a: Zapdos|Volt Switch|p1a: Tyranitar","|-damage|p1a: Tyranitar|317/404 par","|","|switch|p2a: Landorus|Landorus, M|319/319","|move|p1a: Tyranitar|Stealth Rock|p2a: Landorus","|-sidestart|p2: Metalyte|move: Stealth Rock","|","|-weather|Sandstorm|[upkeep]","|-heal|p1a: Tyranitar|342/404 par|[from] item: Leftovers","|turn|4","|","|switch|p1a: Hoopa-Unbound|Hoopa-Unbound|301/301","|move|p2a: Landorus|Earth Power|p1a: Hoopa-Unbound","|-damage|p1a: Hoopa-Unbound|114/301","|","|-weather|Sandstorm|[upkeep]","|-damage|p1a: Hoopa-Unbound|96/301|[from] sandstorm","|turn|5","|","|switch|p2a: Tornadus-Therian|Tornadus-Therian, M|361/361","|-damage|p2a: Tornadus-Therian|271/361|[from] Stealth Rock","|move|p1a: Hoopa-Unbound|Hyperspace Fury|p2a: Tornadus-Therian","|-damage|p2a: Tornadus-Therian|0 fnt","|-unboost|p1a: Hoopa-Unbound|def|1","|faint|p2a: Tornadus-Therian","|","|-weather|none","|","|switch|p2a: Gyarados|Gyarados, F|331/331","|-damage|p2a: Gyarados|249/331|[from] Stealth Rock","|-ability|p2a: Gyarados|Intimidate","|-unboost|p1a: Hoopa-Unbound|atk|1","|turn|6","|","|switch|p1a: Mandibuzz|Mandibuzz, F|367/423","|detailschange|p2a: Gyarados|Gyarados-Mega, F","|-mega|p2a: Gyarados|Gyarados|Gyaradosite","|-ability|p2a: Gyarados|Mold Breaker","|move|p2a: Gyarados|Dragon Dance|p2a: Gyarados","|-boost|p2a: Gyarados|atk|1","|-boost|p2a: Gyarados|spe|1","|","|turn|7","|","|move|p2a: Gyarados|Dragon Dance|p2a: Gyarados","|-boost|p2a: Gyarados|atk|1","|-boost|p2a: Gyarados|spe|1","|move|p1a: Mandibuzz|Foul Play|p2a: Gyarados","|-resisted|p2a: Gyarados","|-damage|p2a: Gyarados|68/331","|","|turn|8","|","|move|p2a: Gyarados|Waterfall|p1a: Mandibuzz","|-damage|p1a: Mandibuzz|124/423","|-damage|p2a: Gyarados|13/331|[from] item: Rocky Helmet|[of] p1a: Mandibuzz","|move|p1a: Mandibuzz|Roost|p1a: Mandibuzz","|-heal|p1a: Mandibuzz|336/423","|","|turn|9","|","|move|p2a: Gyarados|Waterfall|p1a: Mandibuzz","|-damage|p1a: Mandibuzz|104/423","|-damage|p2a: Gyarados|0 fnt|[from] item: Rocky Helmet|[of] p1a: Mandibuzz","|faint|p2a: Gyarados","|move|p1a: Mandibuzz|Roost|p1a: Mandibuzz","|-heal|p1a: Mandibuzz|316/423","|","|","|switch|p2a: Dragonite|Dragonite, M|385/385","|-damage|p2a: Dragonite|289/385|[from] Stealth Rock","|turn|10","|","|move|p1a: Mandibuzz|Foul Play|p2a: Dragonite","|-damage|p2a: Dragonite|153/385","|move|p2a: Dragonite|Draco Meteor|p1a: Mandibuzz","|-damage|p1a: Mandibuzz|0 fnt","|-unboost|p2a: Dragonite|spa|2","|faint|p1a: Mandibuzz","|","|","|switch|p1a: Bisharp|Bisharp, M|271/271","|turn|11","|","|switch|p2a: Zapdos|Zapdos|384/384","|-damage|p2a: Zapdos|288/384|[from] Stealth Rock","|-ability|p2a: Zapdos|Pressure","|move|p1a: Bisharp|Knock Off|p2a: Zapdos","|-damage|p2a: Zapdos|144/384","|-enditem|p2a: Zapdos|Leftovers|[from] move: Knock Off|[of] p1a: Bisharp","|","|turn|12","|","|move|p1a: Bisharp|Iron Head|p2a: Zapdos","|-resisted|p2a: Zapdos","|-damage|p2a: Zapdos|87/384","|move|p2a: Zapdos|Roost|p2a: Zapdos","|-heal|p2a: Zapdos|279/384","|","|turn|13","|","|switch|p1a: Tyranitar|Tyranitar, M|342/404 par","|-weather|Sandstorm","|move|p2a: Zapdos|Discharge|p1a: Tyranitar","|-damage|p1a: Tyranitar|273/404 par","|","|-weather|Sandstorm|[upkeep]","|-damage|p2a: Zapdos|255/384|[from] sandstorm","|-heal|p1a: Tyranitar|298/404 par|[from] item: Leftovers","|turn|14","|","|switch|p1a: Bisharp|Bisharp, M|271/271","|move|p2a: Zapdos|Roost|p2a: Zapdos","|-heal|p2a: Zapdos|384/384","|","|-weather|Sandstorm|[upkeep]","|-damage|p2a: Zapdos|360/384|[from] sandstorm","|turn|15","|","|switch|p1a: Tyranitar|Tyranitar, M|298/404 par","|move|p2a: Zapdos|Discharge|p1a: Tyranitar","|-damage|p1a: Tyranitar|238/404 par","|","|-weather|Sandstorm|[upkeep]","|-damage|p2a: Zapdos|336/384|[from] sandstorm","|-heal|p1a: Tyranitar|263/404 par|[from] item: Leftovers","|turn|16","|","|switch|p1a: Bisharp|Bisharp, M|271/271","|move|p2a: Zapdos|Volt Switch|p1a: Bisharp","|-damage|p1a: Bisharp|141/271","|","|switch|p2a: Landorus|Landorus, M|319/319","|-damage|p2a: Landorus|280/319|[from] Stealth Rock","|","|-weather|Sandstorm|[upkeep]","|turn|17","|","|move|p1a: Bisharp|Sucker Punch|p2a: Landorus","|-damage|p2a: Landorus|112/319","|move|p2a: Landorus|Earth Power|p1a: Bisharp","|-supereffective|p1a: Bisharp","|-damage|p1a: Bisharp|0 fnt","|faint|p1a: Bisharp","|","|-weather|none","|","|switch|p1a: Crawdaunt|Crawdaunt, M|267/267","|turn|18","|","|switch|p2a: Dragonite|Dragonite, M|153/385","|-damage|p2a: Dragonite|57/385|[from] Stealth Rock","|move|p1a: Crawdaunt|Aqua Jet|p2a: Dragonite","|-resisted|p2a: Dragonite","|-damage|p2a: Dragonite|0 fnt","|-damage|p1a: Crawdaunt|241/267|[from] item: Life Orb","|faint|p2a: Dragonite","|","|","|switch|p2a: Zapdos|Zapdos|336/384","|-damage|p2a: Zapdos|240/384|[from] Stealth Rock","|-ability|p2a: Zapdos|Pressure","|turn|19","|","|move|p2a: Zapdos|Defog|p1a: Crawdaunt","|-unboost|p1a: Crawdaunt|evasion|1","|-sideend|p2: Metalyte|Stealth Rock|[from] move: Defog|[of] p2a: Zapdos","|move|p1a: Crawdaunt|Crabhammer|p2a: Zapdos","|-damage|p2a: Zapdos|1/384","|-damage|p1a: Crawdaunt|215/267|[from] item: Life Orb","|","|turn|20","|","|move|p1a: Crawdaunt|Aqua Jet|p2a: Zapdos","|-damage|p2a: Zapdos|0 fnt","|-damage|p1a: Crawdaunt|189/267|[from] item: Life Orb","|faint|p2a: Zapdos","|","|","|switch|p2a: Staraptor|Staraptor, F|260/311","|turn|21","|","|move|p1a: Crawdaunt|Aqua Jet|p2a: Staraptor","|-damage|p2a: Staraptor|81/311","|-damage|p1a: Crawdaunt|163/267|[from] item: Life Orb","|move|p2a: Staraptor|U-turn|p1a: Crawdaunt","|-supereffective|p1a: Crawdaunt","|-damage|p1a: Crawdaunt|0 fnt","|faint|p1a: Crawdaunt","|","|switch|p2a: Landorus|Landorus, M|112/319","|","|","|switch|p1a: Hoopa-Unbound|Hoopa-Unbound|96/301","|turn|22","|","|move|p1a: Hoopa-Unbound|Hyperspace Fury|p2a: Landorus","|-damage|p2a: Landorus|0 fnt","|-unboost|p1a: Hoopa-Unbound|def|1","|faint|p2a: Landorus","|","|","|switch|p2a: Staraptor|Staraptor, F|81/311","|turn|23","|","|move|p2a: Staraptor|U-turn|p1a: Hoopa-Unbound","|-crit|p1a: Hoopa-Unbound","|-supereffective|p1a: Hoopa-Unbound","|-damage|p1a: Hoopa-Unbound|0 fnt","|faint|p1a: Hoopa-Unbound","|","|","|switch|p1a: Sableye|Sableye, F|304/304","|turn|24","|","|move|p1a: Sableye|Will-O-Wisp|p2a: Staraptor|[miss]","|-miss|p1a: Sableye|p2a: Staraptor","|move|p2a: Staraptor|U-turn|p1a: Sableye","|-damage|p1a: Sableye|234/304","|","|turn|25","|","|move|p1a: Sableye|Will-O-Wisp|p2a: Staraptor","|-status|p2a: Staraptor|brn","|move|p2a: Staraptor|U-turn|p1a: Sableye","|-damage|p1a: Sableye|197/304","|","|-damage|p2a: Staraptor|43/311 brn|[from] brn","|turn|26","|","|move|p1a: Sableye|Recover|p1a: Sableye","|-heal|p1a: Sableye|304/304","|move|p2a: Staraptor|U-turn|p1a: Sableye","|-damage|p1a: Sableye|268/304","|","|-damage|p2a: Staraptor|5/311 brn|[from] brn","|turn|27","|","|move|p2a: Staraptor|U-turn|p1a: Sableye","|-damage|p1a: Sableye|233/304","|move|p1a: Sableye|Snarl|p2a: Staraptor","|-damage|p2a: Staraptor|0 fnt","|faint|p2a: Staraptor","|","|win|Alliance - Contort"],"p1rating":{"entryid":"124734","serverid":"eos","formatid":"monotype","userid":"alliancecontort","username":"Alliance - Contort","w":14,"l":"8","t":"0","gxe":59.9,"r":"1568.4558690058","rd":"73.984440912153","sigma":"0","rptime":"1440579600","rpr":1576.6552348063,"rprd":69.819384353614,"rpsigma":"0","acre":1126.1808291285,"lacre":1126.1808291285,"oldacre":"1098.5796586364"},"p2rating":{"entryid":"261411","serverid":"eos","formatid":"monotype","userid":"metalyte","username":"Metalyte","w":"5","l":3,"t":"0","gxe":56.5,"r":"1576.4311788114","rd":"97.176931566263","sigma":"0","rptime":"1440579600","rpr":1551.245827939,"rprd":93.764750648389,"rpsigma":"0","acre":1104.2189226233,"lacre":1104.2189226233,"oldacre":"1131.5868622155"},"endType":"normal"}