{"seed":[17803,3696,39892,56154],"turns":24,"p1":"GTX♅Jhulez","p2":"union lazuli","p1team":[{"name":"Landorus-Therian","species":"Landorus-Therian","item":"choicescarf","ability":"Intimidate","moves":["uturn","earthquake","stoneedge","superpower"],"nature":"Jolly","evs":{"hp":8,"atk":252,"def":4,"spa":0,"spd":0,"spe":244},"ivs":{"hp":31,"atk":31,"def":31,"spa":31,"spd":31,"spe":31}},{"name":"Tornadus-Therian","species":"Tornadus-Therian","item":"choicespecs","ability":"Regenerator","moves":["airslash","hiddenpowerice","focusblast","uturn"],"nature":"Timid","evs":{"hp":16,"atk":0,"def":16,"spa":236,"spd":0,"spe":240},"ivs":{"hp":31,"atk":30,"def":30,"spa":31,"spd":31,"spe":31}},{"name":"Thundurus-Therian","species":"Thundurus-Therian","item":"leftovers","ability":"Volt Absorb","moves":["thunderbolt","hiddenpowerice","focusblast","substitute"],"nature":"Timid","evs":{"hp":4,"atk":0,"def":8,"spa":244,"spd":0,"spe":252},"ivs":{"hp":31,"atk":30,"def":30,"spa":31,"spd":31,"spe":31}},{"name":"Gyarados","species":"Gyarados","item":"gyaradosite","ability":"Moxie","moves":["waterfall","earthquake","crunch","dragondance"],"nature":"Jolly","evs":{"hp":0,"atk":236,"def":44,"spa":0,"spd":0,"spe":228},"gender":"M","ivs":{"hp":31,"atk":31,"def":31,"spa":31,"spd":31,"spe":31}},{"name":"Skarmory","species":"Skarmory","item":"leftovers","ability":"Sturdy","moves":["bravebird","stealthrock","roost","whirlwind"],"nature":"Careful","evs":{"hp":116,"atk":8,"def":196,"spa":0,"spd":188,"spe":0},"gender":"M","ivs":{"hp":31,"atk":31,"def":31,"spa":31,"spd":31,"spe":31}},{"name":"Xatu","species":"Xatu","item":"lightclay","ability":"Magic Bounce","moves":["lightscreen","reflect","confuseray","roost"],"nature":"Timid","evs":{"hp":212,"atk":0,"def":36,"spa":0,"spd":36,"spe":224},"gender":"M","ivs":{"hp":31,"atk":31,"def":31,"spa":31,"spd":31,"spe":31}}],"p2team":[{"name":"Ludicolo","species":"Ludicolo","item":"leftovers","ability":"Swift Swim","moves":["raindance","bulletseed","surf","icebeam"],"nature":"Mild","evs":{"hp":0,"atk":4,"def":0,"spa":252,"spd":0,"spe":252},"ivs":{"hp":31,"atk":31,"def":31,"spa":31,"spd":31,"spe":31}},{"name":"Swampert","species":"Swampert","item":"swampertite","ability":"Torrent","moves":["earthquake","waterfall","rockslide","icepunch"],"nature":"Adamant","evs":{"hp":248,"atk":252,"def":0,"spa":0,"spd":8,"spe":0},"ivs":{"hp":31,"atk":31,"def":31,"spa":31,"spd":31,"spe":31}},{"name":"Slowbro","species":"Slowbro","item":"quickclaw","ability":"Regenerator","moves":["scald","calmmind","slackoff","flamethrower"],"nature":"Bold","evs":{"hp":6,"atk":0,"def":252,"spa":4,"spd":248,"spe":0},"ivs":{"hp":31,"atk":31,"def":31,"spa":31,"spd":31,"spe":31}},{"name":"Empoleon","species":"Empoleon","item":"mysticwater","ability":"Torrent","moves":["aquajet","scald","drillpeck","icebeam"],"nature":"Mild","evs":{"hp":248,"atk":0,"def":8,"spa":0,"spd":252,"spe":0},"shiny":true,"ivs":{"hp":31,"atk":31,"def":31,"spa":31,"spd":31,"spe":31}},{"name":"Politoed","species":"Politoed","item":"leftovers","ability":"Drizzle","moves":["surf","waterfall","icebeam","focusblast"],"nature":"Mild","evs":{"hp":248,"atk":8,"def":0,"spa":252,"spd":0,"spe":0},"ivs":{"hp":31,"atk":31,"def":31,"spa":31,"spd":31,"spe":31}},{"name":"Azumarill","species":"Azumarill","item":"sitrusberry","ability":"Sap Sipper","moves":["bellydrum","playrough","waterfall","aquajet"],"nature":"Adamant","evs":{"hp":248,"atk":0,"def":0,"spa":0,"spd":4,"spe":0},"ivs":{"hp":31,"atk":31,"def":31,"spa":31,"spd":31,"spe":31}}],"log":["|player|p1|GTX♅Jhulez|29","|player|p2|union lazuli|52","|gametype|singles","|gen|6","|tier|Monotype","|rated","|rule|Baton Pass Clause: Limit one Baton Passer, can't pass Spe and other stats simultaneously","|rule|Swagger Clause: Swagger is banned","|rule|Same Type Clause: Pokémon in a team must share a type","|clearpoke","|poke|p1|Landorus-Therian, M","|poke|p1|Tornadus-Therian, M","|poke|p1|Thundurus-Therian, M","|poke|p1|Gyarados, M","|poke|p1|Skarmory, M","|poke|p1|Xatu, M","|poke|p2|Ludicolo, M","|poke|p2|Swampert, F","|poke|p2|Slowbro, M","|poke|p2|Empoleon, F, shiny","|poke|p2|Politoed, M","|poke|p2|Azumarill, M","|rule|Sleep Clause Mod: Limit one foe put to sleep","|rule|Species Clause: Limit one of each Pokémon","|rule|OHKO Clause: OHKO moves are banned","|rule|Moody Clause: Moody is banned","|rule|Evasion Moves Clause: Evasion moves are banned","|rule|Endless Battle Clause: Forcing endless battles is banned","|rule|HP Percentage Mod: HP is shown in percentages","|teampreview","|","|start","|switch|p1a: Thundurus-Therian|Thundurus-Therian, M|300/300","|switch|p2a: Politoed|Politoed, M|383/383","|-weather|RainDance","|turn|1","|","|switch|p1a: Tornadus-Therian|Tornadus-Therian, M|303/303","|move|p2a: Politoed|Ice Beam|p1a: Tornadus-Therian","|-supereffective|p1a: Tornadus-Therian","|-damage|p1a: Tornadus-Therian|101/303","|","|-weather|RainDance|[upkeep]","|turn|2","|","|move|p1a: Tornadus-Therian|U-turn|p2a: Politoed","|-damage|p2a: Politoed|310/383","|","|switch|p1a: Skarmory|Skarmory, M|300/300","|move|p2a: Politoed|Ice Beam|p1a: Skarmory","|-damage|p1a: Skarmory|208/300","|-status|p1a: Skarmory|frz","|","|-weather|RainDance|[upkeep]","|-heal|p2a: Politoed|333/383|[from] item: Leftovers","|-heal|p1a: Skarmory|226/300 frz|[from] item: Leftovers","|turn|3","|","|cant|p1a: Skarmory|frz","|move|p2a: Politoed|Focus Blast|p1a: Skarmory|[miss]","|-miss|p2a: Politoed|p1a: Skarmory","|","|-weather|RainDance|[upkeep]","|-heal|p2a: Politoed|356/383|[from] item: Leftovers","|-heal|p1a: Skarmory|244/300 frz|[from] item: Leftovers","|turn|4","|","|cant|p1a: Skarmory|frz","|move|p2a: Politoed|Focus Blast|p1a: Skarmory|[miss]","|-miss|p2a: Politoed|p1a: Skarmory","|","|-weather|RainDance|[upkeep]","|-heal|p2a: Politoed|379/383|[from] item: Leftovers","|-heal|p1a: Skarmory|262/300 frz|[from] item: Leftovers","|turn|5","|","|move|p2a: Politoed|Focus Blast|p1a: Skarmory","|-damage|p1a: Skarmory|137/300 frz","|cant|p1a: Skarmory|frz","|","|-weather|none","|-heal|p1a: Skarmory|155/300 frz|[from] item: Leftovers","|-heal|p2a: Politoed|383/383|[from] item: Leftovers","|turn|6","|","|move|p2a: Politoed|Focus Blast|p1a: Skarmory|[miss]","|-miss|p2a: Politoed|p1a: Skarmory","|cant|p1a: Skarmory|frz","|","|-heal|p1a: Skarmory|173/300 frz|[from] item: Leftovers","|turn|7","|","|move|p2a: Politoed|Focus Blast|p1a: Skarmory","|-damage|p1a: Skarmory|57/300 frz","|-curestatus|p1a: Skarmory|frz","|move|p1a: Skarmory|Roost|p1a: Skarmory","|-heal|p1a: Skarmory|207/300","|","|-heal|p1a: Skarmory|225/300|[from] item: Leftovers","|turn|8","|","|move|p1a: Skarmory|Stealth Rock|p2a: Politoed","|-sidestart|p2: union lazuli|move: Stealth Rock","|move|p2a: Politoed|Ice Beam|p1a: Skarmory","|-damage|p1a: Skarmory|129/300","|","|-heal|p1a: Skarmory|147/300|[from] item: Leftovers","|turn|9","|","|move|p1a: Skarmory|Roost|p1a: Skarmory","|-heal|p1a: Skarmory|297/300","|move|p2a: Politoed|Ice Beam|p1a: Skarmory","|-resisted|p1a: Skarmory","|-damage|p1a: Skarmory|256/300","|","|-heal|p1a: Skarmory|274/300|[from] item: Leftovers","|turn|10","|","|move|p2a: Politoed|Ice Beam|p1a: Skarmory","|-damage|p1a: Skarmory|193/300","|move|p1a: Skarmory|Whirlwind|p2a: Politoed","|drag|p2a: Azumarill|Azumarill, M|403/403","|-damage|p2a: Azumarill|353/403|[from] Stealth Rock","|","|-heal|p1a: Skarmory|211/300|[from] item: Leftovers","|turn|11","|","|switch|p2a: Swampert|Swampert, F|403/403","|-damage|p2a: Swampert|378/403|[from] Stealth Rock","|move|p1a: Skarmory|Brave Bird|p2a: Swampert","|-damage|p2a: Swampert|252/403","|-damage|p1a: Skarmory|169/300|[from] recoil|[of] p2a: Swampert","|","|-heal|p1a: Skarmory|187/300|[from] item: Leftovers","|turn|12","|","|detailschange|p2a: Swampert|Swampert-Mega, F","|-mega|p2a: Swampert|Swampert|Swampertite","|move|p2a: Swampert|Ice Punch|p1a: Skarmory","|-damage|p1a: Skarmory|116/300","|move|p1a: Skarmory|Whirlwind|p2a: Swampert","|drag|p2a: Ludicolo|Ludicolo, M|301/301","|-damage|p2a: Ludicolo|264/301|[from] Stealth Rock","|","|-heal|p2a: Ludicolo|282/301|[from] item: Leftovers","|-heal|p1a: Skarmory|134/300|[from] item: Leftovers","|turn|13","|","|move|p2a: Ludicolo|Rain Dance|p2a: Ludicolo","|-weather|RainDance","|move|p1a: Skarmory|Roost|p1a: Skarmory","|-heal|p1a: Skarmory|284/300","|","|-weather|RainDance|[upkeep]","|-heal|p2a: Ludicolo|300/301|[from] item: Leftovers","|-heal|p1a: Skarmory|300/300|[from] item: Leftovers","|turn|14","|","|move|p2a: Ludicolo|Surf|p1a: Skarmory","|-damage|p1a: Skarmory|95/300","|move|p1a: Skarmory|Whirlwind|p2a: Ludicolo","|drag|p2a: Swampert|Swampert-Mega, F|252/403","|-damage|p2a: Swampert|227/403|[from] Stealth Rock","|","|-weather|RainDance|[upkeep]","|-heal|p1a: Skarmory|113/300|[from] item: Leftovers","|turn|15","|","|move|p2a: Swampert|Waterfall|p1a: Skarmory","|-damage|p1a: Skarmory|0 fnt","|faint|p1a: Skarmory","|","|-weather|RainDance|[upkeep]","|","|switch|p1a: Landorus-Therian|Landorus-Therian, M|321/321","|-ability|p1a: Landorus-Therian|Intimidate","|-unboost|p2a: Swampert|atk|1","|turn|16","|","|switch|p1a: Gyarados|Gyarados, M|331/331","|move|p2a: Swampert|Ice Punch|p1a: Gyarados","|-damage|p1a: Gyarados|249/331","|-status|p1a: Gyarados|frz","|","|-weather|RainDance|[upkeep]","|turn|17","|","|detailschange|p1a: Gyarados|Gyarados-Mega, M","|-mega|p1a: Gyarados|Gyarados|Gyaradosite","|-ability|p1a: Gyarados|Mold Breaker","|move|p2a: Swampert|Rock Slide|p1a: Gyarados","|-damage|p1a: Gyarados|188/331 frz","|cant|p1a: Gyarados|frz","|","|-weather|none","|turn|18","|","|cant|p1a: Gyarados|frz","|move|p2a: Swampert|Earthquake|p1a: Gyarados","|-damage|p1a: Gyarados|70/331 frz","|","|turn|19","|","|cant|p1a: Gyarados|frz","|move|p2a: Swampert|Earthquake|p1a: Gyarados","|-damage|p1a: Gyarados|0 fnt","|faint|p1a: Gyarados","|","|","|switch|p1a: Xatu|Xatu, M|324/324","|turn|20","|","|move|p1a: Xatu|Reflect|p1a: Xatu","|-sidestart|p1: GTX♅Jhulez|Reflect","|move|p2a: Swampert|Rock Slide|p1a: Xatu","|-supereffective|p1a: Xatu","|-damage|p1a: Xatu|225/324","|","|turn|21","|","|move|p1a: Xatu|Confuse Ray|p2a: Swampert","|-start|p2a: Swampert|confusion","|-activate|p2a: Swampert|confusion","|move|p2a: Swampert|Rock Slide|p1a: Xatu","|-supereffective|p1a: Xatu","|-damage|p1a: Xatu|139/324","|","|turn|22","|","|move|p1a: Xatu|Light Screen|p1a: Xatu","|-sidestart|p1: GTX♅Jhulez|move: Light Screen","|-activate|p2a: Swampert|confusion","|move|p2a: Swampert|Rock Slide|p1a: Xatu","|-supereffective|p1a: Xatu","|-damage|p1a: Xatu|51/324","|","|turn|23","|","|move|p1a: Xatu|Roost|p1a: Xatu","|-heal|p1a: Xatu|213/324","|-activate|p2a: Swampert|confusion","|-damage|p2a: Swampert|189/403|[from] confusion","|","|turn|24","|","|win|GTX♅Jhulez"],"p1rating":{"entryid":"480255","serverid":"eos","formatid":"monotype","userid":"gtxjhulez","username":"GTX♅Jhulez","w":2,"l":"1","t":"0","gxe":55.6,"r":"1500","rd":"130","sigma":"0","rptime":"1440579600","rpr":1544.6062529388,"rprd":110.99273132277,"rpsigma":"0","acre":1075.4237249545,"lacre":1075.4237249545,"oldacre":"1043.2429027473"},"p2rating":{"entryid":"493038","serverid":"eos","formatid":"monotype","userid":"unionlazuli","username":"union lazuli","w":"1","l":2,"t":"0","gxe":45.8,"r":"1500","rd":"130","sigma":"0","rptime":"1440579600","rpr":1466.9108216389,"rprd":111.51861011339,"rpsigma":"0","acre":1015.5793555723,"lacre":1015.5793555723,"oldacre":"1029.4190538912"},"endType":"forfeit"}