{"seed":[42957,42224,15801,57366],"turns":26,"p1":"Axis WillWolf","p2":"ThunderDriver","p1team":[{"name":"Zygarde","species":"Zygarde","item":"lifeorb","ability":"Aura Break","moves":["earthquake","outrage","dragondance","extremespeed"],"nature":"Adamant","evs":{"hp":4,"atk":252,"def":0,"spa":0,"spd":0,"spe":252},"ivs":{"hp":31,"atk":31,"def":31,"spa":31,"spd":31,"spe":31}},{"name":"Flygon","species":"Flygon","item":"choicescarf","ability":"Levitate","moves":["uturn","earthquake","irontail","outrage"],"nature":"Jolly","evs":{"hp":0,"atk":252,"def":0,"spa":0,"spd":4,"spe":252},"ivs":{"hp":31,"atk":31,"def":31,"spa":31,"spd":31,"spe":31}},{"name":"Kyurem-Black","species":"Kyurem-Black","item":"leftovers","ability":"Teravolt","moves":["outrage","fusionbolt","ironhead","roost"],"nature":"Adamant","evs":{"hp":252,"atk":176,"def":68,"spa":0,"spd":12,"spe":0},"ivs":{"hp":31,"atk":31,"def":31,"spa":31,"spd":31,"spe":31}},{"name":"Goodra","species":"Goodra","item":"assaultvest","ability":"Sap Sipper","moves":["flamethrower","dracometeor","sludgewave","thunderbolt"],"nature":"Modest","evs":{"hp":248,"atk":0,"def":0,"spa":252,"spd":8,"spe":0},"ivs":{"hp":31,"atk":31,"def":31,"spa":31,"spd":31,"spe":31}},{"name":"Hydreigon","species":"Hydreigon","item":"lifeorb","ability":"Levitate","moves":["uturn","superpower","dracometeor","darkpulse"],"nature":"Hasty","evs":{"hp":0,"atk":4,"def":0,"spa":252,"spd":0,"spe":252},"ivs":{"hp":31,"atk":31,"def":31,"spa":31,"spd":31,"spe":31}},{"name":"Salamence","species":"Salamence","item":"leftovers","ability":"Intimidate","moves":["roost","dragonclaw","earthquake","irondefense"],"nature":"Careful","evs":{"hp":252,"atk":4,"def":0,"spa":0,"spd":252,"spe":0},"ivs":{"hp":31,"atk":31,"def":31,"spa":31,"spd":31,"spe":31}}],"p2team":[{"name":"Hawlucha","species":"Hawlucha","item":"sitrusberry","ability":"Unburden","moves":["acrobatics","substitute","poweruppunch","poisonjab"],"nature":"Adamant","evs":{"hp":4,"atk":252,"def":0,"spa":0,"spd":0,"spe":252},"ivs":{"hp":31,"atk":31,"def":31,"spa":31,"spd":31,"spe":31}},{"name":"Breloom","species":"Breloom","item":"focussash","ability":"Technician","moves":["rocktomb","machpunch","bulletseed","spore"],"nature":"Jolly","evs":{"hp":0,"atk":252,"def":0,"spa":0,"spd":4,"spe":252},"ivs":{"hp":31,"atk":31,"def":31,"spa":31,"spd":31,"spe":31}},{"name":"Keldeo","species":"Keldeo","item":"leftovers","ability":"Justified","moves":["calmmind","icywind","secretsword","scald"],"nature":"Modest","evs":{"hp":252,"atk":0,"def":0,"spa":252,"spd":4,"spe":0},"ivs":{"hp":31,"atk":31,"def":31,"spa":31,"spd":31,"spe":31}},{"name":"Infernape","species":"Infernape","item":"focussash","ability":"Iron Fist","moves":["fakeout","machpunch","firepunch","thunderpunch"],"nature":"Jolly","evs":{"hp":0,"atk":252,"def":0,"spa":0,"spd":4,"spe":252},"ivs":{"hp":31,"atk":31,"def":31,"spa":31,"spd":31,"spe":31}},{"name":"Medicham","species":"Medicham","item":"medichamite","ability":"Pure Power","moves":["bulletpunch","fakeout","psychocut","icepunch"],"nature":"Jolly","evs":{"hp":0,"atk":252,"def":0,"spa":0,"spd":4,"spe":252},"ivs":{"hp":31,"atk":31,"def":31,"spa":31,"spd":31,"spe":31}},{"name":"Throh","species":"Throh","item":"leftovers","ability":"Mold Breaker","moves":["bulkup","earthquake","stormthrow","icepunch"],"nature":"Adamant","evs":{"hp":252,"atk":144,"def":0,"spa":0,"spd":112,"spe":0},"ivs":{"hp":31,"atk":31,"def":31,"spa":31,"spd":31,"spe":31}}],"log":["|player|p1|Axis WillWolf|54","|player|p2|ThunderDriver|thunderdriver.gif","|gametype|singles","|gen|6","|tier|Monotype","|rated","|rule|Baton Pass Clause: Limit one Baton Passer, can't pass Spe and other stats simultaneously","|rule|Swagger Clause: Swagger is banned","|rule|Same Type Clause: Pokémon in a team must share a type","|clearpoke","|poke|p1|Zygarde","|poke|p1|Flygon, M","|poke|p1|Kyurem-Black","|poke|p1|Goodra, M","|poke|p1|Hydreigon, F","|poke|p1|Salamence, M","|poke|p2|Hawlucha, F","|poke|p2|Breloom, F","|poke|p2|Keldeo","|poke|p2|Infernape, F","|poke|p2|Medicham, M","|poke|p2|Throh, M","|rule|Sleep Clause Mod: Limit one foe put to sleep","|rule|Species Clause: Limit one of each Pokémon","|rule|OHKO Clause: OHKO moves are banned","|rule|Moody Clause: Moody is banned","|rule|Evasion Moves Clause: Evasion moves are banned","|rule|Endless Battle Clause: Forcing endless battles is banned","|rule|HP Percentage Mod: HP is shown in percentages","|teampreview","|","|start","|switch|p1a: Salamence|Salamence, M|394/394","|switch|p2a: Keldeo|Keldeo|386/386","|-ability|p1a: Salamence|Intimidate","|-unboost|p2a: Keldeo|atk|1","|turn|1","|","|switch|p1a: Goodra|Goodra, M|383/383","|move|p2a: Keldeo|Icy Wind|p1a: Goodra","|-supereffective|p1a: Goodra","|-damage|p1a: Goodra|317/383","|-unboost|p1a: Goodra|spe|1","|","|turn|2","|","|move|p2a: Keldeo|Calm Mind|p2a: Keldeo","|-boost|p2a: Keldeo|spa|1","|-boost|p2a: Keldeo|spd|1","|move|p1a: Goodra|Thunderbolt|p2a: Keldeo","|-supereffective|p2a: Keldeo","|-damage|p2a: Keldeo|224/386","|","|-heal|p2a: Keldeo|248/386|[from] item: Leftovers","|turn|3","|","|move|p2a: Keldeo|Calm Mind|p2a: Keldeo","|-boost|p2a: Keldeo|spa|1","|-boost|p2a: Keldeo|spd|1","|move|p1a: Goodra|Thunderbolt|p2a: Keldeo","|-supereffective|p2a: Keldeo","|-damage|p2a: Keldeo|130/386","|","|-heal|p2a: Keldeo|154/386|[from] item: Leftovers","|turn|4","|","|switch|p1a: Zygarde|Zygarde|358/358","|-ability|p1a: Zygarde|Aura Break","|move|p2a: Keldeo|Icy Wind|p1a: Zygarde","|-supereffective|p1a: Zygarde","|-damage|p1a: Zygarde|0 fnt","|faint|p1a: Zygarde","|","|-heal|p2a: Keldeo|178/386|[from] item: Leftovers","|","|switch|p1a: Flygon|Flygon, M|301/301","|turn|5","|","|move|p1a: Flygon|Outrage|p2a: Keldeo","|-damage|p2a: Keldeo|0 fnt","|faint|p2a: Keldeo","|","|","|switch|p2a: Medicham|Medicham, M|261/261","|turn|6","|","|detailschange|p2a: Medicham|Medicham-Mega, M","|-mega|p2a: Medicham|Medicham|Medichamite","|move|p2a: Medicham|Fake Out|p1a: Flygon","|-damage|p1a: Flygon|201/301","|cant|p1a: Flygon|flinch","|","|-start|p1a: Flygon|confusion|[fatigue]","|turn|7","|","|switch|p1a: Kyurem-Black|Kyurem-Black|454/454","|-ability|p1a: Kyurem-Black|Teravolt","|move|p2a: Medicham|Ice Punch|p1a: Kyurem-Black","|-damage|p1a: Kyurem-Black|307/454","|","|-heal|p1a: Kyurem-Black|335/454|[from] item: Leftovers","|turn|8","|","|switch|p1a: Salamence|Salamence, M|394/394","|-ability|p1a: Salamence|Intimidate","|-unboost|p2a: Medicham|atk|1","|move|p2a: Medicham|Psycho Cut|p1a: Salamence","|-damage|p1a: Salamence|226/394","|","|-heal|p1a: Salamence|250/394|[from] item: Leftovers","|turn|9","|","|switch|p1a: Hydreigon|Hydreigon, F|325/325","|move|p2a: Medicham|Ice Punch|p1a: Hydreigon","|-supereffective|p1a: Hydreigon","|-damage|p1a: Hydreigon|87/325","|","|turn|10","|","|move|p2a: Medicham|Bullet Punch|p1a: Hydreigon","|-damage|p1a: Hydreigon|26/325","|move|p1a: Hydreigon|Draco Meteor|p2a: Medicham","|-damage|p2a: Medicham|0 fnt","|-unboost|p1a: Hydreigon|spa|2","|-damage|p1a: Hydreigon|0 fnt|[from] item: Life Orb","|faint|p2a: Medicham","|faint|p1a: Hydreigon","|","|","|switch|p2a: Infernape|Infernape, F|293/293","|switch|p1a: Flygon|Flygon, M|201/301","|turn|11","|","|move|p2a: Infernape|Fake Out|p1a: Flygon","|-damage|p1a: Flygon|147/301","|cant|p1a: Flygon|flinch","|","|turn|12","|","|move|p2a: Infernape|Mach Punch|p1a: Flygon","|-damage|p1a: Flygon|63/301","|move|p1a: Flygon|Earthquake|p2a: Infernape","|-supereffective|p2a: Infernape","|-enditem|p2a: Infernape|Focus Sash","|-damage|p2a: Infernape|1/293","|","|turn|13","|","|switch|p1a: Salamence|Salamence, M|250/394","|-ability|p1a: Salamence|Intimidate","|-unboost|p2a: Infernape|atk|1","|move|p2a: Infernape|Mach Punch|p1a: Salamence","|-resisted|p1a: Salamence","|-damage|p1a: Salamence|221/394","|","|-heal|p1a: Salamence|245/394|[from] item: Leftovers","|turn|14","|","|move|p2a: Infernape|Thunder Punch|p1a: Salamence","|-damage|p1a: Salamence|173/394","|move|p1a: Salamence|Roost|p1a: Salamence","|-heal|p1a: Salamence|370/394","|","|-heal|p1a: Salamence|394/394|[from] item: Leftovers","|turn|15","|","|move|p2a: Infernape|Thunder Punch|p1a: Salamence","|-crit|p1a: Salamence","|-damage|p1a: Salamence|216/394","|-status|p1a: Salamence|par","|move|p1a: Salamence|Iron Defense|p1a: Salamence","|-boost|p1a: Salamence|def|2","|","|-heal|p1a: Salamence|240/394 par|[from] item: Leftovers","|turn|16","|","|move|p2a: Infernape|Thunder Punch|p1a: Salamence","|-damage|p1a: Salamence|205/394 par","|move|p1a: Salamence|Roost|p1a: Salamence","|-heal|p1a: Salamence|394/394 par","|","|turn|17","|","|move|p2a: Infernape|Thunder Punch|p1a: Salamence","|-damage|p1a: Salamence|359/394 par","|move|p1a: Salamence|Iron Defense|p1a: Salamence","|-boost|p1a: Salamence|def|2","|","|-heal|p1a: Salamence|383/394 par|[from] item: Leftovers","|turn|18","|","|move|p2a: Infernape|Thunder Punch|p1a: Salamence","|-crit|p1a: Salamence","|-damage|p1a: Salamence|227/394 par","|move|p1a: Salamence|Dragon Claw|p2a: Infernape","|-damage|p2a: Infernape|0 fnt","|faint|p2a: Infernape","|","|-heal|p1a: Salamence|251/394 par|[from] item: Leftovers","|","|switch|p2a: Throh|Throh, M|444/444","|-ability|p2a: Throh|Mold Breaker","|turn|19","|","|move|p2a: Throh|Bulk Up|p2a: Throh","|-boost|p2a: Throh|atk|1","|-boost|p2a: Throh|def|1","|move|p1a: Salamence|Roost|p1a: Salamence","|-heal|p1a: Salamence|394/394 par","|","|turn|20","|","|move|p2a: Throh|Bulk Up|p2a: Throh","|-boost|p2a: Throh|atk|1","|-boost|p2a: Throh|def|1","|move|p1a: Salamence|Dragon Claw|p2a: Throh","|-damage|p2a: Throh|375/444","|","|-heal|p2a: Throh|402/444|[from] item: Leftovers","|turn|21","|","|move|p2a: Throh|Bulk Up|p2a: Throh","|-boost|p2a: Throh|atk|1","|-boost|p2a: Throh|def|1","|cant|p1a: Salamence|par","|","|-heal|p2a: Throh|429/444|[from] item: Leftovers","|turn|22","|","|move|p2a: Throh|Ice Punch|p1a: Salamence","|-supereffective|p1a: Salamence","|-damage|p1a: Salamence|114/394 par","|move|p1a: Salamence|Dragon Claw|p2a: Throh","|-damage|p2a: Throh|371/444","|","|-heal|p2a: Throh|398/444|[from] item: Leftovers","|-heal|p1a: Salamence|138/394 par|[from] item: Leftovers","|turn|23","|","|switch|p1a: Kyurem-Black|Kyurem-Black|335/454","|-ability|p1a: Kyurem-Black|Teravolt","|move|p2a: Throh|Storm Throw|p1a: Kyurem-Black","|-crit|p1a: Kyurem-Black","|-supereffective|p1a: Kyurem-Black","|-damage|p1a: Kyurem-Black|0 fnt","|faint|p1a: Kyurem-Black","|","|-heal|p2a: Throh|425/444|[from] item: Leftovers","|","|switch|p1a: Goodra|Goodra, M|317/383","|turn|24","|","|move|p1a: Goodra|Draco Meteor|p2a: Throh","|-damage|p2a: Throh|196/444","|-unboost|p1a: Goodra|spa|2","|move|p2a: Throh|Ice Punch|p1a: Goodra","|-supereffective|p1a: Goodra","|-damage|p1a: Goodra|0 fnt","|faint|p1a: Goodra","|","|-heal|p2a: Throh|223/444|[from] item: Leftovers","|","|switch|p1a: Flygon|Flygon, M|63/301","|turn|25","|","|move|p1a: Flygon|Outrage|p2a: Throh","|-damage|p2a: Throh|142/444","|move|p2a: Throh|Ice Punch|p1a: Flygon","|-supereffective|p1a: Flygon","|-damage|p1a: Flygon|0 fnt","|faint|p1a: Flygon","|","|-heal|p2a: Throh|169/444|[from] item: Leftovers","|","|switch|p1a: Salamence|Salamence, M|138/394 par","|-ability|p1a: Salamence|Intimidate","|-unboost|p2a: Throh|atk|1","|turn|26","|","|move|p2a: Throh|Ice Punch|p1a: Salamence","|-supereffective|p1a: Salamence","|-damage|p1a: Salamence|0 fnt","|faint|p1a: Salamence","|","|win|ThunderDriver"],"p1rating":{"entryid":"468203","serverid":"eos","formatid":"monotype","userid":"axiswillwolf","username":"Axis WillWolf","w":"14","l":14,"t":"0","gxe":53.2,"r":"1535.9522996752","rd":"122.33358662183","sigma":"0","rptime":"1440579600","rpr":1524.4016129319,"rprd":61.717139087205,"rpsigma":"0","acre":1138.9503089935,"lacre":1138.9503089935,"oldacre":"1175.6100498522"},"p2rating":{"entryid":"118614","serverid":"eos","formatid":"monotype","userid":"thunderdriver","username":"ThunderDriver","w":1,"l":"4","t":"0","gxe":38,"r":"1384.7653276935","rd":"111.53035980122","sigma":"0","rptime":"1440579600","rpr":1403.5668007252,"rprd":103.27683097297,"rpsigma":"0","acre":1058.6555853739,"lacre":1058.6555853739,"oldacre":"1000"},"endType":"normal"}