{"seed":[26761,53258,46831,54160],"turns":33,"p1":"Knight Miku","p2":"Marx-Bot","p1team":[{"name":"Victini","species":"Victini","item":"choicescarf","ability":"Victory Star","moves":["vcreate","boltstrike","uturn","zenheadbutt"],"nature":"Jolly","evs":{"hp":0,"atk":252,"def":0,"spa":0,"spd":4,"spe":252},"ivs":{"hp":31,"atk":31,"def":31,"spa":31,"spd":31,"spe":31}},{"name":"Y U UNBAN!!!!!","species":"gallade","item":"galladite","ability":"Justified","moves":["closecombat","bulkup","shadowsneak","knockoff"],"nature":"Jolly","evs":{"hp":0,"atk":252,"def":0,"spa":0,"spd":4,"spe":252},"ivs":{"hp":31,"atk":31,"def":31,"spa":31,"spd":31,"spe":31}},{"name":"Hoopa-Unbound","species":"Hoopa-Unbound","item":"choicescarf","ability":"Magician","moves":["drainpunch","gunkshot","hyperspacefury","firepunch"],"nature":"Jolly","evs":{"hp":0,"atk":252,"def":0,"spa":0,"spd":4,"spe":252},"ivs":{"hp":31,"atk":31,"def":31,"spa":31,"spd":31,"spe":31}},{"name":"Mew","species":"Mew","item":"leftovers","ability":"Synchronize","moves":["roost","defog","rockslide","willowisp"],"nature":"Careful","evs":{"hp":248,"atk":8,"def":0,"spa":0,"spd":252,"spe":0},"ivs":{"hp":31,"atk":31,"def":31,"spa":31,"spd":31,"spe":31}},{"name":"Slowbro","species":"Slowbro","item":"leftovers","ability":"Regenerator","moves":["scald","grassknot","slackoff","thunderwave"],"nature":"Bold","evs":{"hp":252,"atk":0,"def":252,"spa":4,"spd":0,"spe":0},"ivs":{"hp":31,"atk":31,"def":31,"spa":31,"spd":31,"spe":31}},{"name":"Meloetta","species":"Meloetta","item":"leftovers","ability":"Serene Grace","moves":["dazzlinggleam","calmmind","psyshock","substitute"],"nature":"Calm","evs":{"hp":248,"atk":0,"def":200,"spa":0,"spd":60,"spe":0},"ivs":{"hp":31,"atk":0,"def":31,"spa":31,"spd":31,"spe":31}}],"p2team":[{"name":"Abomasnow","species":"Abomasnow","item":"focussash","ability":"Snow Warning","moves":["blizzard","gigadrain","iceshard","shadowball"],"nature":"Mild","evs":{"hp":248,"atk":8,"def":0,"spa":252,"spd":0,"spe":0},"ivs":{"hp":31,"atk":31,"def":31,"spa":31,"spd":31,"spe":31}},{"name":"Froslass","species":"Froslass","item":"focussash","ability":"Cursed Body","moves":["destinybond","icebeam","taunt","shadowball"],"nature":"Timid","evs":{"hp":0,"atk":0,"def":0,"spa":252,"spd":4,"spe":252},"ivs":{"hp":31,"atk":31,"def":31,"spa":31,"spd":31,"spe":31}},{"name":"Ice Age","species":"mamoswine","item":"choicescarf","ability":"Thick Fat","moves":["superpower","earthquake","iciclecrash","stoneedge"],"nature":"Jolly","evs":{"hp":0,"atk":252,"def":0,"spa":0,"spd":4,"spe":252},"gender":"M","shiny":true,"ivs":{"hp":31,"atk":31,"def":31,"spa":31,"spd":31,"spe":31}},{"name":"The Titanic","species":"avalugg","item":"rockyhelmet","ability":"Sturdy","moves":["rapidspin","toxic","recover","avalanche"],"nature":"Bold","evs":{"hp":248,"atk":0,"def":252,"spa":0,"spd":8,"spe":0},"gender":"M","shiny":true,"ivs":{"hp":31,"atk":31,"def":31,"spa":31,"spd":31,"spe":31}},{"name":"Kyurem","species":"Kyurem","item":"choicespecs","ability":"Pressure","moves":["dragonpulse","icebeam","shadowball","earthpower"],"nature":"Modest","evs":{"hp":248,"atk":0,"def":0,"spa":252,"spd":8,"spe":0},"ivs":{"hp":31,"atk":31,"def":31,"spa":31,"spd":31,"spe":31}},{"name":"King Kold","species":"rotomfrost","item":"leftovers","ability":"Levitate","moves":["discharge","willowisp","painsplit","charge"],"nature":"Calm","evs":{"hp":248,"atk":0,"def":0,"spa":252,"spd":8,"spe":0},"shiny":true,"ivs":{"hp":31,"atk":31,"def":31,"spa":31,"spd":31,"spe":31}}],"log":["|player|p1|Knight Miku|23","|player|p2|Marx-Bot|165","|gametype|singles","|gen|6","|tier|Monotype","|rated","|rule|Baton Pass Clause: Limit one Baton Passer, can't pass Spe and other stats simultaneously","|rule|Swagger Clause: Swagger is banned","|rule|Same Type Clause: Pokémon in a team must share a type","|clearpoke","|poke|p1|Victini","|poke|p1|Gallade, M","|poke|p1|Hoopa-Unbound","|poke|p1|Mew","|poke|p1|Slowbro, M","|poke|p1|Meloetta","|poke|p2|Abomasnow, M","|poke|p2|Froslass, F","|poke|p2|Mamoswine, M, shiny","|poke|p2|Avalugg, M, shiny","|poke|p2|Kyurem","|poke|p2|Rotom-Frost, shiny","|rule|Sleep Clause Mod: Limit one foe put to sleep","|rule|Species Clause: Limit one of each Pokémon","|rule|OHKO Clause: OHKO moves are banned","|rule|Moody Clause: Moody is banned","|rule|Evasion Moves Clause: Evasion moves are banned","|rule|Endless Battle Clause: Forcing endless battles is banned","|rule|HP Percentage Mod: HP is shown in percentages","|teampreview","|","|start","|switch|p1a: Mew|Mew|403/403","|switch|p2a: Kyurem|Kyurem|453/453","|-ability|p2a: Kyurem|Pressure","|turn|1","|","|move|p1a: Mew|Rock Slide|p2a: Kyurem","|-supereffective|p2a: Kyurem","|-damage|p2a: Kyurem|317/453","|cant|p2a: Kyurem|flinch","|","|turn|2","|","|move|p1a: Mew|Rock Slide|p2a: Kyurem","|-supereffective|p2a: Kyurem","|-damage|p2a: Kyurem|185/453","|move|p2a: Kyurem|Shadow Ball|p1a: Mew","|-supereffective|p1a: Mew","|-damage|p1a: Mew|185/403","|","|-heal|p1a: Mew|210/403|[from] item: Leftovers","|turn|3","|","|switch|p1a: Meloetta|Meloetta|403/403","|move|p2a: Kyurem|Shadow Ball|p1a: Meloetta","|-immune|p1a: Meloetta|[msg]","|","|turn|4","|","|switch|p2a: Froslass|Froslass, F|281/281","|move|p1a: Meloetta|Substitute|p1a: Meloetta","|-start|p1a: Meloetta|Substitute","|-damage|p1a: Meloetta|303/403","|","|-heal|p1a: Meloetta|328/403|[from] item: Leftovers","|turn|5","|","|move|p2a: Froslass|Ice Beam|p1a: Meloetta","|-activate|p1a: Meloetta|Substitute|[damage]","|move|p1a: Meloetta|Calm Mind|p1a: Meloetta","|-boost|p1a: Meloetta|spa|1","|-boost|p1a: Meloetta|spd|1","|","|-heal|p1a: Meloetta|353/403|[from] item: Leftovers","|turn|6","|","|move|p2a: Froslass|Ice Beam|p1a: Meloetta","|-end|p1a: Meloetta|Substitute","|move|p1a: Meloetta|Psyshock|p2a: Froslass","|-damage|p2a: Froslass|67/281","|","|-heal|p1a: Meloetta|378/403|[from] item: Leftovers","|turn|7","|","|move|p2a: Froslass|Taunt|p1a: Meloetta","|-start|p1a: Meloetta|move: Taunt","|cant|p1a: Meloetta|move: Taunt|Substitute","|","|-heal|p1a: Meloetta|403/403|[from] item: Leftovers","|turn|8","|","|switch|p1a: Mew|Mew|210/403","|move|p2a: Froslass|Destiny Bond|p2a: Froslass","|-singlemove|p2a: Froslass|Destiny Bond","|","|-heal|p1a: Mew|235/403|[from] item: Leftovers","|turn|9","|","|move|p2a: Froslass|Shadow Ball|p1a: Mew","|-supereffective|p1a: Mew","|-damage|p1a: Mew|73/403","|move|p1a: Mew|Roost|p1a: Mew","|-heal|p1a: Mew|275/403","|","|-heal|p1a: Mew|300/403|[from] item: Leftovers","|turn|10","|","|move|p2a: Froslass|Destiny Bond|p2a: Froslass","|-singlemove|p2a: Froslass|Destiny Bond","|move|p1a: Mew|Rock Slide|p2a: Froslass","|-supereffective|p2a: Froslass","|-damage|p2a: Froslass|0 fnt","|faint|p2a: Froslass","|-activate|p2a: Froslass|Destiny Bond","|faint|p1a: Mew","|","|","|switch|p1a: Meloetta|Meloetta|403/403","|switch|p2a: King Kold|Rotom-Frost, shiny|303/303","|turn|11","|","|move|p1a: Meloetta|Substitute|p1a: Meloetta","|-start|p1a: Meloetta|Substitute","|-damage|p1a: Meloetta|303/403","|move|p2a: King Kold|Will-O-Wisp|p1a: Meloetta","|-fail|p1a: Meloetta","|","|-heal|p1a: Meloetta|328/403|[from] item: Leftovers","|turn|12","|","|move|p1a: Meloetta|Calm Mind|p1a: Meloetta","|-boost|p1a: Meloetta|spa|1","|-boost|p1a: Meloetta|spd|1","|move|p2a: King Kold|Charge|p2a: King Kold","|-boost|p2a: King Kold|spd|1","|-activate|p2a: King Kold|move: Charge","|","|-heal|p1a: Meloetta|353/403|[from] item: Leftovers","|turn|13","|","|move|p1a: Meloetta|Calm Mind|p1a: Meloetta","|-boost|p1a: Meloetta|spa|1","|-boost|p1a: Meloetta|spd|1","|move|p2a: King Kold|Discharge|p1a: Meloetta","|-activate|p1a: Meloetta|Substitute|[damage]","|","|-heal|p1a: Meloetta|378/403|[from] item: Leftovers","|turn|14","|","|move|p1a: Meloetta|Calm Mind|p1a: Meloetta","|-boost|p1a: Meloetta|spa|1","|-boost|p1a: Meloetta|spd|1","|move|p2a: King Kold|Discharge|p1a: Meloetta","|-end|p1a: Meloetta|Substitute","|","|-heal|p1a: Meloetta|403/403|[from] item: Leftovers","|turn|15","|","|move|p1a: Meloetta|Substitute|p1a: Meloetta","|-start|p1a: Meloetta|Substitute","|-damage|p1a: Meloetta|303/403","|move|p2a: King Kold|Discharge|p1a: Meloetta","|-activate|p1a: Meloetta|Substitute|[damage]","|","|-heal|p1a: Meloetta|328/403|[from] item: Leftovers","|turn|16","|","|move|p1a: Meloetta|Calm Mind|p1a: Meloetta","|-boost|p1a: Meloetta|spa|1","|-boost|p1a: Meloetta|spd|1","|move|p2a: King Kold|Discharge|p1a: Meloetta","|-activate|p1a: Meloetta|Substitute|[damage]","|","|-heal|p1a: Meloetta|353/403|[from] item: Leftovers","|turn|17","|","|move|p1a: Meloetta|Calm Mind|p1a: Meloetta","|-boost|p1a: Meloetta|spa|1","|-boost|p1a: Meloetta|spd|1","|move|p2a: King Kold|Charge|p2a: King Kold","|-boost|p2a: King Kold|spd|1","|-activate|p2a: King Kold|move: Charge","|","|-heal|p1a: Meloetta|378/403|[from] item: Leftovers","|turn|18","|","|move|p1a: Meloetta|Substitute|p1a: Meloetta","|-fail|p1a: Meloetta|move: Substitute","|move|p2a: King Kold|Discharge|p1a: Meloetta","|-end|p1a: Meloetta|Substitute","|","|-heal|p1a: Meloetta|403/403|[from] item: Leftovers","|turn|19","|","|move|p1a: Meloetta|Substitute|p1a: Meloetta","|-start|p1a: Meloetta|Substitute","|-damage|p1a: Meloetta|303/403","|move|p2a: King Kold|Charge|p2a: King Kold","|-boost|p2a: King Kold|spd|1","|-activate|p2a: King Kold|move: Charge","|","|-heal|p1a: Meloetta|328/403|[from] item: Leftovers","|turn|20","|","|move|p1a: Meloetta|Calm Mind|p1a: Meloetta","|-boost|p1a: Meloetta|spa|1","|-boost|p1a: Meloetta|spd|1","|move|p2a: King Kold|Discharge|p1a: Meloetta","|-activate|p1a: Meloetta|Substitute|[damage]","|","|-heal|p1a: Meloetta|353/403|[from] item: Leftovers","|turn|21","|","|move|p1a: Meloetta|Calm Mind|p1a: Meloetta","|-fail|p1a: Meloetta","|move|p2a: King Kold|Discharge|p1a: Meloetta","|-activate|p1a: Meloetta|Substitute|[damage]","|","|-heal|p1a: Meloetta|378/403|[from] item: Leftovers","|turn|22","|","|move|p1a: Meloetta|Calm Mind|p1a: Meloetta","|-fail|p1a: Meloetta","|move|p2a: King Kold|Charge|p2a: King Kold","|-boost|p2a: King Kold|spd|1","|-activate|p2a: King Kold|move: Charge","|","|-heal|p1a: Meloetta|403/403|[from] item: Leftovers","|turn|23","|","|move|p1a: Meloetta|Calm Mind|p1a: Meloetta","|-fail|p1a: Meloetta","|move|p2a: King Kold|Discharge|p1a: Meloetta","|-end|p1a: Meloetta|Substitute","|","|turn|24","|","|move|p1a: Meloetta|Substitute|p1a: Meloetta","|-start|p1a: Meloetta|Substitute","|-damage|p1a: Meloetta|303/403","|move|p2a: King Kold|Charge|p2a: King Kold","|-boost|p2a: King Kold|spd|1","|-activate|p2a: King Kold|move: Charge","|","|-heal|p1a: Meloetta|328/403|[from] item: Leftovers","|turn|25","|","|move|p1a: Meloetta|Psyshock|p2a: King Kold","|-damage|p2a: King Kold|0 fnt","|faint|p2a: King Kold","|","|-heal|p1a: Meloetta|353/403|[from] item: Leftovers","|","|switch|p2a: The Titanic|Avalugg, M, shiny|393/393","|turn|26","|","|move|p1a: Meloetta|Dazzling Gleam|p2a: The Titanic","|-ability|p2a: The Titanic|Sturdy","|-damage|p2a: The Titanic|1/393","|move|p2a: The Titanic|Avalanche|p1a: Meloetta","|-end|p1a: Meloetta|Substitute","|","|-heal|p1a: Meloetta|378/403|[from] item: Leftovers","|turn|27","|","|move|p1a: Meloetta|Substitute|p1a: Meloetta","|-start|p1a: Meloetta|Substitute","|-damage|p1a: Meloetta|278/403","|move|p2a: The Titanic|Avalanche|p1a: Meloetta","|-activate|p1a: Meloetta|Substitute|[damage]","|","|-heal|p1a: Meloetta|303/403|[from] item: Leftovers","|turn|28","|","|move|p1a: Meloetta|Dazzling Gleam|p2a: The Titanic","|-damage|p2a: The Titanic|0 fnt","|faint|p2a: The Titanic","|","|-heal|p1a: Meloetta|328/403|[from] item: Leftovers","|","|switch|p2a: Abomasnow|Abomasnow, M|383/383","|-weather|Hail","|turn|29","|","|move|p1a: Meloetta|Psyshock|p2a: Abomasnow","|-enditem|p2a: Abomasnow|Focus Sash","|-damage|p2a: Abomasnow|1/383","|move|p2a: Abomasnow|Blizzard|p1a: Meloetta","|-end|p1a: Meloetta|Substitute","|","|-weather|Hail|[upkeep]","|-damage|p1a: Meloetta|303/403|[from] hail","|-heal|p1a: Meloetta|328/403|[from] item: Leftovers","|turn|30","|","|move|p2a: Abomasnow|Ice Shard|p1a: Meloetta","|-damage|p1a: Meloetta|286/403","|move|p1a: Meloetta|Substitute|p1a: Meloetta","|-start|p1a: Meloetta|Substitute","|-damage|p1a: Meloetta|186/403","|","|-weather|Hail|[upkeep]","|-damage|p1a: Meloetta|161/403|[from] hail","|-heal|p1a: Meloetta|186/403|[from] item: Leftovers","|turn|31","|","|move|p2a: Abomasnow|Ice Shard|p1a: Meloetta","|-crit|p1a: Meloetta","|-activate|p1a: Meloetta|Substitute|[damage]","|move|p1a: Meloetta|Psyshock|p2a: Abomasnow","|-damage|p2a: Abomasnow|0 fnt","|faint|p2a: Abomasnow","|","|-weather|Hail|[upkeep]","|-damage|p1a: Meloetta|161/403|[from] hail","|-heal|p1a: Meloetta|186/403|[from] item: Leftovers","|","|switch|p2a: Kyurem|Kyurem|185/453","|-ability|p2a: Kyurem|Pressure","|turn|32","|","|move|p2a: Kyurem|Ice Beam|p1a: Meloetta","|-end|p1a: Meloetta|Substitute","|move|p1a: Meloetta|Dazzling Gleam|p2a: Kyurem","|-supereffective|p2a: Kyurem","|-damage|p2a: Kyurem|0 fnt","|faint|p2a: Kyurem","|","|-weather|Hail|[upkeep]","|-damage|p1a: Meloetta|161/403|[from] hail","|-heal|p1a: Meloetta|186/403|[from] item: Leftovers","|","|switch|p2a: Ice Age|Mamoswine, M, shiny|361/361","|turn|33","|","|move|p2a: Ice Age|Earthquake|p1a: Meloetta","|-damage|p1a: Meloetta|15/403","|move|p1a: Meloetta|Psyshock|p2a: Ice Age","|-damage|p2a: Ice Age|0 fnt","|faint|p2a: Ice Age","|","|win|Knight Miku"],"p1rating":{"entryid":"161090","serverid":"eos","formatid":"monotype","userid":"knightmiku","username":"Knight Miku","w":12,"l":"8","t":"0","gxe":59.5,"r":"1563.5638912017","rd":"72.258993255495","sigma":"0","rptime":"1440579600","rpr":1574.1560988497,"rprd":70.944802433372,"rpsigma":"0","acre":1146.4115700746,"lacre":1146.4115700746,"oldacre":"1125.8203818874"},"p2rating":{"entryid":"79213","serverid":"eos","formatid":"monotype","userid":"marxbot","username":"Marx-Bot","w":"7","l":10,"t":"0","gxe":44.5,"r":"1476.3086752794","rd":"95.840461940003","sigma":"0","rptime":"1440579600","rpr":1457.3457065643,"rprd":74.18523535072,"rpsigma":"0","acre":1047.7705754599,"lacre":1047.7705754599,"oldacre":"1063.9019536541"},"endType":"normal"}