{"seed":[1816,38654,43576,12625],"turns":25,"p1":"DJ Gible","p2":"Guard Quilluminati","p1team":[{"name":"Conkeldurr","species":"Conkeldurr","item":"assaultvest","ability":"Iron Fist","moves":["icepunch","drainpunch","earthquake","machpunch"],"nature":"Adamant","evs":{"hp":248,"atk":252,"def":0,"spa":0,"spd":8,"spe":0},"ivs":{"hp":31,"atk":31,"def":31,"spa":31,"spd":31,"spe":31}},{"name":"Hawlucha","species":"Hawlucha","item":"powerherb","ability":"Unburden","moves":["acrobatics","roost","poisonjab","skyattack"],"nature":"Adamant","evs":{"hp":0,"atk":252,"def":0,"spa":0,"spd":4,"spe":252},"ivs":{"hp":31,"atk":31,"def":31,"spa":31,"spd":31,"spe":31}},{"name":"Keldeo","species":"Keldeo","item":"choicescarf","ability":"Justified","moves":["icywind","hydropump","secretsword","scald"],"nature":"Timid","evs":{"hp":0,"atk":0,"def":0,"spa":252,"spd":4,"spe":252},"ivs":{"hp":31,"atk":31,"def":31,"spa":31,"spd":31,"spe":31}},{"name":"Terrakion","species":"Terrakion","item":"choicescarf","ability":"Justified","moves":["closecombat","earthquake","rockslide","xscissor"],"nature":"Jolly","evs":{"hp":0,"atk":252,"def":0,"spa":0,"spd":4,"spe":252},"ivs":{"hp":31,"atk":31,"def":31,"spa":31,"spd":31,"spe":31}},{"name":"Lucario","species":"Lucario","item":"lifeorb","ability":"Justified","moves":["nastyplot","extremespeed","aurasphere","flashcannon"],"nature":"Hasty","evs":{"hp":0,"atk":4,"def":0,"spa":252,"spd":0,"spe":252},"ivs":{"hp":31,"atk":31,"def":31,"spa":31,"spd":31,"spe":31}},{"name":"Heracross","species":"Heracross","item":"heracronite","ability":"Moxie","moves":["megahorn","rockblast","closecombat","swordsdance"],"nature":"Adamant","evs":{"hp":248,"atk":252,"def":0,"spa":0,"spd":8,"spe":0},"ivs":{"hp":31,"atk":31,"def":31,"spa":31,"spd":31,"spe":31}}],"p2team":[{"name":"Aggron","species":"Aggron","item":"aggronite","ability":"Sturdy","moves":["heavyslam","curse","rest","sleeptalk"],"nature":"Impish","evs":{"hp":252,"atk":0,"def":16,"spa":0,"spd":240,"spe":0},"shiny":true,"ivs":{"hp":31,"atk":31,"def":31,"spa":31,"spd":31,"spe":31}},{"name":"Aerodactyl","species":"Aerodactyl","item":"focussash","ability":"Rock Head","moves":["aerialace","honeclaws","stoneedge","firefang"],"nature":"Jolly","evs":{"hp":0,"atk":252,"def":0,"spa":0,"spd":4,"spe":252},"ivs":{"hp":31,"atk":31,"def":31,"spa":31,"spd":31,"spe":31}},{"name":"Cradily","species":"Cradily","item":"rockyhelmet","ability":"Storm Drain","moves":["gigadrain","stockpile","recover","toxic"],"nature":"Calm","evs":{"hp":44,"atk":0,"def":216,"spa":48,"spd":140,"spe":60},"ivs":{"hp":31,"atk":31,"def":31,"spa":31,"spd":31,"spe":31}},{"name":"Tyranitar","species":"Tyranitar","item":"assaultvest","ability":"Sand Stream","moves":["fireblast","crunch","earthquake","stoneedge"],"nature":"Naughty","evs":{"hp":252,"atk":152,"def":0,"spa":104,"spd":0,"spe":0},"ivs":{"hp":31,"atk":31,"def":31,"spa":31,"spd":31,"spe":31}},{"name":"Terrakion","species":"Terrakion","item":"choicescarf","ability":"Justified","moves":["closecombat","earthquake","ironhead","stoneedge"],"nature":"Jolly","evs":{"hp":0,"atk":252,"def":0,"spa":0,"spd":4,"spe":252},"ivs":{"hp":31,"atk":31,"def":31,"spa":31,"spd":31,"spe":31}},{"name":"Omastar","species":"Omastar","item":"focussash","ability":"Shell Armor","moves":["shellsmash","icebeam","surf","earthpower"],"nature":"Modest","evs":{"hp":0,"atk":0,"def":0,"spa":252,"spd":4,"spe":252},"ivs":{"hp":31,"atk":31,"def":31,"spa":31,"spd":31,"spe":31}}],"log":["|player|p1|DJ Gible|198","|player|p2|Guard Quilluminati|80","|gametype|singles","|gen|6","|tier|Monotype","|rated","|rule|Baton Pass Clause: Limit one Baton Passer, can't pass Spe and other stats simultaneously","|rule|Swagger Clause: Swagger is banned","|rule|Same Type Clause: Pokémon in a team must share a type","|clearpoke","|poke|p1|Conkeldurr, M","|poke|p1|Hawlucha, F","|poke|p1|Keldeo","|poke|p1|Terrakion","|poke|p1|Lucario, M","|poke|p1|Heracross, M","|poke|p2|Aggron, M, shiny","|poke|p2|Aerodactyl, M","|poke|p2|Cradily, M","|poke|p2|Tyranitar, F","|poke|p2|Terrakion","|poke|p2|Omastar, M","|rule|Sleep Clause Mod: Limit one foe put to sleep","|rule|Species Clause: Limit one of each Pokémon","|rule|OHKO Clause: OHKO moves are banned","|rule|Moody Clause: Moody is banned","|rule|Evasion Moves Clause: Evasion moves are banned","|rule|Endless Battle Clause: Forcing endless battles is banned","|rule|HP Percentage Mod: HP is shown in percentages","|teampreview","|","|start","|switch|p1a: Conkeldurr|Conkeldurr, M|413/413","|switch|p2a: Omastar|Omastar, M|281/281","|turn|1","|","|move|p1a: Conkeldurr|Mach Punch|p2a: Omastar","|-supereffective|p2a: Omastar","|-damage|p2a: Omastar|117/281","|move|p2a: Omastar|Shell Smash|p2a: Omastar","|-unboost|p2a: Omastar|def|1","|-unboost|p2a: Omastar|spd|1","|-boost|p2a: Omastar|atk|2","|-boost|p2a: Omastar|spa|2","|-boost|p2a: Omastar|spe|2","|","|turn|2","|","|switch|p2a: Cradily|Cradily, M|324/324","|move|p1a: Conkeldurr|Mach Punch|p2a: Cradily","|-supereffective|p2a: Cradily","|-damage|p2a: Cradily|166/324","|-damage|p1a: Conkeldurr|345/413|[from] item: Rocky Helmet|[of] p2a: Cradily","|","|turn|3","|","|move|p2a: Cradily|Giga Drain|p1a: Conkeldurr","|-damage|p1a: Conkeldurr|270/413","|-heal|p2a: Cradily|204/324|[from] drain|[of] p1a: Conkeldurr","|move|p1a: Conkeldurr|Drain Punch|p2a: Cradily","|-supereffective|p2a: Cradily","|-damage|p2a: Cradily|0 fnt","|-heal|p1a: Conkeldurr|372/413|[from] drain|[of] p2a: Cradily","|-damage|p1a: Conkeldurr|304/413|[from] item: Rocky Helmet|[of] p2a: Cradily","|faint|p2a: Cradily","|","|","|switch|p2a: Aggron|Aggron, M, shiny|344/344","|turn|4","|","|detailschange|p2a: Aggron|Aggron-Mega, M, shiny","|-mega|p2a: Aggron|Aggron|Aggronite","|move|p2a: Aggron|Curse|p2a: Aggron","|-unboost|p2a: Aggron|spe|1","|-boost|p2a: Aggron|atk|1","|-boost|p2a: Aggron|def|1","|move|p1a: Conkeldurr|Drain Punch|p2a: Aggron","|-supereffective|p2a: Aggron","|-damage|p2a: Aggron|259/344","|-heal|p1a: Conkeldurr|347/413|[from] drain|[of] p2a: Aggron","|","|turn|5","|","|move|p1a: Conkeldurr|Drain Punch|p2a: Aggron","|-supereffective|p2a: Aggron","|-damage|p2a: Aggron|183/344","|-heal|p1a: Conkeldurr|385/413|[from] drain|[of] p2a: Aggron","|move|p2a: Aggron|Curse|p2a: Aggron","|-unboost|p2a: Aggron|spe|1","|-boost|p2a: Aggron|atk|1","|-boost|p2a: Aggron|def|1","|","|turn|6","|","|move|p1a: Conkeldurr|Drain Punch|p2a: Aggron","|-supereffective|p2a: Aggron","|-damage|p2a: Aggron|120/344","|-heal|p1a: Conkeldurr|413/413|[from] drain|[of] p2a: Aggron","|move|p2a: Aggron|Curse|p2a: Aggron","|-unboost|p2a: Aggron|spe|1","|-boost|p2a: Aggron|atk|1","|-boost|p2a: Aggron|def|1","|","|turn|7","|","|move|p1a: Conkeldurr|Drain Punch|p2a: Aggron","|-supereffective|p2a: Aggron","|-damage|p2a: Aggron|69/344","|move|p2a: Aggron|Rest|p2a: Aggron","|-status|p2a: Aggron|slp","|-heal|p2a: Aggron|344/344 slp|[silent]","|-status|p2a: Aggron|slp|[from] move: Rest","|","|turn|8","|","|move|p1a: Conkeldurr|Drain Punch|p2a: Aggron","|-supereffective|p2a: Aggron","|-damage|p2a: Aggron|299/344 slp","|cant|p2a: Aggron|slp","|move|p2a: Aggron|Sleep Talk|p2a: Aggron","|move|p2a: Aggron|Heavy Slam|p1a: Conkeldurr|[from]Sleep Talk","|-damage|p1a: Conkeldurr|20/413","|","|turn|9","|","|move|p1a: Conkeldurr|Drain Punch|p2a: Aggron","|-supereffective|p2a: Aggron","|-damage|p2a: Aggron|248/344 slp","|-heal|p1a: Conkeldurr|46/413|[from] drain|[of] p2a: Aggron","|cant|p2a: Aggron|slp","|move|p2a: Aggron|Sleep Talk|p2a: Aggron","|move|p2a: Aggron|Rest|p2a: Aggron|[from]Sleep Talk","|-fail|p2a: Aggron","|","|turn|10","|","|move|p1a: Conkeldurr|Drain Punch|p2a: Aggron","|-supereffective|p2a: Aggron","|-damage|p2a: Aggron|194/344 slp","|-heal|p1a: Conkeldurr|73/413|[from] drain|[of] p2a: Aggron","|-curestatus|p2a: Aggron|slp","|move|p2a: Aggron|Curse|p2a: Aggron","|-unboost|p2a: Aggron|spe|1","|-boost|p2a: Aggron|atk|1","|-boost|p2a: Aggron|def|1","|","|turn|11","|","|move|p1a: Conkeldurr|Drain Punch|p2a: Aggron","|-supereffective|p2a: Aggron","|-damage|p2a: Aggron|148/344","|-heal|p1a: Conkeldurr|96/413|[from] drain|[of] p2a: Aggron","|move|p2a: Aggron|Curse|p2a: Aggron","|-unboost|p2a: Aggron|spe|1","|-boost|p2a: Aggron|atk|1","|-boost|p2a: Aggron|def|1","|","|turn|12","|","|move|p1a: Conkeldurr|Drain Punch|p2a: Aggron","|-supereffective|p2a: Aggron","|-damage|p2a: Aggron|111/344","|-heal|p1a: Conkeldurr|115/413|[from] drain|[of] p2a: Aggron","|move|p2a: Aggron|Rest|p2a: Aggron","|-status|p2a: Aggron|slp","|-heal|p2a: Aggron|344/344 slp|[silent]","|-status|p2a: Aggron|slp|[from] move: Rest","|","|turn|13","|","|switch|p1a: Lucario|Lucario, M|281/281","|cant|p2a: Aggron|slp","|move|p2a: Aggron|Sleep Talk|p2a: Aggron","|move|p2a: Aggron|Curse|p2a: Aggron|[from]Sleep Talk","|-unboost|p2a: Aggron|spe|1","|-boost|p2a: Aggron|atk|1","|-boost|p2a: Aggron|def|1","|","|turn|14","|","|move|p1a: Lucario|Nasty Plot|p1a: Lucario","|-boost|p1a: Lucario|spa|2","|cant|p2a: Aggron|slp","|move|p2a: Aggron|Sleep Talk|p2a: Aggron","|move|p2a: Aggron|Rest|p2a: Aggron|[from]Sleep Talk","|-fail|p2a: Aggron","|","|turn|15","|","|move|p1a: Lucario|Aura Sphere|p2a: Aggron","|-supereffective|p2a: Aggron","|-damage|p2a: Aggron|0 fnt","|-damage|p1a: Lucario|253/281|[from] item: Life Orb","|faint|p2a: Aggron","|","|","|switch|p2a: Terrakion|Terrakion|323/323","|turn|16","|","|switch|p1a: Keldeo|Keldeo|323/323","|move|p2a: Terrakion|Close Combat|p1a: Keldeo","|-damage|p1a: Keldeo|92/323","|-unboost|p2a: Terrakion|def|1","|-unboost|p2a: Terrakion|spd|1","|","|turn|17","|","|move|p1a: Keldeo|Hydro Pump|p2a: Terrakion|[miss]","|-miss|p1a: Keldeo|p2a: Terrakion","|move|p2a: Terrakion|Close Combat|p1a: Keldeo","|-damage|p1a: Keldeo|0 fnt","|-unboost|p2a: Terrakion|def|1","|-unboost|p2a: Terrakion|spd|1","|faint|p1a: Keldeo","|","|","|switch|p1a: Conkeldurr|Conkeldurr, M|115/413","|turn|18","|","|switch|p2a: Omastar|Omastar, M|117/281","|move|p1a: Conkeldurr|Mach Punch|p2a: Omastar","|-supereffective|p2a: Omastar","|-damage|p2a: Omastar|0 fnt","|faint|p2a: Omastar","|","|","|switch|p2a: Aerodactyl|Aerodactyl, M|301/301","|turn|19","|","|move|p1a: Conkeldurr|Mach Punch|p2a: Aerodactyl","|-damage|p2a: Aerodactyl|150/301","|move|p2a: Aerodactyl|Aerial Ace|p1a: Conkeldurr","|-supereffective|p1a: Conkeldurr","|-damage|p1a: Conkeldurr|0 fnt","|faint|p1a: Conkeldurr","|","|","|switch|p1a: Terrakion|Terrakion|323/323","|turn|20","|","|move|p1a: Terrakion|Close Combat|p2a: Aerodactyl","|-damage|p2a: Aerodactyl|0 fnt","|-unboost|p1a: Terrakion|def|1","|-unboost|p1a: Terrakion|spd|1","|faint|p2a: Aerodactyl","|","|","|switch|p2a: Terrakion|Terrakion|323/323","|turn|21","|","|switch|p1a: Heracross|Heracross, M|363/363","|move|p2a: Terrakion|Close Combat|p1a: Heracross","|-resisted|p1a: Heracross","|-damage|p1a: Heracross|231/363","|-unboost|p2a: Terrakion|def|1","|-unboost|p2a: Terrakion|spd|1","|","|turn|22","|","|switch|p2a: Tyranitar|Tyranitar, F|404/404","|-weather|Sandstorm","|detailschange|p1a: Heracross|Heracross-Mega, M","|-mega|p1a: Heracross|Heracross|Heracronite","|move|p1a: Heracross|Swords Dance|p1a: Heracross","|-boost|p1a: Heracross|atk|2","|","|-weather|Sandstorm|[upkeep]","|-damage|p1a: Heracross|209/363|[from] sandstorm","|turn|23","|","|move|p1a: Heracross|Close Combat|p2a: Tyranitar","|-supereffective|p2a: Tyranitar","|-damage|p2a: Tyranitar|0 fnt","|-unboost|p1a: Heracross|def|1","|-unboost|p1a: Heracross|spd|1","|faint|p2a: Tyranitar","|","|-weather|Sandstorm|[upkeep]","|-damage|p1a: Heracross|187/363|[from] sandstorm","|","|switch|p2a: Terrakion|Terrakion|323/323","|turn|24","|","|move|p2a: Terrakion|Stone Edge|p1a: Heracross","|-damage|p1a: Heracross|0 fnt","|faint|p1a: Heracross","|","|-weather|Sandstorm|[upkeep]","|","|switch|p1a: Terrakion|Terrakion|323/323","|turn|25","|","|move|p2a: Terrakion|Stone Edge|p1a: Terrakion","|-crit|p1a: Terrakion","|-resisted|p1a: Terrakion","|-damage|p1a: Terrakion|187/323","|move|p1a: Terrakion|Close Combat|p2a: Terrakion","|-supereffective|p2a: Terrakion","|-damage|p2a: Terrakion|0 fnt","|-unboost|p1a: Terrakion|def|1","|-unboost|p1a: Terrakion|spd|1","|faint|p2a: Terrakion","|","|win|DJ Gible"],"p1rating":{"entryid":"166635","serverid":"eos","formatid":"monotype","userid":"djgible","username":"DJ Gible","w":7,"l":"9","t":"0","gxe":45.7,"r":"1406.0192203225","rd":"81.824503395958","sigma":"0","rptime":"1440579600","rpr":1466.9878502418,"rprd":76.669717340268,"rpsigma":"0","acre":1130.8818245597,"lacre":1130.8818245597,"oldacre":"1105.4633479519"},"p2rating":{"entryid":"265729","serverid":"eos","formatid":"monotype","userid":"guardquilluminati","username":"Guard Quilluminati","w":"7","l":9,"t":"0","gxe":49.4,"r":"1539.0863927628","rd":"80.242673954806","sigma":"0","rptime":"1440579600","rpr":1495.0097802818,"rprd":77.020814490331,"rpsigma":"0","acre":1085.8611612299,"lacre":1085.8611612299,"oldacre":"1111.2796378377"},"endType":"normal"}