{"seed":[59209,60396,6376,2480],"turns":18,"p1":"Sage.13","p2":"Imp MaxDerp","p1team":[{"name":"Landorus","species":"Landorus","item":"assaultvest","ability":"Sheer Force","moves":["earthpower","stoneedge","sludgewave","grassknot"],"nature":"Naive","evs":{"hp":0,"atk":4,"def":0,"spa":252,"spd":0,"spe":252},"ivs":{"hp":31,"atk":31,"def":31,"spa":31,"spd":31,"spe":31}},{"name":"Hippowdon","species":"Hippowdon","item":"leftovers","ability":"Sand Stream","moves":["earthquake","crunch","stealthrock","toxic"],"nature":"Impish","evs":{"hp":248,"atk":8,"def":252,"spa":0,"spd":0,"spe":0},"ivs":{"hp":31,"atk":31,"def":31,"spa":31,"spd":31,"spe":31}},{"name":"Krookodile","species":"Krookodile","item":"choicescarf","ability":"Moxie","moves":["earthquake","knockoff","stoneedge","doubleedge"],"nature":"Jolly","evs":{"hp":0,"atk":252,"def":4,"spa":0,"spd":0,"spe":252},"shiny":true,"ivs":{"hp":31,"atk":31,"def":31,"spa":31,"spd":31,"spe":31}},{"name":"Garchomp","species":"Garchomp","item":"garchompite","ability":"Rough Skin","moves":["flamethrower","earthquake","dracometeor","ironhead"],"nature":"Rash","evs":{"hp":0,"atk":252,"def":0,"spa":4,"spd":0,"spe":252},"ivs":{"hp":31,"atk":31,"def":31,"spa":31,"spd":31,"spe":31}},{"name":"Gastrodon","species":"Gastrodon","item":"leftovers","ability":"Storm Drain","moves":["icebeam","earthpower","toxic","recover"],"nature":"Sassy","evs":{"hp":252,"atk":0,"def":252,"spa":0,"spd":4,"spe":0},"ivs":{"hp":31,"atk":31,"def":31,"spa":31,"spd":31,"spe":31}},{"name":"Excadrill","species":"Excadrill","item":"airballoon","ability":"Sand Rush","moves":["ironhead","earthquake","swordsdance","rockslide"],"nature":"Adamant","evs":{"hp":0,"atk":252,"def":0,"spa":0,"spd":4,"spe":252},"shiny":true,"ivs":{"hp":31,"atk":31,"def":31,"spa":31,"spd":31,"spe":31}}],"p2team":[{"name":"Chompers","species":"garchomp","item":"focussash","ability":"Rough Skin","moves":["stealthrock","earthquake","roar","rockslide"],"nature":"Naive","evs":{"hp":0,"atk":252,"def":0,"spa":4,"spd":0,"spe":252},"ivs":{"hp":31,"atk":31,"def":31,"spa":31,"spd":31,"spe":31}},{"name":"Alpha Main","species":"latios","item":"choicespecs","ability":"Levitate","moves":["defog","energyball","trick","thunderbolt"],"nature":"Timid","evs":{"hp":0,"atk":0,"def":0,"spa":252,"spd":4,"spe":252},"ivs":{"hp":31,"atk":31,"def":31,"spa":30,"spd":30,"spe":31}},{"name":"Green Demon","species":"dragonite","item":"weaknesspolicy","ability":"Multiscale","moves":["extremespeed","dragondance","earthquake","fireblast"],"nature":"Lonely","evs":{"hp":0,"atk":252,"def":0,"spa":4,"spd":0,"spe":252},"shiny":true,"ivs":{"hp":31,"atk":31,"def":31,"spa":31,"spd":31,"spe":31}},{"name":"Monster 2","species":"kyuremblack","item":"choicescarf","ability":"Teravolt","moves":["ironhead","icebeam","fusionbolt","outrage"],"nature":"Naive","evs":{"hp":0,"atk":252,"def":0,"spa":4,"spd":0,"spe":252},"shiny":true,"ivs":{"hp":31,"atk":31,"def":31,"spa":31,"spd":31,"spe":31}},{"name":"Godra","species":"goodra","item":"focussash","ability":"Sap Sipper","moves":["toxic","protect","dragonpulse","counter"],"nature":"Calm","evs":{"hp":252,"atk":0,"def":56,"spa":4,"spd":196,"spe":0},"ivs":{"hp":31,"atk":31,"def":31,"spa":31,"spd":31,"spe":31}},{"name":"Hax Are REAL","species":"haxorus","item":"focussash","ability":"Mold Breaker","moves":["dragondance","earthquake","rockslide","superpower"],"nature":"Jolly","evs":{"hp":0,"atk":252,"def":0,"spa":0,"spd":36,"spe":220},"shiny":true,"ivs":{"hp":31,"atk":31,"def":31,"spa":31,"spd":31,"spe":31}}],"log":["|player|p1|Sage.13|154","|player|p2|Imp MaxDerp|impmaxderp.png","|gametype|singles","|gen|6","|tier|Monotype","|rated","|rule|Baton Pass Clause: Limit one Baton Passer, can't pass Spe and other stats simultaneously","|rule|Swagger Clause: Swagger is banned","|rule|Same Type Clause: Pokémon in a team must share a type","|clearpoke","|poke|p1|Landorus, M","|poke|p1|Hippowdon, F","|poke|p1|Krookodile, M, shiny","|poke|p1|Garchomp, M","|poke|p1|Gastrodon, M","|poke|p1|Excadrill, M, shiny","|poke|p2|Garchomp, M","|poke|p2|Latios, M","|poke|p2|Dragonite, M, shiny","|poke|p2|Kyurem-Black, shiny","|poke|p2|Goodra, F","|poke|p2|Haxorus, F, shiny","|rule|Sleep Clause Mod: Limit one foe put to sleep","|rule|Species Clause: Limit one of each Pokémon","|rule|OHKO Clause: OHKO moves are banned","|rule|Moody Clause: Moody is banned","|rule|Evasion Moves Clause: Evasion moves are banned","|rule|Endless Battle Clause: Forcing endless battles is banned","|rule|HP Percentage Mod: HP is shown in percentages","|teampreview","|","|start","|switch|p1a: Hippowdon|Hippowdon, F|419/419","|switch|p2a: Alpha Main|Latios, M|301/301","|-weather|Sandstorm","|turn|1","|","|move|p2a: Alpha Main|Trick|p1a: Hippowdon","|-activate|p2a: Alpha Main|move: Trick|[of] p1a: Hippowdon","|-item|p1a: Hippowdon|Choice Specs|[from] move: Trick","|-item|p2a: Alpha Main|Leftovers|[from] move: Trick","|move|p1a: Hippowdon|Crunch|p2a: Alpha Main","|-supereffective|p2a: Alpha Main","|-damage|p2a: Alpha Main|135/301","|-unboost|p2a: Alpha Main|def|1","|","|-weather|Sandstorm|[upkeep]","|-damage|p2a: Alpha Main|117/301|[from] sandstorm","|-heal|p2a: Alpha Main|135/301|[from] item: Leftovers","|turn|2","|","|switch|p2a: Chompers|Garchomp, M|357/357","|move|p1a: Hippowdon|Crunch|p2a: Chompers","|-damage|p2a: Chompers|283/357","|-damage|p1a: Hippowdon|367/419|[from] ability: Rough Skin|[of] p2a: Chompers","|","|-weather|Sandstorm|[upkeep]","|turn|3","|","|switch|p1a: Excadrill|Excadrill, M, shiny|361/361","|-item|p1a: Excadrill|Air Balloon","|move|p2a: Chompers|Stealth Rock|p1a: Excadrill","|-sidestart|p1: Sage.13|move: Stealth Rock","|","|-weather|Sandstorm|[upkeep]","|turn|4","|","|move|p1a: Excadrill|Earthquake|p2a: Chompers","|-damage|p2a: Chompers|55/357","|move|p2a: Chompers|Rock Slide|p1a: Excadrill","|-resisted|p1a: Excadrill","|-damage|p1a: Excadrill|326/361","|-enditem|p1a: Excadrill|Air Balloon","|","|-weather|Sandstorm|[upkeep]","|turn|5","|","|move|p1a: Excadrill|Earthquake|p2a: Chompers","|-damage|p2a: Chompers|0 fnt","|faint|p2a: Chompers","|","|-weather|none","|","|switch|p2a: Green Demon|Dragonite, M, shiny|323/323","|turn|6","|","|switch|p1a: Hippowdon|Hippowdon, F|367/419","|-damage|p1a: Hippowdon|341/419|[from] Stealth Rock","|-weather|Sandstorm","|move|p2a: Green Demon|Earthquake|p1a: Hippowdon","|-damage|p1a: Hippowdon|262/419","|","|-weather|Sandstorm|[upkeep]","|-damage|p2a: Green Demon|303/323|[from] sandstorm","|turn|7","|","|move|p2a: Green Demon|Dragon Dance|p2a: Green Demon","|-boost|p2a: Green Demon|atk|1","|-boost|p2a: Green Demon|spe|1","|move|p1a: Hippowdon|Toxic|p2a: Green Demon","|-status|p2a: Green Demon|tox","|","|-weather|Sandstorm|[upkeep]","|-damage|p2a: Green Demon|283/323 tox|[from] sandstorm","|-damage|p2a: Green Demon|263/323 tox|[from] psn","|turn|8","|","|move|p2a: Green Demon|Extreme Speed|p1a: Hippowdon","|-damage|p1a: Hippowdon|152/419","|move|p1a: Hippowdon|Toxic|p2a: Green Demon","|-fail|p2a: Green Demon|tox","|","|-weather|Sandstorm|[upkeep]","|-damage|p2a: Green Demon|243/323 tox|[from] sandstorm","|-damage|p2a: Green Demon|203/323 tox|[from] psn","|turn|9","|","|switch|p1a: Excadrill|Excadrill, M, shiny|326/361","|-damage|p1a: Excadrill|315/361|[from] Stealth Rock","|move|p2a: Green Demon|Dragon Dance|p2a: Green Demon","|-boost|p2a: Green Demon|atk|1","|-boost|p2a: Green Demon|spe|1","|","|-weather|Sandstorm|[upkeep]","|-damage|p2a: Green Demon|183/323 tox|[from] sandstorm","|-damage|p2a: Green Demon|123/323 tox|[from] psn","|turn|10","|","|move|p1a: Excadrill|Rock Slide|p2a: Green Demon","|-miss|p1a: Excadrill|p2a: Green Demon","|move|p2a: Green Demon|Earthquake|p1a: Excadrill","|-supereffective|p1a: Excadrill","|-damage|p1a: Excadrill|0 fnt","|faint|p1a: Excadrill","|","|-weather|none","|-damage|p2a: Green Demon|43/323 tox|[from] psn","|","|switch|p1a: Hippowdon|Hippowdon, F|152/419","|-damage|p1a: Hippowdon|126/419|[from] Stealth Rock","|-weather|Sandstorm","|turn|11","|","|move|p2a: Green Demon|Earthquake|p1a: Hippowdon","|-damage|p1a: Hippowdon|0 fnt","|faint|p1a: Hippowdon","|","|-weather|Sandstorm|[upkeep]","|-damage|p2a: Green Demon|23/323 tox|[from] sandstorm","|-damage|p2a: Green Demon|0 fnt|[from] psn","|faint|p2a: Green Demon","|","|switch|p1a: Landorus|Landorus, M|319/319","|switch|p2a: Monster 2|Kyurem-Black, shiny|391/391","|-ability|p2a: Monster 2|Teravolt","|-damage|p1a: Landorus|280/319|[from] Stealth Rock","|turn|12","|","|switch|p1a: Gastrodon|Gastrodon, M|426/426","|-damage|p1a: Gastrodon|400/426|[from] Stealth Rock","|move|p2a: Monster 2|Ice Beam|p1a: Gastrodon","|-damage|p1a: Gastrodon|270/426","|","|-weather|Sandstorm|[upkeep]","|-damage|p2a: Monster 2|367/391|[from] sandstorm","|-heal|p1a: Gastrodon|296/426|[from] item: Leftovers","|turn|13","|","|switch|p2a: Alpha Main|Latios, M|135/301","|move|p1a: Gastrodon|Toxic|p2a: Alpha Main","|-status|p2a: Alpha Main|tox","|","|-weather|Sandstorm|[upkeep]","|-damage|p2a: Alpha Main|117/301 tox|[from] sandstorm","|-heal|p2a: Alpha Main|135/301 tox|[from] item: Leftovers","|-heal|p1a: Gastrodon|322/426|[from] item: Leftovers","|-damage|p2a: Alpha Main|117/301 tox|[from] psn","|turn|14","|","|move|p2a: Alpha Main|Energy Ball|p1a: Gastrodon","|-supereffective|p1a: Gastrodon","|-damage|p1a: Gastrodon|0 fnt","|faint|p1a: Gastrodon","|","|-weather|Sandstorm|[upkeep]","|-damage|p2a: Alpha Main|99/301 tox|[from] sandstorm","|-heal|p2a: Alpha Main|117/301 tox|[from] item: Leftovers","|-damage|p2a: Alpha Main|81/301 tox|[from] psn","|","|switch|p1a: Landorus|Landorus, M|280/319","|-damage|p1a: Landorus|241/319|[from] Stealth Rock","|turn|15","|","|move|p2a: Alpha Main|Trick|p1a: Landorus","|-activate|p2a: Alpha Main|move: Trick|[of] p1a: Landorus","|-item|p1a: Landorus|Leftovers|[from] move: Trick","|-item|p2a: Alpha Main|Assault Vest|[from] move: Trick","|move|p1a: Landorus|Sludge Wave|p2a: Alpha Main","|-damage|p2a: Alpha Main|0 fnt","|faint|p2a: Alpha Main","|","|-weather|none","|-heal|p1a: Landorus|260/319|[from] item: Leftovers","|","|switch|p2a: Monster 2|Kyurem-Black, shiny|367/391","|-ability|p2a: Monster 2|Teravolt","|turn|16","|","|move|p2a: Monster 2|Ice Beam|p1a: Landorus","|-supereffective|p1a: Landorus","|-damage|p1a: Landorus|0 fnt","|faint|p1a: Landorus","|","|","|switch|p1a: Krookodile|Krookodile, M, shiny|331/331","|-damage|p1a: Krookodile|311/331|[from] Stealth Rock","|turn|17","|","|move|p2a: Monster 2|Ice Beam|p1a: Krookodile","|-crit|p1a: Krookodile","|-supereffective|p1a: Krookodile","|-damage|p1a: Krookodile|0 fnt","|faint|p1a: Krookodile","|","|","|switch|p1a: Garchomp|Garchomp, M|357/357","|-damage|p1a: Garchomp|335/357|[from] Stealth Rock","|turn|18","|","|detailschange|p1a: Garchomp|Garchomp-Mega, M","|-mega|p1a: Garchomp|Garchomp|Garchompite","|move|p2a: Monster 2|Ice Beam|p1a: Garchomp","|-supereffective|p1a: Garchomp","|-damage|p1a: Garchomp|0 fnt","|faint|p1a: Garchomp","|","|win|Imp MaxDerp"],"p1rating":{"entryid":"510726","serverid":"eos","formatid":"monotype","userid":"sage13","username":"Sage.13","w":"1","l":1,"t":"0","gxe":51.2,"r":"1500","rd":"130","sigma":"0","rptime":"1440579600","rpr":1509.4672400241,"rprd":116.10796693694,"rpsigma":"0","acre":1034.3818073083,"lacre":1034.3818073083,"oldacre":"1049.6886926954"},"p2rating":{"entryid":"197462","serverid":"eos","formatid":"monotype","userid":"impmaxderp","username":"Imp MaxDerp","w":4,"l":"2","t":"0","gxe":55.7,"r":"1545.482798903","rd":"106.71804533776","sigma":"0","rptime":"1440579600","rpr":1544.6094872563,"rprd":98.779932590019,"rpsigma":"0","acre":1115.5284408569,"lacre":1115.5284408569,"oldacre":"1092.6339288561"},"endType":"normal"}