{"seed":[20943,36134,7221,35440],"turns":24,"p1":"Union Wevrm","p2":"ApexProf🔰SmogOn","p1team":[{"name":"Flygon","species":"Flygon","item":"choiceband","ability":"Levitate","moves":["earthquake","stoneedge","outrage","superpower"],"nature":"Jolly","evs":{"hp":0,"atk":252,"def":0,"spa":0,"spd":4,"spe":252},"ivs":{"hp":31,"atk":31,"def":31,"spa":31,"spd":31,"spe":31}},{"name":"Zygarde","species":"Zygarde","item":"leftovers","ability":"Aura Break","moves":["dragondance","extremespeed","rockslide","substitute"],"nature":"Adamant","evs":{"hp":0,"atk":252,"def":0,"spa":0,"spd":4,"spe":252},"ivs":{"hp":31,"atk":31,"def":31,"spa":31,"spd":31,"spe":31}},{"name":"Latios","species":"Latios","item":"latiosite","ability":"Levitate","moves":["dracometeor","psychic","thunderbolt","dragonpulse"],"nature":"Timid","evs":{"hp":0,"atk":0,"def":0,"spa":252,"spd":4,"spe":252},"ivs":{"hp":31,"atk":31,"def":31,"spa":31,"spd":31,"spe":31}},{"name":"Noivern","species":"Noivern","item":"choicespecs","ability":"Frisk","moves":["airslash","boomburst","dracometeor","flamethrower"],"nature":"Timid","evs":{"hp":0,"atk":0,"def":0,"spa":252,"spd":4,"spe":252},"ivs":{"hp":31,"atk":31,"def":31,"spa":31,"spd":31,"spe":31}},{"name":"Kingdra","species":"Kingdra","item":"leftovers","ability":"Sniper","moves":["dragondance","outrage","bounce","waterfall"],"nature":"Adamant","evs":{"hp":0,"atk":0,"def":0,"spa":0,"spd":4,"spe":252},"ivs":{"hp":31,"atk":31,"def":31,"spa":31,"spd":31,"spe":31}},{"name":"Hydreigon","species":"Hydreigon","item":"lifeorb","ability":"Levitate","moves":["crunch","dragonrush","flamethrower","steelwing"],"nature":"Hasty","evs":{"hp":0,"atk":252,"def":0,"spa":4,"spd":0,"spe":252},"ivs":{"hp":31,"atk":31,"def":31,"spa":31,"spd":31,"spe":31}}],"p2team":[{"name":"Landorus","species":"Landorus","item":"lifeorb","ability":"Sheer Force","moves":["earthpower","knockoff","hiddenpowerice","rockslide"],"nature":"Naive","evs":{"hp":0,"atk":252,"def":0,"spa":4,"spd":0,"spe":252},"ivs":{"hp":31,"atk":30,"def":30,"spa":31,"spd":31,"spe":31}},{"name":"Gliscor","species":"Gliscor","item":"toxicorb","ability":"Poison Heal","moves":["swordsdance","knockoff","facade","earthquake"],"nature":"Adamant","evs":{"hp":184,"atk":252,"def":0,"spa":0,"spd":0,"spe":72},"ivs":{"hp":31,"atk":31,"def":31,"spa":31,"spd":31,"spe":31}},{"name":"Hippowdon","species":"Hippowdon","item":"rockyhelmet","ability":"Sand Stream","moves":["slackoff","yawn","earthquake","rockslide"],"nature":"Impish","evs":{"hp":252,"atk":4,"def":252,"spa":0,"spd":0,"spe":0},"ivs":{"hp":31,"atk":31,"def":31,"spa":31,"spd":31,"spe":31}},{"name":"Gastrodon","species":"Gastrodon","item":"leftovers","ability":"Storm Drain","moves":["toxic","stockpile","scald","recover"],"nature":"Bold","evs":{"hp":252,"atk":0,"def":252,"spa":0,"spd":4,"spe":0},"gender":"M","ivs":{"hp":31,"atk":31,"def":31,"spa":31,"spd":31,"spe":31}},{"name":"Mamoswine","species":"Mamoswine","item":"focussash","ability":"Oblivious","moves":["iceshard","earthquake","knockoff","stealthrock"],"nature":"Adamant","evs":{"hp":248,"atk":252,"def":0,"spa":0,"spd":8,"spe":0},"ivs":{"hp":31,"atk":31,"def":31,"spa":31,"spd":31,"spe":31}},{"name":"Excadrill","species":"Excadrill","item":"lifeorb","ability":"Sand Rush","moves":["earthquake","rockslide","swordsdance","ironhead"],"nature":"Adamant","evs":{"hp":252,"atk":252,"def":0,"spa":0,"spd":0,"spe":4},"ivs":{"hp":31,"atk":31,"def":31,"spa":31,"spd":31,"spe":31}}],"log":["|player|p1|Union Wevrm|unionwevrm.png","|player|p2|ApexProf🔰SmogOn|101","|gametype|singles","|gen|6","|tier|Monotype","|rated","|rule|Baton Pass Clause: Limit one Baton Passer, can't pass Spe and other stats simultaneously","|rule|Swagger Clause: Swagger is banned","|rule|Same Type Clause: Pokémon in a team must share a type","|clearpoke","|poke|p1|Flygon, F","|poke|p1|Zygarde","|poke|p1|Latios, M","|poke|p1|Noivern, F","|poke|p1|Kingdra, F","|poke|p1|Hydreigon, M","|poke|p2|Landorus, M","|poke|p2|Gliscor, M","|poke|p2|Hippowdon, F","|poke|p2|Gastrodon, M","|poke|p2|Mamoswine, M","|poke|p2|Excadrill, M","|rule|Sleep Clause Mod: Limit one foe put to sleep","|rule|Species Clause: Limit one of each Pokémon","|rule|OHKO Clause: OHKO moves are banned","|rule|Moody Clause: Moody is banned","|rule|Evasion Moves Clause: Evasion moves are banned","|rule|Endless Battle Clause: Forcing endless battles is banned","|rule|HP Percentage Mod: HP is shown in percentages","|teampreview","|","|start","|switch|p1a: Kingdra|Kingdra, F|291/291","|switch|p2a: Mamoswine|Mamoswine, M|423/423","|turn|1","|","|move|p1a: Kingdra|Dragon Dance|p1a: Kingdra","|-boost|p1a: Kingdra|atk|1","|-boost|p1a: Kingdra|spe|1","|move|p2a: Mamoswine|Stealth Rock|p1a: Kingdra","|-sidestart|p1: Union Wevrm|move: Stealth Rock","|","|turn|2","|","|move|p1a: Kingdra|Waterfall|p2a: Mamoswine","|-supereffective|p2a: Mamoswine","|-damage|p2a: Mamoswine|73/423","|move|p2a: Mamoswine|Earthquake|p1a: Kingdra","|-damage|p1a: Kingdra|86/291","|","|-heal|p1a: Kingdra|104/291|[from] item: Leftovers","|turn|3","|","|move|p2a: Mamoswine|Ice Shard|p1a: Kingdra","|-damage|p1a: Kingdra|22/291","|move|p1a: Kingdra|Waterfall|p2a: Mamoswine","|-supereffective|p2a: Mamoswine","|-damage|p2a: Mamoswine|0 fnt","|faint|p2a: Mamoswine","|","|-heal|p1a: Kingdra|40/291|[from] item: Leftovers","|","|switch|p2a: Gastrodon|Gastrodon, M|426/426","|turn|4","|","|move|p1a: Kingdra|Outrage|p2a: Gastrodon","|-damage|p2a: Gastrodon|218/426","|move|p2a: Gastrodon|Toxic|p1a: Kingdra","|-status|p1a: Kingdra|tox","|","|-heal|p1a: Kingdra|58/291 tox|[from] item: Leftovers","|-heal|p2a: Gastrodon|244/426|[from] item: Leftovers","|-damage|p1a: Kingdra|40/291 tox|[from] psn","|turn|5","|","|move|p1a: Kingdra|Outrage|p2a: Gastrodon|[from]lockedmove","|-damage|p2a: Gastrodon|46/426","|move|p2a: Gastrodon|Recover|p2a: Gastrodon","|-heal|p2a: Gastrodon|259/426","|","|-heal|p1a: Kingdra|58/291 tox|[from] item: Leftovers","|-heal|p2a: Gastrodon|285/426|[from] item: Leftovers","|-damage|p1a: Kingdra|22/291 tox|[from] psn","|turn|6","|","|move|p1a: Kingdra|Outrage|p2a: Gastrodon|[from]lockedmove","|-damage|p2a: Gastrodon|68/426","|-start|p1a: Kingdra|confusion|[fatigue]","|move|p2a: Gastrodon|Stockpile|p2a: Gastrodon","|-start|p2a: Gastrodon|stockpile1","|-boost|p2a: Gastrodon|def|1","|-boost|p2a: Gastrodon|spd|1","|","|-heal|p1a: Kingdra|40/291 tox|[from] item: Leftovers","|-heal|p2a: Gastrodon|94/426|[from] item: Leftovers","|-damage|p1a: Kingdra|0 fnt|[from] psn","|faint|p1a: Kingdra","|","|switch|p1a: Hydreigon|Hydreigon, M|325/325","|-damage|p1a: Hydreigon|285/325|[from] Stealth Rock","|turn|7","|","|move|p1a: Hydreigon|Crunch|p2a: Gastrodon","|-damage|p2a: Gastrodon|0 fnt","|-damage|p1a: Hydreigon|253/325|[from] item: Life Orb","|faint|p2a: Gastrodon","|","|","|switch|p2a: Hippowdon|Hippowdon, F|420/420","|-weather|Sandstorm","|turn|8","|","|move|p1a: Hydreigon|Flamethrower|p2a: Hippowdon","|-damage|p2a: Hippowdon|265/420","|-damage|p1a: Hydreigon|221/325|[from] item: Life Orb","|move|p2a: Hippowdon|Yawn|p1a: Hydreigon","|-start|p1a: Hydreigon|move: Yawn|[of] p2a: Hippowdon","|","|-weather|Sandstorm|[upkeep]","|-damage|p1a: Hydreigon|201/325|[from] sandstorm","|turn|9","|","|switch|p1a: Zygarde|Zygarde|357/357","|-damage|p1a: Zygarde|335/357|[from] Stealth Rock","|-ability|p1a: Zygarde|Aura Break","|move|p2a: Hippowdon|Rock Slide|p1a: Zygarde","|-resisted|p1a: Zygarde","|-damage|p1a: Zygarde|308/357","|","|-weather|Sandstorm|[upkeep]","|-heal|p1a: Zygarde|330/357|[from] item: Leftovers","|turn|10","|","|switch|p2a: Landorus|Landorus, M|319/319","|move|p1a: Zygarde|Substitute|p1a: Zygarde","|-start|p1a: Zygarde|Substitute","|-damage|p1a: Zygarde|241/357","|","|-weather|Sandstorm|[upkeep]","|-heal|p1a: Zygarde|263/357|[from] item: Leftovers","|turn|11","|","|move|p2a: Landorus|Earth Power|p1a: Zygarde","|-end|p1a: Zygarde|Substitute","|move|p1a: Zygarde|Dragon Dance|p1a: Zygarde","|-boost|p1a: Zygarde|atk|1","|-boost|p1a: Zygarde|spe|1","|","|-weather|Sandstorm|[upkeep]","|-heal|p1a: Zygarde|285/357|[from] item: Leftovers","|turn|12","|","|move|p1a: Zygarde|Rock Slide|p2a: Landorus","|-crit|p2a: Landorus","|-damage|p2a: Landorus|120/319","|move|p2a: Landorus|Hidden Power|p1a: Zygarde","|-supereffective|p1a: Zygarde","|-damage|p1a: Zygarde|4/357","|-damage|p2a: Landorus|89/319|[from] item: Life Orb","|","|-weather|none","|-heal|p1a: Zygarde|26/357|[from] item: Leftovers","|turn|13","|","|switch|p2a: Hippowdon|Hippowdon, F|265/420","|-weather|Sandstorm","|move|p1a: Zygarde|Rock Slide|p2a: Hippowdon","|-resisted|p2a: Hippowdon","|-damage|p2a: Hippowdon|227/420","|","|-weather|Sandstorm|[upkeep]","|-heal|p1a: Zygarde|48/357|[from] item: Leftovers","|turn|14","|","|move|p1a: Zygarde|Extreme Speed|p2a: Hippowdon","|-damage|p2a: Hippowdon|138/420","|-damage|p1a: Zygarde|0 fnt|[from] item: Rocky Helmet|[of] p2a: Hippowdon","|faint|p1a: Zygarde","|move|p2a: Hippowdon|Yawn|p1: Zygarde|[notarget]","|-notarget","|","|-weather|Sandstorm|[upkeep]","|","|switch|p1a: Hydreigon|Hydreigon, M|201/325","|-damage|p1a: Hydreigon|161/325|[from] Stealth Rock","|turn|15","|","|switch|p2a: Gliscor|Gliscor, M|337/337","|move|p1a: Hydreigon|Crunch|p2a: Gliscor","|-damage|p2a: Gliscor|216/337","|-unboost|p2a: Gliscor|def|1","|-damage|p1a: Hydreigon|129/325|[from] item: Life Orb","|","|-weather|Sandstorm|[upkeep]","|-damage|p1a: Hydreigon|109/325|[from] sandstorm","|-status|p2a: Gliscor|tox|[from] item: Toxic Orb","|turn|16","|","|move|p1a: Hydreigon|Dragon Rush|p2a: Gliscor","|-damage|p2a: Gliscor|0 fnt","|-damage|p1a: Hydreigon|77/325|[from] item: Life Orb","|faint|p2a: Gliscor","|","|-weather|Sandstorm|[upkeep]","|-damage|p1a: Hydreigon|57/325|[from] sandstorm","|","|switch|p2a: Excadrill|Excadrill, M|424/424","|turn|17","|","|move|p2a: Excadrill|Iron Head|p1a: Hydreigon","|-damage|p1a: Hydreigon|0 fnt","|-damage|p2a: Excadrill|382/424|[from] item: Life Orb","|faint|p1a: Hydreigon","|","|-weather|none","|","|switch|p1a: Flygon|Flygon, F|301/301","|-damage|p1a: Flygon|283/301|[from] Stealth Rock","|turn|18","|","|switch|p2a: Hippowdon|Hippowdon, F|138/420","|-weather|Sandstorm","|move|p1a: Flygon|Superpower|p2a: Hippowdon","|-damage|p2a: Hippowdon|22/420","|-damage|p1a: Flygon|233/301|[from] item: Rocky Helmet|[of] p2a: Hippowdon","|-unboost|p1a: Flygon|atk|1","|-unboost|p1a: Flygon|def|1","|","|-weather|Sandstorm|[upkeep]","|turn|19","|","|move|p1a: Flygon|Superpower|p2a: Hippowdon","|-damage|p2a: Hippowdon|0 fnt","|-damage|p1a: Flygon|183/301|[from] item: Rocky Helmet|[of] p2a: Hippowdon","|-unboost|p1a: Flygon|atk|1","|-unboost|p1a: Flygon|def|1","|faint|p2a: Hippowdon","|","|-weather|Sandstorm|[upkeep]","|","|switch|p2a: Excadrill|Excadrill, M|382/424","|turn|20","|","|switch|p1a: Noivern|Noivern, F|311/311","|-damage|p1a: Noivern|234/311|[from] Stealth Rock","|-item|p2a: Excadrill|Life Orb|[from] ability: Frisk|[of] p1a: Noivern|[identify]","|move|p2a: Excadrill|Iron Head|p1a: Noivern","|-damage|p1a: Noivern|0 fnt","|-damage|p2a: Excadrill|340/424|[from] item: Life Orb","|faint|p1a: Noivern","|","|-weather|Sandstorm|[upkeep]","|","|switch|p1a: Latios|Latios, M|301/301","|-damage|p1a: Latios|264/301|[from] Stealth Rock","|turn|21","|","|detailschange|p1a: Latios|Latios-Mega, M","|-mega|p1a: Latios|Latios|Latiosite","|move|p2a: Excadrill|Iron Head|p1a: Latios","|-damage|p1a: Latios|72/301","|-damage|p2a: Excadrill|298/424|[from] item: Life Orb","|move|p1a: Latios|Draco Meteor|p2a: Excadrill","|-resisted|p2a: Excadrill","|-damage|p2a: Excadrill|120/424","|-unboost|p1a: Latios|spa|2","|","|-weather|Sandstorm|[upkeep]","|-damage|p1a: Latios|54/301|[from] sandstorm","|turn|22","|","|move|p2a: Excadrill|Iron Head|p1a: Latios","|-damage|p1a: Latios|0 fnt","|-damage|p2a: Excadrill|78/424|[from] item: Life Orb","|faint|p1a: Latios","|","|-weather|none","|","|switch|p1a: Flygon|Flygon, F|183/301","|-damage|p1a: Flygon|165/301|[from] Stealth Rock","|turn|23","|","|move|p1a: Flygon|Outrage|p2a: Excadrill","|-resisted|p2a: Excadrill","|-damage|p2a: Excadrill|0 fnt","|faint|p2a: Excadrill","|","|","|switch|p2a: Landorus|Landorus, M|89/319","|turn|24","|","|move|p2a: Landorus|Hidden Power|p1a: Flygon","|-supereffective|p1a: Flygon","|-damage|p1a: Flygon|0 fnt","|-damage|p2a: Landorus|58/319|[from] item: Life Orb","|faint|p1a: Flygon","|","|win|ApexProf🔰SmogOn"],"p1rating":{"entryid":"373318","serverid":"eos","formatid":"monotype","userid":"unionwevrm","username":"Union Wevrm","w":"15","l":15,"t":"0","gxe":49.7,"r":"1494.6792099071","rd":"65.389319406034","sigma":"0","rptime":"1440493200","rpr":1497.8852227557,"rprd":59.960375022424,"rpsigma":"0","acre":1102.0871858673,"lacre":1102.0871858673,"oldacre":"1127.3941682668"},"p2rating":{"entryid":"318042","serverid":"eos","formatid":"monotype","userid":"apexprofsmogon","username":"ApexProf","w":11,"l":"8","t":"0","gxe":59.6,"r":"1562.9659071729","rd":"73.244753024509","sigma":"0","rptime":"1440493200","rpr":1574.7276829584,"rprd":71.785530453848,"rpsigma":"0","acre":1148.4346718344,"lacre":1148.4346718344,"oldacre":"1123.1276894349"},"endType":"normal"}