{"seed":[2140,62209,23733,38742],"turns":26,"p1":"Axis WillWolf","p2":"Void Chrono","p1team":[{"name":"Zygarde","species":"Zygarde","item":"lifeorb","ability":"Aura Break","moves":["earthquake","outrage","dragondance","extremespeed"],"nature":"Adamant","evs":{"hp":4,"atk":252,"def":0,"spa":0,"spd":0,"spe":252},"ivs":{"hp":31,"atk":31,"def":31,"spa":31,"spd":31,"spe":31}},{"name":"Flygon","species":"Flygon","item":"choicescarf","ability":"Levitate","moves":["uturn","earthquake","irontail","outrage"],"nature":"Adamant","evs":{"hp":0,"atk":252,"def":0,"spa":0,"spd":4,"spe":252},"ivs":{"hp":31,"atk":31,"def":31,"spa":31,"spd":31,"spe":31}},{"name":"Kyurem-Black","species":"Kyurem-Black","item":"leftovers","ability":"Teravolt","moves":["outrage","fusionbolt","ironhead","roost"],"nature":"Adamant","evs":{"hp":252,"atk":176,"def":68,"spa":0,"spd":12,"spe":0},"ivs":{"hp":31,"atk":31,"def":31,"spa":31,"spd":31,"spe":31}},{"name":"Goodra","species":"Goodra","item":"assaultvest","ability":"Sap Sipper","moves":["flamethrower","dracometeor","sludgewave","thunderbolt"],"nature":"Modest","evs":{"hp":248,"atk":0,"def":0,"spa":252,"spd":8,"spe":0},"ivs":{"hp":31,"atk":31,"def":31,"spa":31,"spd":31,"spe":31}},{"name":"Hydreigon","species":"Hydreigon","item":"lifeorb","ability":"Levitate","moves":["uturn","superpower","dracometeor","darkpulse"],"nature":"Hasty","evs":{"hp":0,"atk":4,"def":0,"spa":252,"spd":0,"spe":252},"ivs":{"hp":31,"atk":31,"def":31,"spa":31,"spd":31,"spe":31}},{"name":"Salamence","species":"Salamence","item":"leftovers","ability":"Intimidate","moves":["roost","dragonclaw","earthquake","irondefense"],"nature":"Impish","evs":{"hp":252,"atk":4,"def":252,"spa":0,"spd":0,"spe":0},"ivs":{"hp":31,"atk":31,"def":31,"spa":31,"spd":31,"spe":31}}],"p2team":[{"name":"The Court Reporter","species":"rotomwash","item":"leftovers","ability":"Levitate","moves":["willowisp","voltswitch","hydropump","painsplit"],"nature":"Bold","evs":{"hp":252,"atk":0,"def":252,"spa":4,"spd":0,"spe":0},"ivs":{"hp":31,"atk":31,"def":31,"spa":31,"spd":31,"spe":31}},{"name":"The Foreman","species":"zapdos","item":"leftovers","ability":"Pressure","moves":["roost","defog","discharge","heatwave"],"nature":"Calm","evs":{"hp":252,"atk":0,"def":108,"spa":0,"spd":148,"spe":0},"ivs":{"hp":31,"atk":31,"def":31,"spa":31,"spd":31,"spe":31}},{"name":"The Bailiff","species":"thundurus","item":"lifeorb","ability":"Prankster","moves":["thunderwave","voltswitch","superpower","knockoff"],"nature":"Naive","evs":{"hp":0,"atk":252,"def":0,"spa":4,"spd":0,"spe":252},"ivs":{"hp":31,"atk":31,"def":31,"spa":31,"spd":31,"spe":31}},{"name":"The Jury","species":"magnezone","item":"weaknesspolicy","ability":"Sturdy","moves":["voltswitch","flashcannon","hiddenpowergrass","thunderbolt"],"nature":"Modest","evs":{"hp":248,"atk":0,"def":0,"spa":252,"spd":8,"spe":0},"ivs":{"hp":31,"atk":30,"def":31,"spa":30,"spd":31,"spe":31}},{"name":"The Deputy","species":"electivire","item":"choicescarf","ability":"Vital Spirit","moves":["voltswitch","earthquake","rockslide","icepunch"],"nature":"Jolly","evs":{"hp":4,"atk":252,"def":0,"spa":0,"spd":0,"spe":252},"ivs":{"hp":31,"atk":31,"def":31,"spa":31,"spd":31,"spe":31}},{"name":"The Judge","species":"ampharos","item":"ampharosite","ability":"Static","moves":["toxic","dragonpulse","voltswitch","counter"],"nature":"Calm","evs":{"hp":232,"atk":0,"def":16,"spa":136,"spd":124,"spe":0},"ivs":{"hp":31,"atk":31,"def":31,"spa":31,"spd":31,"spe":31}}],"log":["|player|p1|Axis WillWolf|54","|player|p2|Void Chrono|voidchrono.png","|gametype|singles","|gen|6","|tier|Monotype","|rated","|rule|Baton Pass Clause: Limit one Baton Passer, can't pass Spe and other stats simultaneously","|rule|Swagger Clause: Swagger is banned","|rule|Same Type Clause: Pokémon in a team must share a type","|clearpoke","|poke|p1|Zygarde","|poke|p1|Flygon, M","|poke|p1|Kyurem-Black","|poke|p1|Goodra, F","|poke|p1|Hydreigon, F","|poke|p1|Salamence, F","|poke|p2|Rotom-Wash","|poke|p2|Zapdos","|poke|p2|Thundurus, M","|poke|p2|Magnezone","|poke|p2|Electivire, F","|poke|p2|Ampharos, F","|rule|Sleep Clause Mod: Limit one foe put to sleep","|rule|Species Clause: Limit one of each Pokémon","|rule|OHKO Clause: OHKO moves are banned","|rule|Moody Clause: Moody is banned","|rule|Evasion Moves Clause: Evasion moves are banned","|rule|Endless Battle Clause: Forcing endless battles is banned","|rule|HP Percentage Mod: HP is shown in percentages","|teampreview","|","|start","|switch|p1a: Flygon|Flygon, M|301/301","|switch|p2a: The Judge|Ampharos, F|379/379","|turn|1","|","|detailschange|p2a: The Judge|Ampharos-Mega, F","|-mega|p2a: The Judge|Ampharos|Ampharosite","|-ability|p2a: The Judge|Mold Breaker","|move|p1a: Flygon|Earthquake|p2a: The Judge","|-supereffective|p2a: The Judge","|-damage|p2a: The Judge|59/379","|move|p2a: The Judge|Dragon Pulse|p1a: Flygon","|-supereffective|p1a: Flygon","|-damage|p1a: Flygon|0 fnt","|faint|p1a: Flygon","|","|","|switch|p1a: Zygarde|Zygarde|358/358","|-ability|p1a: Zygarde|Aura Break","|turn|2","|","|move|p1a: Zygarde|Extreme Speed|p2a: The Judge","|-damage|p2a: The Judge|0 fnt","|-damage|p1a: Zygarde|323/358|[from] item: Life Orb","|faint|p2a: The Judge","|","|","|switch|p2a: The Court Reporter|Rotom-Wash|304/304","|turn|3","|","|switch|p1a: Goodra|Goodra, F|383/383","|move|p2a: The Court Reporter|Will-O-Wisp|p1a: Goodra","|-status|p1a: Goodra|brn","|","|-damage|p1a: Goodra|336/383 brn|[from] brn","|turn|4","|","|move|p2a: The Court Reporter|Volt Switch|p1a: Goodra","|-resisted|p1a: Goodra","|-damage|p1a: Goodra|315/383 brn","|","|switch|p2a: The Foreman|Zapdos|384/384","|-ability|p2a: The Foreman|Pressure","|move|p1a: Goodra|Draco Meteor|p2a: The Foreman","|-damage|p2a: The Foreman|194/384","|-unboost|p1a: Goodra|spa|2","|","|-heal|p2a: The Foreman|218/384|[from] item: Leftovers","|-damage|p1a: Goodra|268/383 brn|[from] brn","|turn|5","|","|switch|p1a: Salamence|Salamence, F|394/394","|-ability|p1a: Salamence|Intimidate","|-unboost|p2a: The Foreman|atk|1","|move|p2a: The Foreman|Roost|p2a: The Foreman","|-heal|p2a: The Foreman|384/384","|","|turn|6","|","|switch|p1a: Kyurem-Black|Kyurem-Black|454/454","|-ability|p1a: Kyurem-Black|Teravolt","|move|p2a: The Foreman|Defog|p1a: Kyurem-Black","|-unboost|p1a: Kyurem-Black|evasion|1","|","|turn|7","|","|move|p2a: The Foreman|Discharge|p1a: Kyurem-Black","|-resisted|p1a: Kyurem-Black","|-damage|p1a: Kyurem-Black|398/454","|move|p1a: Kyurem-Black|Outrage|p2a: The Foreman","|-damage|p2a: The Foreman|117/384","|","|-heal|p2a: The Foreman|141/384|[from] item: Leftovers","|-heal|p1a: Kyurem-Black|426/454|[from] item: Leftovers","|turn|8","|","|move|p2a: The Foreman|Roost|p2a: The Foreman","|-heal|p2a: The Foreman|333/384","|move|p1a: Kyurem-Black|Outrage|p2a: The Foreman|[from]lockedmove","|-damage|p2a: The Foreman|48/384","|-start|p1a: Kyurem-Black|confusion|[fatigue]","|","|-heal|p2a: The Foreman|72/384|[from] item: Leftovers","|-heal|p1a: Kyurem-Black|454/454|[from] item: Leftovers","|turn|9","|","|switch|p1a: Zygarde|Zygarde|323/358","|-ability|p1a: Zygarde|Aura Break","|move|p2a: The Foreman|Discharge|p1a: Zygarde","|-immune|p1a: Zygarde|[msg]","|","|-heal|p2a: The Foreman|96/384|[from] item: Leftovers","|turn|10","|","|move|p1a: Zygarde|Dragon Dance|p1a: Zygarde","|-boost|p1a: Zygarde|atk|1","|-boost|p1a: Zygarde|spe|1","|move|p2a: The Foreman|Heat Wave|p1a: Zygarde","|-resisted|p1a: Zygarde","|-damage|p1a: Zygarde|272/358","|","|-heal|p2a: The Foreman|120/384|[from] item: Leftovers","|turn|11","|","|switch|p2a: The Deputy|Electivire, F|292/292","|move|p1a: Zygarde|Dragon Dance|p1a: Zygarde","|-boost|p1a: Zygarde|atk|1","|-boost|p1a: Zygarde|spe|1","|","|turn|12","|","|move|p1a: Zygarde|Earthquake|p2a: The Deputy","|-crit|p2a: The Deputy","|-supereffective|p2a: The Deputy","|-damage|p2a: The Deputy|0 fnt","|-damage|p1a: Zygarde|237/358|[from] item: Life Orb","|faint|p2a: The Deputy","|","|","|switch|p2a: The Jury|Magnezone|343/343","|turn|13","|","|move|p1a: Zygarde|Earthquake|p2a: The Jury","|-crit|p2a: The Jury","|-supereffective|p2a: The Jury","|-ability|p2a: The Jury|Sturdy","|-damage|p2a: The Jury|1/343","|-enditem|p2a: The Jury|Weakness Policy","|-boost|p2a: The Jury|atk|2|[from] item: Weakness Policy","|-boost|p2a: The Jury|spa|2|[from] item: Weakness Policy","|-damage|p1a: Zygarde|202/358|[from] item: Life Orb","|move|p2a: The Jury|Flash Cannon|p1a: Zygarde","|-damage|p1a: Zygarde|0 fnt","|faint|p1a: Zygarde","|","|","|switch|p1a: Hydreigon|Hydreigon, F|325/325","|turn|14","|","|move|p1a: Hydreigon|U-turn|p2a: The Jury","|-resisted|p2a: The Jury","|-damage|p2a: The Jury|0 fnt","|-damage|p1a: Hydreigon|293/325|[from] item: Life Orb","|faint|p2a: The Jury","|","|switch|p1a: Goodra|Goodra, F|268/383 brn","|","|-damage|p1a: Goodra|221/383 brn|[from] brn","|","|switch|p2a: The Foreman|Zapdos|120/384","|-ability|p2a: The Foreman|Pressure","|turn|15","|","|move|p2a: The Foreman|Roost|p2a: The Foreman","|-heal|p2a: The Foreman|312/384","|move|p1a: Goodra|Draco Meteor|p2a: The Foreman","|-damage|p2a: The Foreman|113/384","|-unboost|p1a: Goodra|spa|2","|","|-heal|p2a: The Foreman|137/384|[from] item: Leftovers","|-damage|p1a: Goodra|174/383 brn|[from] brn","|turn|16","|","|switch|p1a: Kyurem-Black|Kyurem-Black|454/454","|-ability|p1a: Kyurem-Black|Teravolt","|move|p2a: The Foreman|Discharge|p1a: Kyurem-Black","|-resisted|p1a: Kyurem-Black","|-damage|p1a: Kyurem-Black|391/454","|","|-heal|p2a: The Foreman|161/384|[from] item: Leftovers","|-heal|p1a: Kyurem-Black|419/454|[from] item: Leftovers","|turn|17","|","|move|p2a: The Foreman|Roost|p2a: The Foreman","|-heal|p2a: The Foreman|353/384","|move|p1a: Kyurem-Black|Outrage|p2a: The Foreman","|-damage|p2a: The Foreman|62/384","|","|-heal|p2a: The Foreman|86/384|[from] item: Leftovers","|-heal|p1a: Kyurem-Black|447/454|[from] item: Leftovers","|turn|18","|","|move|p2a: The Foreman|Roost|p2a: The Foreman","|-heal|p2a: The Foreman|278/384","|move|p1a: Kyurem-Black|Outrage|p2a: The Foreman|[from]lockedmove","|-damage|p2a: The Foreman|14/384","|-start|p1a: Kyurem-Black|confusion|[fatigue]","|","|-heal|p2a: The Foreman|38/384|[from] item: Leftovers","|-heal|p1a: Kyurem-Black|454/454|[from] item: Leftovers","|turn|19","|","|move|p2a: The Foreman|Discharge|p1a: Kyurem-Black","|-resisted|p1a: Kyurem-Black","|-damage|p1a: Kyurem-Black|393/454","|-activate|p1a: Kyurem-Black|confusion","|move|p1a: Kyurem-Black|Outrage|p2a: The Foreman","|-damage|p2a: The Foreman|0 fnt","|faint|p2a: The Foreman","|","|-heal|p1a: Kyurem-Black|421/454|[from] item: Leftovers","|","|switch|p2a: The Bailiff|Thundurus, M|299/299","|turn|20","|","|move|p2a: The Bailiff|Superpower|p1a: Kyurem-Black","|-supereffective|p1a: Kyurem-Black","|-damage|p1a: Kyurem-Black|75/454","|-unboost|p2a: The Bailiff|atk|1","|-unboost|p2a: The Bailiff|def|1","|-damage|p2a: The Bailiff|270/299|[from] item: Life Orb","|-activate|p1a: Kyurem-Black|confusion","|move|p1a: Kyurem-Black|Outrage|p2a: The Bailiff|[from]lockedmove","|-crit|p2a: The Bailiff","|-damage|p2a: The Bailiff|0 fnt","|faint|p2a: The Bailiff","|","|-heal|p1a: Kyurem-Black|103/454|[from] item: Leftovers","|","|switch|p2a: The Court Reporter|Rotom-Wash|304/304","|turn|21","|","|-activate|p1a: Kyurem-Black|confusion","|-damage|p1a: Kyurem-Black|46/454|[from] confusion","|move|p2a: The Court Reporter|Hydro Pump|p1a: Kyurem-Black","|-resisted|p1a: Kyurem-Black","|-damage|p1a: Kyurem-Black|0 fnt","|faint|p1a: Kyurem-Black","|","|","|switch|p1a: Hydreigon|Hydreigon, F|293/325","|turn|22","|","|move|p1a: Hydreigon|U-turn|p2a: The Court Reporter","|-damage|p2a: The Court Reporter|256/304","|-damage|p1a: Hydreigon|261/325|[from] item: Life Orb","|","|switch|p1a: Goodra|Goodra, F|174/383 brn","|move|p2a: The Court Reporter|Pain Split|p1a: Goodra","|-sethp|p1a: Goodra|215/383 brn|p2a: The Court Reporter|215/304|[from] move: Pain Split","|","|-heal|p2a: The Court Reporter|234/304|[from] item: Leftovers","|-damage|p1a: Goodra|168/383 brn|[from] brn","|turn|23","|","|move|p2a: The Court Reporter|Hydro Pump|p1a: Goodra","|-resisted|p1a: Goodra","|-damage|p1a: Goodra|135/383 brn","|move|p1a: Goodra|Draco Meteor|p2a: The Court Reporter","|-damage|p2a: The Court Reporter|39/304","|-unboost|p1a: Goodra|spa|2","|","|-heal|p2a: The Court Reporter|58/304|[from] item: Leftovers","|-damage|p1a: Goodra|88/383 brn|[from] brn","|turn|24","|","|move|p2a: The Court Reporter|Pain Split|p1a: Goodra","|-sethp|p1a: Goodra|73/383 brn|p2a: The Court Reporter|73/304|[from] move: Pain Split","|move|p1a: Goodra|Sludge Wave|p2a: The Court Reporter","|-damage|p2a: The Court Reporter|19/304","|","|-heal|p2a: The Court Reporter|38/304|[from] item: Leftovers","|-damage|p1a: Goodra|26/383 brn|[from] brn","|turn|25","|","|move|p2a: The Court Reporter|Hydro Pump|p1a: Goodra","|-resisted|p1a: Goodra","|-damage|p1a: Goodra|0 fnt","|faint|p1a: Goodra","|","|-heal|p2a: The Court Reporter|57/304|[from] item: Leftovers","|","|switch|p1a: Hydreigon|Hydreigon, F|261/325","|turn|26","|","|move|p1a: Hydreigon|Dark Pulse|p2a: The Court Reporter","|-damage|p2a: The Court Reporter|0 fnt","|-damage|p1a: Hydreigon|229/325|[from] item: Life Orb","|faint|p2a: The Court Reporter","|","|win|Axis WillWolf"],"p1rating":{"entryid":"468203","serverid":"eos","formatid":"monotype","userid":"axiswillwolf","username":"Axis WillWolf","w":16,"l":"14","t":"0","gxe":55.7,"r":"1535.9522996752","rd":"122.33358662183","sigma":"0","rptime":"1440579600","rpr":1543.6552106604,"rprd":60.082150825297,"rpsigma":"0","acre":1180.5995530569,"lacre":1180.5995530569,"oldacre":"1160.2346158254"},"p2rating":{"entryid":"75443","serverid":"eos","formatid":"monotype","userid":"voidchrono","username":"Void Chrono","w":"4","l":4,"t":"0","gxe":52.9,"r":"1539.4958059245","rd":"104.10735328319","sigma":"0","rptime":"1440579600","rpr":1522.6765643894,"rprd":93.741428171574,"rpsigma":"0","acre":1075.303512374,"lacre":1075.303512374,"oldacre":"1095.0655055922"},"endType":"normal"}