{"seed":[799,58944,65310,15504],"turns":30,"p1":"Emg GL Test Tech","p2":"Apex✦Reborn","p1team":[{"name":"FingerTrap","species":"hoopaunbound","item":"lifeorb","ability":"Magician","moves":["gunkshot","focusblast","psychic","hyperspacefury"],"nature":"Hasty","evs":{"hp":0,"atk":88,"def":0,"spa":168,"spd":0,"spe":252},"ivs":{"hp":31,"atk":31,"def":31,"spa":31,"spd":31,"spe":31}},{"name":"Asuna","species":"gardevoir","item":"gardevoirite","ability":"Trace","moves":["hypervoice","taunt","focusblast","willowisp"],"nature":"Timid","evs":{"hp":4,"atk":0,"def":0,"spa":252,"spd":0,"spe":252},"ivs":{"hp":31,"atk":31,"def":31,"spa":31,"spd":31,"spe":31}},{"name":"Latios","species":"Latios","item":"choicescarf","ability":"Levitate","moves":["dracometeor","trick","psychic","surf"],"nature":"Timid","evs":{"hp":0,"atk":0,"def":0,"spa":252,"spd":4,"spe":252},"ivs":{"hp":31,"atk":31,"def":31,"spa":31,"spd":31,"spe":31}},{"name":"Miracle eye","species":"jirachi","item":"leftovers","ability":"Serene Grace","moves":["thunderwave","ironhead","healingwish","substitute"],"nature":"Careful","evs":{"hp":248,"atk":0,"def":0,"spa":0,"spd":228,"spe":32},"ivs":{"hp":31,"atk":31,"def":31,"spa":31,"spd":31,"spe":31}},{"name":"Bulky ORB","species":"deoxysdefense","item":"leftovers","ability":"Pressure","moves":["nightshade","recover","cosmicpower","toxic"],"nature":"Careful","evs":{"hp":252,"atk":0,"def":128,"spa":0,"spd":128,"spe":0},"ivs":{"hp":31,"atk":31,"def":31,"spa":31,"spd":31,"spe":31}},{"name":"No Duh !!!","species":"slowbro","item":"leftovers","ability":"Regenerator","moves":["scald","slackoff","fireblast","yawn"],"nature":"Bold","evs":{"hp":252,"atk":0,"def":200,"spa":0,"spd":56,"spe":0},"ivs":{"hp":31,"atk":31,"def":31,"spa":31,"spd":31,"spe":31}}],"p2team":[{"name":"Shuckle","species":"Shuckle","item":"mentalherb","ability":"Sturdy","moves":["stickyweb","encore","toxic","stealthrock"],"nature":"Calm","evs":{"hp":248,"atk":0,"def":8,"spa":0,"spd":252,"spe":0},"ivs":{"hp":31,"atk":31,"def":31,"spa":31,"spd":31,"spe":31}},{"name":"Scizor","species":"Scizor","item":"lifeorb","ability":"Technician","moves":["bulletpunch","swordsdance","roost","quickattack"],"nature":"Adamant","evs":{"hp":248,"atk":252,"def":0,"spa":0,"spd":8,"spe":0},"ivs":{"hp":31,"atk":31,"def":31,"spa":31,"spd":31,"spe":31}},{"name":"Volcarona","species":"Volcarona","item":"lifeorb","ability":"Flame Body","moves":["fierydance","roost","hiddenpowerground","quiverdance"],"nature":"Timid","evs":{"hp":4,"atk":0,"def":0,"spa":252,"spd":0,"spe":252},"ivs":{"hp":31,"atk":31,"def":31,"spa":30,"spd":30,"spe":31}},{"name":"Crustle","species":"Crustle","item":"whiteherb","ability":"Sturdy","moves":["xscissor","rockslide","earthquake","shellsmash"],"nature":"Adamant","evs":{"hp":0,"atk":252,"def":0,"spa":0,"spd":4,"spe":252},"ivs":{"hp":31,"atk":31,"def":31,"spa":31,"spd":31,"spe":31}},{"name":"Pinsir","species":"Pinsir","item":"pinsirite","ability":"Moxie","moves":["stoneedge","protect","quickattack","closecombat"],"nature":"Jolly","evs":{"hp":0,"atk":252,"def":0,"spa":0,"spd":4,"spe":252},"happiness":0,"ivs":{"hp":31,"atk":31,"def":31,"spa":31,"spd":31,"spe":31}},{"name":"Escavalier","species":"Escavalier","item":"assaultvest","ability":"Overcoat","moves":["megahorn","ironhead","pursuit","drillrun"],"nature":"","evs":{"hp":0,"atk":0,"def":0,"spa":0,"spd":0,"spe":0},"ivs":{"hp":31,"atk":31,"def":31,"spa":31,"spd":31,"spe":31}}],"log":["|player|p1|Emg GL Test Tech|149","|player|p2|Apex✦Reborn|160","|gametype|singles","|gen|6","|tier|Monotype","|rated","|rule|Baton Pass Clause: Limit one Baton Passer, can't pass Spe and other stats simultaneously","|rule|Swagger Clause: Swagger is banned","|rule|Same Type Clause: Pokémon in a team must share a type","|clearpoke","|poke|p1|Hoopa-Unbound","|poke|p1|Gardevoir, M","|poke|p1|Latios, M","|poke|p1|Jirachi","|poke|p1|Deoxys-Defense","|poke|p1|Slowbro, M","|poke|p2|Shuckle, M","|poke|p2|Scizor, F","|poke|p2|Volcarona, F","|poke|p2|Crustle, M","|poke|p2|Pinsir, F","|poke|p2|Escavalier, F","|rule|Sleep Clause Mod: Limit one foe put to sleep","|rule|Species Clause: Limit one of each Pokémon","|rule|OHKO Clause: OHKO moves are banned","|rule|Moody Clause: Moody is banned","|rule|Evasion Moves Clause: Evasion moves are banned","|rule|Endless Battle Clause: Forcing endless battles is banned","|rule|HP Percentage Mod: HP is shown in percentages","|teampreview","|","|start","|switch|p1a: Asuna|Gardevoir, M|278/278","|switch|p2a: Crustle|Crustle, M|281/281","|-ability|p1a: Asuna|Sturdy|[from] ability: Trace|[of] p2a: Crustle","|turn|1","|","|detailschange|p1a: Asuna|Gardevoir-Mega, M","|-mega|p1a: Asuna|Gardevoir|Gardevoirite","|move|p1a: Asuna|Taunt|p2a: Crustle","|-start|p2a: Crustle|move: Taunt","|cant|p2a: Crustle|move: Taunt|Shell Smash","|","|turn|2","|","|move|p1a: Asuna|Will-O-Wisp|p2a: Crustle","|-status|p2a: Crustle|brn","|move|p2a: Crustle|X-Scissor|p1a: Asuna","|-damage|p1a: Asuna|192/278","|","|-damage|p2a: Crustle|246/281 brn|[from] brn","|turn|3","|","|switch|p1a: Miracle eye|Jirachi|403/403","|switch|p2a: Shuckle|Shuckle, M|243/243","|","|turn|4","|","|switch|p1a: Asuna|Gardevoir-Mega, M|192/278","|move|p2a: Shuckle|Sticky Web|p1a: Asuna","|-sidestart|p1: Emg GL Test Tech|move: Sticky Web","|","|turn|5","|","|move|p1a: Asuna|Taunt|p2a: Shuckle","|-start|p2a: Shuckle|move: Taunt","|-enditem|p2a: Shuckle|Mental Herb","|-end|p2a: Shuckle|move: Attract|[from] item: Mental Herb","|-end|p2a: Shuckle|move: Taunt","|move|p2a: Shuckle|Stealth Rock|p1a: Asuna","|-sidestart|p1: Emg GL Test Tech|move: Stealth Rock","|","|turn|6","|","|move|p1a: Asuna|Will-O-Wisp|p2a: Shuckle|[miss]","|-miss|p1a: Asuna|p2a: Shuckle","|move|p2a: Shuckle|Toxic|p1a: Asuna","|-status|p1a: Asuna|tox","|","|-damage|p1a: Asuna|175/278 tox|[from] psn","|turn|7","|","|move|p1a: Asuna|Hyper Voice|p2a: Shuckle","|-damage|p2a: Shuckle|146/243","|move|p2a: Shuckle|Encore|p1a: Asuna","|-start|p1a: Asuna|Encore","|","|-damage|p1a: Asuna|141/278 tox|[from] psn","|turn|8","|","|switch|p2a: Escavalier|Escavalier, F|281/281","|move|p1a: Asuna|Hyper Voice|p2a: Escavalier","|-resisted|p2a: Escavalier","|-damage|p2a: Escavalier|200/281","|","|-damage|p1a: Asuna|90/278 tox|[from] psn","|turn|9","|","|move|p1a: Asuna|Hyper Voice|p2a: Escavalier","|-resisted|p2a: Escavalier","|-damage|p2a: Escavalier|119/281","|move|p2a: Escavalier|Pursuit|p1a: Asuna","|-damage|p1a: Asuna|34/278 tox","|","|-damage|p1a: Asuna|0 fnt|[from] psn","|faint|p1a: Asuna","|","|switch|p1a: Latios|Latios, M|301/301","|-damage|p1a: Latios|264/301|[from] Stealth Rock","|turn|10","|","|move|p1a: Latios|Trick|p2a: Escavalier","|-activate|p1a: Latios|move: Trick|[of] p2a: Escavalier","|-item|p2a: Escavalier|Choice Scarf|[from] move: Trick","|-item|p1a: Latios|Assault Vest|[from] move: Trick","|move|p2a: Escavalier|Megahorn|p1a: Latios","|-supereffective|p1a: Latios","|-damage|p1a: Latios|0 fnt","|faint|p1a: Latios","|","|","|switch|p1a: Miracle eye|Jirachi|403/403","|-damage|p1a: Miracle eye|378/403|[from] Stealth Rock","|-activate|p1a: Miracle eye|move: Sticky Web","|-unboost|p1a: Miracle eye|spe|1","|turn|11","|","|move|p1a: Miracle eye|Thunder Wave|p2a: Escavalier","|-status|p2a: Escavalier|par","|move|p2a: Escavalier|Megahorn|p1a: Miracle eye","|-damage|p1a: Miracle eye|195/403","|","|-heal|p1a: Miracle eye|220/403|[from] item: Leftovers","|turn|12","|","|move|p1a: Miracle eye|Iron Head|p2a: Escavalier","|-resisted|p2a: Escavalier","|-damage|p2a: Escavalier|70/281 par","|cant|p2a: Escavalier|par","|","|-heal|p1a: Miracle eye|245/403|[from] item: Leftovers","|turn|13","|","|move|p1a: Miracle eye|Iron Head|p2a: Escavalier","|-crit|p2a: Escavalier","|-resisted|p2a: Escavalier","|-damage|p2a: Escavalier|0 fnt","|faint|p2a: Escavalier","|","|-heal|p1a: Miracle eye|270/403|[from] item: Leftovers","|","|switch|p2a: Volcarona|Volcarona, F|312/312","|turn|14","|","|move|p2a: Volcarona|Fiery Dance|p1a: Miracle eye","|-supereffective|p1a: Miracle eye","|-damage|p1a: Miracle eye|0 fnt","|-boost|p2a: Volcarona|spa|1","|-damage|p2a: Volcarona|281/312|[from] item: Life Orb","|faint|p1a: Miracle eye","|","|","|switch|p1a: FingerTrap|Hoopa-Unbound|301/301","|-damage|p1a: FingerTrap|264/301|[from] Stealth Rock","|-activate|p1a: FingerTrap|move: Sticky Web","|-unboost|p1a: FingerTrap|spe|1","|turn|15","|","|move|p2a: Volcarona|Fiery Dance|p1a: FingerTrap","|-damage|p1a: FingerTrap|33/301","|-damage|p2a: Volcarona|250/312|[from] item: Life Orb","|move|p1a: FingerTrap|Gunk Shot|p2a: Volcarona","|-damage|p2a: Volcarona|0 fnt","|-damage|p1a: FingerTrap|3/301|[from] item: Life Orb","|faint|p2a: Volcarona","|","|","|switch|p2a: Scizor|Scizor, F|343/343","|turn|16","|","|move|p2a: Scizor|Bullet Punch|p1a: FingerTrap","|-crit|p1a: FingerTrap","|-damage|p1a: FingerTrap|0 fnt","|-damage|p2a: Scizor|309/343|[from] item: Life Orb","|faint|p1a: FingerTrap","|","|","|switch|p1a: No Duh !!!|Slowbro, M|394/394","|-damage|p1a: No Duh !!!|345/394|[from] Stealth Rock","|-activate|p1a: No Duh !!!|move: Sticky Web","|-unboost|p1a: No Duh !!!|spe|1","|turn|17","|","|move|p2a: Scizor|Swords Dance|p2a: Scizor","|-boost|p2a: Scizor|atk|2","|move|p1a: No Duh !!!|Fire Blast|p2a: Scizor","|-supereffective|p2a: Scizor","|-damage|p2a: Scizor|0 fnt","|faint|p2a: Scizor","|","|-heal|p1a: No Duh !!!|369/394|[from] item: Leftovers","|","|switch|p2a: Crustle|Crustle, M|246/281 brn","|turn|18","|","|move|p2a: Crustle|Shell Smash|p2a: Crustle","|-unboost|p2a: Crustle|def|1","|-unboost|p2a: Crustle|spd|1","|-boost|p2a: Crustle|atk|2","|-boost|p2a: Crustle|spa|2","|-boost|p2a: Crustle|spe|2","|-enditem|p2a: Crustle|White Herb","|-restoreboost|p2a: Crustle|[silent]","|move|p1a: No Duh !!!|Scald|p2a: Crustle","|-supereffective|p2a: Crustle","|-damage|p2a: Crustle|0 fnt","|faint|p2a: Crustle","|","|-heal|p1a: No Duh !!!|393/394|[from] item: Leftovers","|","|switch|p2a: Shuckle|Shuckle, M|146/243","|turn|19","|","|switch|p1a: Bulky ORB|Deoxys-Defense|304/304","|-damage|p1a: Bulky ORB|266/304|[from] Stealth Rock","|-activate|p1a: Bulky ORB|move: Sticky Web","|-unboost|p1a: Bulky ORB|spe|1","|-ability|p1a: Bulky ORB|Pressure","|move|p2a: Shuckle|Toxic|p1a: Bulky ORB","|-status|p1a: Bulky ORB|tox","|","|-heal|p1a: Bulky ORB|285/304 tox|[from] item: Leftovers","|-damage|p1a: Bulky ORB|266/304 tox|[from] psn","|turn|20","|","|move|p1a: Bulky ORB|Toxic|p2a: Shuckle","|-status|p2a: Shuckle|tox","|move|p2a: Shuckle|Encore|p1a: Bulky ORB","|-start|p1a: Bulky ORB|Encore","|","|-heal|p1a: Bulky ORB|285/304 tox|[from] item: Leftovers","|-damage|p1a: Bulky ORB|247/304 tox|[from] psn","|-damage|p2a: Shuckle|131/243 tox|[from] psn","|turn|21","|","|switch|p2a: Pinsir|Pinsir, F|271/271","|move|p1a: Bulky ORB|Toxic|p2a: Pinsir|[miss]","|-miss|p1a: Bulky ORB|p2a: Pinsir","|","|-heal|p1a: Bulky ORB|266/304 tox|[from] item: Leftovers","|-damage|p1a: Bulky ORB|209/304 tox|[from] psn","|turn|22","|","|switch|p2a: Shuckle|Shuckle, M|131/243 tox","|switch|p1a: No Duh !!!|Slowbro, M|394/394","|-activate|p1a: No Duh !!!|move: Sticky Web","|-unboost|p1a: No Duh !!!|spe|1","|-damage|p1a: No Duh !!!|345/394|[from] Stealth Rock","|","|-heal|p1a: No Duh !!!|369/394|[from] item: Leftovers","|-damage|p2a: Shuckle|116/243 tox|[from] psn","|turn|23","|","|switch|p1a: Bulky ORB|Deoxys-Defense|209/304 tox","|-activate|p1a: Bulky ORB|move: Sticky Web","|-unboost|p1a: Bulky ORB|spe|1","|-damage|p1a: Bulky ORB|171/304 tox|[from] Stealth Rock","|-ability|p1a: Bulky ORB|Pressure","|move|p2a: Shuckle|Toxic|p1a: Bulky ORB","|-fail|p1a: Bulky ORB|tox","|","|-heal|p1a: Bulky ORB|190/304 tox|[from] item: Leftovers","|-damage|p1a: Bulky ORB|171/304 tox|[from] psn","|-damage|p2a: Shuckle|86/243 tox|[from] psn","|turn|24","|","|move|p1a: Bulky ORB|Cosmic Power|p1a: Bulky ORB","|-boost|p1a: Bulky ORB|def|1","|-boost|p1a: Bulky ORB|spd|1","|move|p2a: Shuckle|Toxic|p1a: Bulky ORB|[miss]","|-miss|p2a: Shuckle|p1a: Bulky ORB","|","|-heal|p1a: Bulky ORB|190/304 tox|[from] item: Leftovers","|-damage|p1a: Bulky ORB|152/304 tox|[from] psn","|-damage|p2a: Shuckle|41/243 tox|[from] psn","|turn|25","|","|switch|p2a: Pinsir|Pinsir, F|271/271","|move|p1a: Bulky ORB|Night Shade|p2a: Pinsir","|-damage|p2a: Pinsir|171/271","|","|-heal|p1a: Bulky ORB|171/304 tox|[from] item: Leftovers","|-damage|p1a: Bulky ORB|114/304 tox|[from] psn","|turn|26","|","|move|p2a: Pinsir|Protect|p2a: Pinsir","|-singleturn|p2a: Pinsir|Protect","|move|p1a: Bulky ORB|Toxic|p2a: Pinsir","|-activate|p2a: Pinsir|Protect","|","|-heal|p1a: Bulky ORB|133/304 tox|[from] item: Leftovers","|-damage|p1a: Bulky ORB|57/304 tox|[from] psn","|turn|27","|","|move|p2a: Pinsir|Close Combat|p1a: Bulky ORB","|-resisted|p1a: Bulky ORB","|-damage|p1a: Bulky ORB|31/304 tox","|-unboost|p2a: Pinsir|def|1","|-unboost|p2a: Pinsir|spd|1","|move|p1a: Bulky ORB|Recover|p1a: Bulky ORB","|-heal|p1a: Bulky ORB|183/304 tox","|","|-heal|p1a: Bulky ORB|202/304 tox|[from] item: Leftovers","|-damage|p1a: Bulky ORB|107/304 tox|[from] psn","|turn|28","|","|move|p2a: Pinsir|Protect|p2a: Pinsir","|-singleturn|p2a: Pinsir|Protect","|move|p1a: Bulky ORB|Night Shade|p2a: Pinsir","|-activate|p2a: Pinsir|Protect","|","|-heal|p1a: Bulky ORB|126/304 tox|[from] item: Leftovers","|-damage|p1a: Bulky ORB|12/304 tox|[from] psn","|turn|29","|","|switch|p1a: No Duh !!!|Slowbro, M|394/394","|-activate|p1a: No Duh !!!|move: Sticky Web","|-unboost|p1a: No Duh !!!|spe|1","|-damage|p1a: No Duh !!!|345/394|[from] Stealth Rock","|move|p2a: Pinsir|Quick Attack|p1a: No Duh !!!","|-damage|p1a: No Duh !!!|315/394","|","|-heal|p1a: No Duh !!!|339/394|[from] item: Leftovers","|turn|30","|","|detailschange|p2a: Pinsir|Pinsir-Mega, F","|-mega|p2a: Pinsir|Pinsir|Pinsirite","|move|p2a: Pinsir|Quick Attack|p1a: No Duh !!!","|-crit|p1a: No Duh !!!","|-damage|p1a: No Duh !!!|230/394","|move|p1a: No Duh !!!|Fire Blast|p2a: Pinsir","|-crit|p2a: Pinsir","|-supereffective|p2a: Pinsir","|-damage|p2a: Pinsir|0 fnt","|faint|p2a: Pinsir","|","|-heal|p1a: No Duh !!!|254/394|[from] item: Leftovers","|","|win|Emg GL Test Tech"],"p1rating":{"entryid":"437770","serverid":"eos","formatid":"monotype","userid":"emggltesttech","username":"Emg GL Test Tech","w":3,"l":"1","t":"0","gxe":58,"r":"1543.9237951074","rd":"111.00780181906","sigma":"0","rptime":"1440579600","rpr":1563.8055695342,"rprd":106.86107378607,"rpsigma":"0","acre":1106.0932083389,"lacre":1106.0932083389,"oldacre":"1084.418966321"},"p2rating":{"entryid":"473409","serverid":"eos","formatid":"monotype","userid":"apexreborn","username":"Apex✦Reborn","w":"1","l":7,"t":"0","gxe":34.5,"r":"1405.6817314087","rd":"111.14572742551","sigma":"0","rptime":"1440579600","rpr":1374.8210432156,"rprd":93.643061008017,"rpsigma":"0","acre":1002.1074529856,"lacre":1002.1074529856,"oldacre":"1011.3905993376"},"endType":"forfeit"}