{"seed":[44066,44140,30954,59069],"turns":36,"p1":"Neowulf","p2":"Guard Quilluminati","p1team":[{"name":"Lopunny","species":"Lopunny","item":"lopunnite","ability":"Limber","moves":["fakeout","return","icepunch","highjumpkick"],"nature":"Jolly","evs":{"hp":0,"atk":252,"def":0,"spa":0,"spd":4,"spe":252},"ivs":{"hp":31,"atk":31,"def":31,"spa":31,"spd":31,"spe":31}},{"name":"Chansey","species":"Chansey","item":"eviolite","ability":"Natural Cure","moves":["aromatherapy","thunderwave","seismictoss","softboiled"],"nature":"Bold","evs":{"hp":224,"atk":0,"def":252,"spa":0,"spd":32,"spe":0},"ivs":{"hp":31,"atk":31,"def":31,"spa":31,"spd":31,"spe":31}},{"name":"Porygon2","species":"Porygon2","item":"eviolite","ability":"Download","moves":["thunderwave","icebeam","recover","triattack"],"nature":"Bold","evs":{"hp":236,"atk":0,"def":252,"spa":0,"spd":20,"spe":0},"ivs":{"hp":31,"atk":31,"def":31,"spa":31,"spd":31,"spe":31}},{"name":"Swellow","species":"Swellow","item":"flameorb","ability":"Guts","moves":["bravebird","uturn","roost","return"],"nature":"Jolly","evs":{"hp":0,"atk":252,"def":0,"spa":0,"spd":4,"spe":252},"ivs":{"hp":31,"atk":31,"def":31,"spa":31,"spd":31,"spe":31}},{"name":"Ditto","species":"Ditto","item":"choicescarf","ability":"Imposter","moves":["transform"],"nature":"Serious","evs":{"hp":252,"atk":0,"def":0,"spa":0,"spd":4,"spe":252},"ivs":{"hp":31,"atk":31,"def":31,"spa":31,"spd":31,"spe":31}},{"name":"Heliolisk","species":"Heliolisk","item":"choicespecs","ability":"Dry Skin","moves":["thunderbolt","voltswitch","surf","hypervoice"],"nature":"Timid","evs":{"hp":0,"atk":0,"def":0,"spa":252,"spd":4,"spe":252},"ivs":{"hp":31,"atk":31,"def":31,"spa":31,"spd":31,"spe":31}}],"p2team":[{"name":"Aggron","species":"Aggron","item":"aggronite","ability":"Sturdy","moves":["heavyslam","curse","rest","sleeptalk"],"nature":"Impish","evs":{"hp":252,"atk":0,"def":16,"spa":0,"spd":240,"spe":0},"shiny":true,"ivs":{"hp":31,"atk":31,"def":31,"spa":31,"spd":31,"spe":31}},{"name":"Aerodactyl","species":"Aerodactyl","item":"focussash","ability":"Rock Head","moves":["aerialace","honeclaws","stoneedge","firefang"],"nature":"Jolly","evs":{"hp":0,"atk":252,"def":0,"spa":0,"spd":4,"spe":252},"ivs":{"hp":31,"atk":31,"def":31,"spa":31,"spd":31,"spe":31}},{"name":"Cradily","species":"Cradily","item":"rockyhelmet","ability":"Storm Drain","moves":["gigadrain","stockpile","recover","toxic"],"nature":"Calm","evs":{"hp":44,"atk":0,"def":216,"spa":48,"spd":140,"spe":60},"ivs":{"hp":31,"atk":31,"def":31,"spa":31,"spd":31,"spe":31}},{"name":"Tyranitar","species":"Tyranitar","item":"assaultvest","ability":"Sand Stream","moves":["fireblast","crunch","earthquake","stoneedge"],"nature":"Naughty","evs":{"hp":252,"atk":152,"def":0,"spa":104,"spd":0,"spe":0},"ivs":{"hp":31,"atk":31,"def":31,"spa":31,"spd":31,"spe":31}},{"name":"Terrakion","species":"Terrakion","item":"choicescarf","ability":"Justified","moves":["closecombat","earthquake","ironhead","stoneedge"],"nature":"Jolly","evs":{"hp":0,"atk":252,"def":0,"spa":0,"spd":4,"spe":252},"ivs":{"hp":31,"atk":31,"def":31,"spa":31,"spd":31,"spe":31}},{"name":"Omastar","species":"Omastar","item":"focussash","ability":"Shell Armor","moves":["shellsmash","icebeam","surf","earthpower"],"nature":"Modest","evs":{"hp":0,"atk":0,"def":0,"spa":252,"spd":4,"spe":252},"ivs":{"hp":31,"atk":31,"def":31,"spa":31,"spd":31,"spe":31}}],"log":["|player|p1|Neowulf|143","|player|p2|Guard Quilluminati|80","|gametype|singles","|gen|6","|tier|Monotype","|rated","|rule|Baton Pass Clause: Limit one Baton Passer, can't pass Spe and other stats simultaneously","|rule|Swagger Clause: Swagger is banned","|rule|Same Type Clause: Pokémon in a team must share a type","|clearpoke","|poke|p1|Lopunny, F","|poke|p1|Chansey, F","|poke|p1|Porygon2","|poke|p1|Swellow, M","|poke|p1|Ditto","|poke|p1|Heliolisk, M","|poke|p2|Aggron, M, shiny","|poke|p2|Aerodactyl, F","|poke|p2|Cradily, M","|poke|p2|Tyranitar, M","|poke|p2|Terrakion","|poke|p2|Omastar, F","|rule|Sleep Clause Mod: Limit one foe put to sleep","|rule|Species Clause: Limit one of each Pokémon","|rule|OHKO Clause: OHKO moves are banned","|rule|Moody Clause: Moody is banned","|rule|Evasion Moves Clause: Evasion moves are banned","|rule|Endless Battle Clause: Forcing endless battles is banned","|rule|HP Percentage Mod: HP is shown in percentages","|teampreview","|","|start","|switch|p1a: Lopunny|Lopunny, F|271/271","|switch|p2a: Omastar|Omastar, F|281/281","|turn|1","|","|detailschange|p1a: Lopunny|Lopunny-Mega, F","|-mega|p1a: Lopunny|Lopunny|Lopunnite","|move|p1a: Lopunny|Fake Out|p2a: Omastar","|-resisted|p2a: Omastar","|-damage|p2a: Omastar|248/281","|cant|p2a: Omastar|flinch","|","|turn|2","|","|move|p1a: Lopunny|High Jump Kick|p2a: Omastar","|-supereffective|p2a: Omastar","|-damage|p2a: Omastar|0 fnt","|faint|p2a: Omastar","|","|","|switch|p2a: Terrakion|Terrakion|323/323","|turn|3","|","|switch|p1a: Porygon2|Porygon2|370/370","|-boost|p1a: Porygon2|atk|1|[from] ability: Download","|move|p2a: Terrakion|Close Combat|p1a: Porygon2","|-supereffective|p1a: Porygon2","|-damage|p1a: Porygon2|166/370","|-unboost|p2a: Terrakion|def|1","|-unboost|p2a: Terrakion|spd|1","|","|turn|4","|","|move|p2a: Terrakion|Close Combat|p1a: Porygon2","|-supereffective|p1a: Porygon2","|-damage|p1a: Porygon2|0 fnt","|-unboost|p2a: Terrakion|def|1","|-unboost|p2a: Terrakion|spd|1","|faint|p1a: Porygon2","|","|","|switch|p1a: Chansey|Chansey, F|697/697","|turn|5","|","|switch|p2a: Aggron|Aggron, M, shiny|344/344","|move|p1a: Chansey|Thunder Wave|p2a: Aggron","|-status|p2a: Aggron|par","|","|turn|6","|","|switch|p1a: Heliolisk|Heliolisk, M|265/265","|detailschange|p2a: Aggron|Aggron-Mega, M, shiny","|-mega|p2a: Aggron|Aggron|Aggronite","|move|p2a: Aggron|Curse|p2a: Aggron","|-unboost|p2a: Aggron|spe|1","|-boost|p2a: Aggron|atk|1","|-boost|p2a: Aggron|def|1","|","|turn|7","|","|switch|p2a: Cradily|Cradily, M|324/324","|move|p1a: Heliolisk|Thunderbolt|p2a: Cradily","|-resisted|p2a: Cradily","|-damage|p2a: Cradily|248/324","|","|turn|8","|","|switch|p1a: Ditto|Ditto|300/300","|-transform|p1a: Ditto|p2a: Cradily","|move|p2a: Cradily|Toxic|p1a: Ditto","|-status|p1a: Ditto|tox","|","|-damage|p1a: Ditto|282/300 tox|[from] psn","|turn|9","|","|switch|p2a: Aggron|Aggron-Mega, M, shiny|344/344 par","|move|p1a: Ditto|Toxic|p2a: Aggron","|-fail|p2a: Aggron","|","|-damage|p1a: Ditto|246/300 tox|[from] psn","|turn|10","|","|switch|p1a: Heliolisk|Heliolisk, M|265/265","|cant|p2a: Aggron|par","|","|turn|11","|","|switch|p2a: Tyranitar|Tyranitar, M|404/404","|-weather|Sandstorm","|move|p1a: Heliolisk|Volt Switch|p2a: Tyranitar","|-damage|p2a: Tyranitar|328/404","|","|switch|p1a: Lopunny|Lopunny-Mega, F|271/271","|","|-weather|Sandstorm|[upkeep]","|-damage|p1a: Lopunny|255/271|[from] sandstorm","|turn|12","|","|switch|p2a: Cradily|Cradily, M|248/324","|move|p1a: Lopunny|High Jump Kick|p2a: Cradily","|-supereffective|p2a: Cradily","|-damage|p2a: Cradily|0 fnt","|-damage|p1a: Lopunny|210/271|[from] item: Rocky Helmet|[of] p2a: Cradily","|faint|p2a: Cradily","|","|-weather|Sandstorm|[upkeep]","|-damage|p1a: Lopunny|194/271|[from] sandstorm","|","|switch|p2a: Terrakion|Terrakion|323/323","|turn|13","|","|switch|p1a: Swellow|Swellow, M|261/261","|move|p2a: Terrakion|Close Combat|p1a: Swellow","|-damage|p1a: Swellow|0 fnt","|-unboost|p2a: Terrakion|def|1","|-unboost|p2a: Terrakion|spd|1","|faint|p1a: Swellow","|","|-weather|Sandstorm|[upkeep]","|","|switch|p1a: Ditto|Ditto|246/300 tox","|-transform|p1a: Ditto|p2a: Terrakion","|turn|14","|","|move|p1a: Ditto|Close Combat|p2a: Terrakion","|-supereffective|p2a: Terrakion","|-damage|p2a: Terrakion|0 fnt","|-unboost|p1a: Ditto|def|1","|-unboost|p1a: Ditto|spd|1","|faint|p2a: Terrakion","|","|-weather|Sandstorm|[upkeep]","|-damage|p1a: Ditto|228/300 tox|[from] psn","|","|switch|p2a: Aggron|Aggron-Mega, M, shiny|344/344 par","|turn|15","|","|switch|p1a: Heliolisk|Heliolisk, M|265/265","|cant|p2a: Aggron|par","|","|-weather|none","|turn|16","|","|move|p1a: Heliolisk|Surf|p2a: Aggron","|-damage|p2a: Aggron|202/344 par","|move|p2a: Aggron|Heavy Slam|p1a: Heliolisk","|-resisted|p1a: Heliolisk","|-damage|p1a: Heliolisk|94/265","|","|turn|17","|","|switch|p2a: Tyranitar|Tyranitar, M|328/404","|-weather|Sandstorm","|move|p1a: Heliolisk|Surf|p2a: Tyranitar","|-supereffective|p2a: Tyranitar","|-damage|p2a: Tyranitar|178/404","|","|-weather|Sandstorm|[upkeep]","|-damage|p1a: Heliolisk|78/265|[from] sandstorm","|turn|18","|","|move|p1a: Heliolisk|Surf|p2a: Tyranitar","|-supereffective|p2a: Tyranitar","|-damage|p2a: Tyranitar|38/404","|move|p2a: Tyranitar|Earthquake|p1a: Heliolisk","|-supereffective|p1a: Heliolisk","|-damage|p1a: Heliolisk|0 fnt","|faint|p1a: Heliolisk","|","|-weather|Sandstorm|[upkeep]","|","|switch|p1a: Chansey|Chansey, F|697/697","|turn|19","|","|move|p2a: Tyranitar|Crunch|p1a: Chansey","|-damage|p1a: Chansey|511/697","|move|p1a: Chansey|Seismic Toss|p2a: Tyranitar","|-damage|p2a: Tyranitar|0 fnt","|faint|p2a: Tyranitar","|","|-weather|Sandstorm|[upkeep]","|-damage|p1a: Chansey|468/697|[from] sandstorm","|","|switch|p2a: Aggron|Aggron-Mega, M, shiny|202/344 par","|turn|20","|","|move|p1a: Chansey|Aromatherapy|p1a: Chansey","|-cureteam|p1a: Chansey|[from] move: Aromatherapy","|cant|p2a: Aggron|par","|","|-weather|Sandstorm|[upkeep]","|-damage|p1a: Chansey|425/697|[from] sandstorm","|turn|21","|","|switch|p1a: Ditto|Ditto|228/300","|-transform|p1a: Ditto|p2a: Aggron","|switch|p2a: Aerodactyl|Aerodactyl, F|301/301","|","|-weather|none","|turn|22","|","|move|p2a: Aerodactyl|Hone Claws|p2a: Aerodactyl","|-boost|p2a: Aerodactyl|atk|1","|-boost|p2a: Aerodactyl|accuracy|1","|move|p1a: Ditto|Heavy Slam|p2a: Aerodactyl","|-crit|p2a: Aerodactyl","|-supereffective|p2a: Aerodactyl","|-enditem|p2a: Aerodactyl|Focus Sash","|-damage|p2a: Aerodactyl|1/301","|","|turn|23","|","|switch|p1a: Chansey|Chansey, F|425/697","|move|p2a: Aerodactyl|Fire Fang|p1a: Chansey","|-damage|p1a: Chansey|303/697","|-status|p1a: Chansey|brn","|","|-damage|p1a: Chansey|216/697 brn|[from] brn","|turn|24","|","|move|p2a: Aerodactyl|Stone Edge|p1a: Chansey","|-damage|p1a: Chansey|0 fnt","|faint|p1a: Chansey","|","|","|switch|p1a: Lopunny|Lopunny-Mega, F|194/271","|turn|25","|","|move|p1a: Lopunny|Fake Out|p2a: Aerodactyl","|-resisted|p2a: Aerodactyl","|-damage|p2a: Aerodactyl|0 fnt","|faint|p2a: Aerodactyl","|","|","|switch|p2a: Aggron|Aggron-Mega, M, shiny|202/344 par","|turn|26","|","|move|p1a: Lopunny|High Jump Kick|p2a: Aggron","|-supereffective|p2a: Aggron","|-damage|p2a: Aggron|49/344 par","|cant|p2a: Aggron|par","|","|turn|27","|","|move|p1a: Lopunny|High Jump Kick|p2a: Aggron|[miss]","|-miss|p1a: Lopunny|p2a: Aggron","|-damage|p1a: Lopunny|59/271|[from] highjumpkick","|move|p2a: Aggron|Rest|p2a: Aggron","|-status|p2a: Aggron|slp","|-heal|p2a: Aggron|344/344 slp|[silent]","|-status|p2a: Aggron|slp|[from] move: Rest","|","|turn|28","|","|move|p1a: Lopunny|High Jump Kick|p2a: Aggron|[miss]","|-miss|p1a: Lopunny|p2a: Aggron","|-damage|p1a: Lopunny|0 fnt|[from] highjumpkick","|faint|p1a: Lopunny","|cant|p2a: Aggron|slp","|move|p2a: Aggron|Sleep Talk|p2a: Aggron","|move|p2a: Aggron|Curse|p2a: Aggron|[from]Sleep Talk","|-unboost|p2a: Aggron|spe|1","|-boost|p2a: Aggron|atk|1","|-boost|p2a: Aggron|def|1","|","|","|switch|p1a: Ditto|Ditto|228/300","|-transform|p1a: Ditto|p2a: Aggron","|turn|29","|","|move|p1a: Ditto|Heavy Slam|p2a: Aggron","|-resisted|p2a: Aggron","|-damage|p2a: Aggron|330/344 slp","|cant|p2a: Aggron|slp","|move|p2a: Aggron|Sleep Talk|p2a: Aggron","|move|p2a: Aggron|Rest|p2a: Aggron|[from]Sleep Talk","|-fail|p2a: Aggron","|","|turn|30","|","|move|p1a: Ditto|Heavy Slam|p2a: Aggron","|-resisted|p2a: Aggron","|-damage|p2a: Aggron|316/344 slp","|-curestatus|p2a: Aggron|slp","|move|p2a: Aggron|Sleep Talk|p2a: Aggron","|-fail|p2a: Aggron","|","|turn|31","|","|move|p1a: Ditto|Heavy Slam|p2a: Aggron","|-resisted|p2a: Aggron","|-damage|p2a: Aggron|303/344","|move|p2a: Aggron|Curse|p2a: Aggron","|-unboost|p2a: Aggron|spe|1","|-boost|p2a: Aggron|atk|1","|-boost|p2a: Aggron|def|1","|","|turn|32","|","|move|p1a: Ditto|Heavy Slam|p2a: Aggron","|-resisted|p2a: Aggron","|-damage|p2a: Aggron|293/344","|move|p2a: Aggron|Curse|p2a: Aggron","|-unboost|p2a: Aggron|spe|1","|-boost|p2a: Aggron|atk|1","|-boost|p2a: Aggron|def|1","|","|turn|33","|","|move|p1a: Ditto|Heavy Slam|p2a: Aggron","|-resisted|p2a: Aggron","|-damage|p2a: Aggron|284/344","|move|p2a: Aggron|Curse|p2a: Aggron","|-unboost|p2a: Aggron|spe|1","|-boost|p2a: Aggron|atk|1","|-boost|p2a: Aggron|def|1","|","|turn|34","|","|-activate|p1a: Ditto|move: Struggle","|move|p1a: Ditto|Struggle|p2a: Aggron","|-damage|p2a: Aggron|271/344","|-damage|p1a: Ditto|153/300|[from] recoil","|move|p2a: Aggron|Curse|p2a: Aggron","|-unboost|p2a: Aggron|spe|1","|-boost|p2a: Aggron|atk|1","|-boost|p2a: Aggron|def|1","|","|turn|35","|","|-activate|p1a: Ditto|move: Struggle","|move|p1a: Ditto|Struggle|p2a: Aggron","|-damage|p2a: Aggron|261/344","|-damage|p1a: Ditto|78/300|[from] recoil","|move|p2a: Aggron|Heavy Slam|p1a: Ditto","|-resisted|p1a: Ditto","|-damage|p1a: Ditto|45/300","|","|turn|36","|","|-activate|p1a: Ditto|move: Struggle","|move|p1a: Ditto|Struggle|p2a: Aggron","|-damage|p2a: Aggron|250/344","|-damage|p1a: Ditto|0 fnt|[from] recoil","|faint|p1a: Ditto","|","|win|Guard Quilluminati"],"p1rating":{"entryid":"94659","serverid":"eos","formatid":"monotype","userid":"neowulf","username":"Neowulf","w":"14","l":5,"t":"0","gxe":66,"r":"1623.1697501393","rd":"76.326309598821","sigma":"0","rptime":"1440579600","rpr":1627.6527794141,"rprd":71.939203516544,"rpsigma":"0","acre":1229.4539994177,"lacre":1229.4539994177,"oldacre":"1267.9866532063"},"p2rating":{"entryid":"265729","serverid":"eos","formatid":"monotype","userid":"guardquilluminati","username":"Guard Quilluminati","w":8,"l":"10","t":"0","gxe":50.2,"r":"1539.0863927628","rd":"80.242673954806","sigma":"0","rptime":"1440579600","rpr":1501.252005455,"rprd":73.925734129824,"rpsigma":"0","acre":1105.8125481902,"lacre":1105.8125481902,"oldacre":"1057.4402548505"},"endType":"normal"}