{"seed":[16777,58143,47620,54999],"turns":22,"p1":"key7","p2":"GTX♅Jhulez","p1team":[{"name":"Aggron","species":"Aggron","item":"lifeorb","ability":"Rock Head","moves":["rockpolish","headsmash","ironhead","earthquake"],"nature":"Adamant","evs":{"hp":0,"atk":252,"def":0,"spa":0,"spd":4,"spe":252},"ivs":{"hp":31,"atk":31,"def":31,"spa":31,"spd":31,"spe":31}},{"name":"Scizor","species":"Scizor","item":"scizorite","ability":"Technician","moves":["swordsdance","xscissor","bulletpunch","roost"],"nature":"Adamant","evs":{"hp":248,"atk":252,"def":0,"spa":0,"spd":8,"spe":0},"ivs":{"hp":31,"atk":31,"def":31,"spa":31,"spd":31,"spe":31}},{"name":"Lucario","species":"Lucario","item":"focussash","ability":"Inner Focus","moves":["nastyplot","aurasphere","flashcannon","vacuumwave"],"nature":"Timid","evs":{"hp":0,"atk":0,"def":0,"spa":252,"spd":4,"spe":252},"ivs":{"hp":31,"atk":31,"def":31,"spa":31,"spd":31,"spe":31}},{"name":"Heatran","species":"Heatran","item":"airballoon","ability":"Flash Fire","moves":["fireblast","flashcannon","earthpower","protect"],"nature":"Modest","evs":{"hp":240,"atk":0,"def":0,"spa":252,"spd":8,"spe":8},"ivs":{"hp":31,"atk":31,"def":31,"spa":31,"spd":31,"spe":31}},{"name":"Skarmory","species":"Skarmory","item":"leftovers","ability":"Sturdy","moves":["spikes","toxic","protect","bravebird"],"nature":"Impish","evs":{"hp":252,"atk":0,"def":232,"spa":0,"spd":0,"spe":24},"ivs":{"hp":31,"atk":31,"def":31,"spa":31,"spd":31,"spe":31}},{"name":"Registeel","species":"Registeel","item":"leftovers","ability":"Clear Body","moves":["stealthrock","protect","toxic","seismictoss"],"nature":"Calm","evs":{"hp":252,"atk":0,"def":4,"spa":0,"spd":252,"spe":0},"ivs":{"hp":31,"atk":31,"def":31,"spa":31,"spd":31,"spe":31}}],"p2team":[{"name":"Politoed","species":"Politoed","item":"leftovers","ability":"Drizzle","moves":["scald","toxic","protect","raindance"],"nature":"Bold","evs":{"hp":252,"atk":0,"def":252,"spa":4,"spd":0,"spe":0},"ivs":{"hp":31,"atk":31,"def":31,"spa":31,"spd":31,"spe":31}},{"name":"Azumarill","species":"Azumarill","item":"choiceband","ability":"Huge Power","moves":["aquajet","waterfall","playrough","superpower"],"nature":"Adamant","evs":{"hp":252,"atk":252,"def":0,"spa":0,"spd":4,"spe":0},"ivs":{"hp":31,"atk":31,"def":31,"spa":31,"spd":31,"spe":31}},{"name":"Rotom-Wash","species":"Rotom-Wash","item":"choicescarf","ability":"Levitate","moves":["voltswitch","hydropump","willowisp","trick"],"nature":"Modest","evs":{"hp":232,"atk":0,"def":0,"spa":56,"spd":0,"spe":220},"ivs":{"hp":31,"atk":31,"def":31,"spa":31,"spd":31,"spe":31}},{"name":"Manaphy","species":"Manaphy","item":"leftovers","ability":"Hydration","moves":["tailglow","surf","icebeam","energyball"],"nature":"Timid","evs":{"hp":0,"atk":0,"def":0,"spa":252,"spd":4,"spe":252},"ivs":{"hp":31,"atk":31,"def":31,"spa":31,"spd":31,"spe":31}},{"name":"Gyarados","species":"Gyarados","item":"gyaradosite","ability":"Intimidate","moves":["dragondance","waterfall","earthquake","icefang"],"nature":"Adamant","evs":{"hp":4,"atk":252,"def":0,"spa":0,"spd":0,"spe":252},"ivs":{"hp":31,"atk":31,"def":31,"spa":31,"spd":31,"spe":31}},{"name":"Lanturn","species":"Lanturn","item":"leftovers","ability":"Volt Absorb","moves":["voltswitch","scald","thunderwave","healbell"],"nature":"Bold","evs":{"hp":252,"atk":0,"def":252,"spa":4,"spd":0,"spe":0},"ivs":{"hp":31,"atk":31,"def":31,"spa":31,"spd":31,"spe":31}}],"log":["|player|p1|key7|key7.png","|player|p2|GTX♅Jhulez|281","|gametype|singles","|gen|6","|tier|Monotype","|rated","|rule|Baton Pass Clause: Limit one Baton Passer, can't pass Spe and other stats simultaneously","|rule|Swagger Clause: Swagger is banned","|rule|Same Type Clause: Pokémon in a team must share a type","|clearpoke","|poke|p1|Aggron, M","|poke|p1|Scizor, M","|poke|p1|Lucario, F","|poke|p1|Heatran, F","|poke|p1|Skarmory, F","|poke|p1|Registeel","|poke|p2|Politoed, F","|poke|p2|Azumarill, M","|poke|p2|Rotom-Wash","|poke|p2|Manaphy","|poke|p2|Gyarados, M","|poke|p2|Lanturn, M","|rule|Sleep Clause Mod: Limit one foe put to sleep","|rule|Species Clause: Limit one of each Pokémon","|rule|OHKO Clause: OHKO moves are banned","|rule|Moody Clause: Moody is banned","|rule|Evasion Moves Clause: Evasion moves are banned","|rule|Endless Battle Clause: Forcing endless battles is banned","|rule|HP Percentage Mod: HP is shown in percentages","|teampreview","|","|start","|switch|p1a: Registeel|Registeel|364/364","|switch|p2a: Politoed|Politoed, F|384/384","|-weather|RainDance","|turn|1","|","|move|p2a: Politoed|Scald|p1a: Registeel","|-damage|p1a: Registeel|291/364","|-status|p1a: Registeel|brn","|move|p1a: Registeel|Toxic|p2a: Politoed","|-status|p2a: Politoed|tox","|","|-weather|RainDance|[upkeep]","|-heal|p1a: Registeel|313/364 brn|[from] item: Leftovers","|-damage|p2a: Politoed|360/384 tox|[from] psn","|-damage|p1a: Registeel|268/364 brn|[from] brn","|turn|2","|","|switch|p2a: Lanturn|Lanturn, M|454/454","|move|p1a: Registeel|Stealth Rock|p2a: Lanturn","|-sidestart|p2: GTX♅Jhulez|move: Stealth Rock","|","|-weather|RainDance|[upkeep]","|-heal|p1a: Registeel|290/364 brn|[from] item: Leftovers","|-damage|p1a: Registeel|245/364 brn|[from] brn","|turn|3","|","|move|p2a: Lanturn|Heal Bell|p2a: Lanturn","|-cureteam|p2a: Lanturn|[from] move: HealBell","|move|p1a: Registeel|Seismic Toss|p2a: Lanturn","|-damage|p2a: Lanturn|354/454","|","|-weather|RainDance|[upkeep]","|-heal|p2a: Lanturn|382/454|[from] item: Leftovers","|-heal|p1a: Registeel|267/364 brn|[from] item: Leftovers","|-damage|p1a: Registeel|222/364 brn|[from] brn","|turn|4","|","|move|p2a: Lanturn|Scald|p1a: Registeel","|-crit|p1a: Registeel","|-damage|p1a: Registeel|131/364 brn","|move|p1a: Registeel|Toxic|p2a: Lanturn","|-status|p2a: Lanturn|tox","|","|-weather|RainDance|[upkeep]","|-heal|p2a: Lanturn|410/454 tox|[from] item: Leftovers","|-heal|p1a: Registeel|153/364 brn|[from] item: Leftovers","|-damage|p2a: Lanturn|382/454 tox|[from] psn","|-damage|p1a: Registeel|108/364 brn|[from] brn","|turn|5","|","|move|p2a: Lanturn|Heal Bell|p2a: Lanturn","|-cureteam|p2a: Lanturn|[from] move: HealBell","|move|p1a: Registeel|Seismic Toss|p2a: Lanturn","|-damage|p2a: Lanturn|282/454","|","|-weather|none","|-heal|p2a: Lanturn|310/454|[from] item: Leftovers","|-heal|p1a: Registeel|130/364 brn|[from] item: Leftovers","|-damage|p1a: Registeel|85/364 brn|[from] brn","|turn|6","|","|move|p2a: Lanturn|Volt Switch|p1a: Registeel","|-damage|p1a: Registeel|49/364 brn","|","|switch|p2a: Politoed|Politoed, F|360/384","|-damage|p2a: Politoed|312/384|[from] Stealth Rock","|-weather|RainDance","|move|p1a: Registeel|Toxic|p2a: Politoed","|-status|p2a: Politoed|tox","|","|-weather|RainDance|[upkeep]","|-heal|p2a: Politoed|336/384 tox|[from] item: Leftovers","|-heal|p1a: Registeel|71/364 brn|[from] item: Leftovers","|-damage|p2a: Politoed|312/384 tox|[from] psn","|-damage|p1a: Registeel|26/364 brn|[from] brn","|turn|7","|","|move|p2a: Politoed|Protect|p2a: Politoed","|-singleturn|p2a: Politoed|Protect","|move|p1a: Registeel|Seismic Toss|p2a: Politoed","|-activate|p2a: Politoed|Protect","|","|-weather|RainDance|[upkeep]","|-heal|p2a: Politoed|336/384 tox|[from] item: Leftovers","|-heal|p1a: Registeel|48/364 brn|[from] item: Leftovers","|-damage|p2a: Politoed|288/384 tox|[from] psn","|-damage|p1a: Registeel|3/364 brn|[from] brn","|turn|8","|","|switch|p2a: Rotom-Wash|Rotom-Wash|299/299","|-damage|p2a: Rotom-Wash|262/299|[from] Stealth Rock","|move|p1a: Registeel|Seismic Toss|p2a: Rotom-Wash","|-damage|p2a: Rotom-Wash|162/299","|","|-weather|RainDance|[upkeep]","|-heal|p1a: Registeel|25/364 brn|[from] item: Leftovers","|-damage|p1a: Registeel|0 fnt|[from] brn","|faint|p1a: Registeel","|","|switch|p1a: Lucario|Lucario, F|281/281","|turn|9","|","|move|p2a: Rotom-Wash|Trick|p1a: Lucario","|-activate|p2a: Rotom-Wash|move: Trick|[of] p1a: Lucario","|-item|p1a: Lucario|Choice Scarf|[from] move: Trick","|-item|p2a: Rotom-Wash|Focus Sash|[from] move: Trick","|move|p1a: Lucario|Nasty Plot|p1a: Lucario","|-boost|p1a: Lucario|spa|2","|","|-weather|RainDance|[upkeep]","|turn|10","|","|switch|p1a: Heatran|Heatran, F|383/383","|-item|p1a: Heatran|Air Balloon","|move|p2a: Rotom-Wash|Will-O-Wisp|p1a: Heatran","|-start|p1a: Heatran|ability: Flash Fire","|","|-weather|none","|turn|11","|","|move|p2a: Rotom-Wash|Hydro Pump|p1a: Heatran","|-supereffective|p1a: Heatran","|-damage|p1a: Heatran|95/383","|-enditem|p1a: Heatran|Air Balloon","|move|p1a: Heatran|Fire Blast|p2a: Rotom-Wash","|-resisted|p2a: Rotom-Wash","|-damage|p2a: Rotom-Wash|18/299","|","|turn|12","|","|move|p2a: Rotom-Wash|Hydro Pump|p1a: Heatran","|-supereffective|p1a: Heatran","|-damage|p1a: Heatran|0 fnt","|faint|p1a: Heatran","|","|","|switch|p1a: Lucario|Lucario, F|281/281","|turn|13","|","|move|p1a: Lucario|Aura Sphere|p2a: Rotom-Wash","|-damage|p2a: Rotom-Wash|0 fnt","|faint|p2a: Rotom-Wash","|","|","|switch|p2a: Politoed|Politoed, F|288/384 tox","|-damage|p2a: Politoed|240/384 tox|[from] Stealth Rock","|-weather|RainDance","|turn|14","|","|move|p1a: Lucario|Aura Sphere|p2a: Politoed","|-damage|p2a: Politoed|108/384 tox","|move|p2a: Politoed|Scald|p1a: Lucario","|-damage|p1a: Lucario|97/281","|-status|p1a: Lucario|brn","|","|-weather|RainDance|[upkeep]","|-heal|p2a: Politoed|132/384 tox|[from] item: Leftovers","|-damage|p1a: Lucario|62/281 brn|[from] brn","|-damage|p2a: Politoed|108/384 tox|[from] psn","|turn|15","|","|move|p2a: Politoed|Protect|p2a: Politoed","|-singleturn|p2a: Politoed|Protect","|move|p1a: Lucario|Aura Sphere|p2a: Politoed","|-activate|p2a: Politoed|Protect","|","|-weather|RainDance|[upkeep]","|-heal|p2a: Politoed|132/384 tox|[from] item: Leftovers","|-damage|p1a: Lucario|27/281 brn|[from] brn","|-damage|p2a: Politoed|84/384 tox|[from] psn","|turn|16","|","|switch|p2a: Azumarill|Azumarill, M|404/404","|-damage|p2a: Azumarill|354/404|[from] Stealth Rock","|move|p1a: Lucario|Aura Sphere|p2a: Azumarill","|-resisted|p2a: Azumarill","|-damage|p2a: Azumarill|275/404","|","|-weather|RainDance|[upkeep]","|-damage|p1a: Lucario|0 fnt|[from] brn","|faint|p1a: Lucario","|","|switch|p1a: Skarmory|Skarmory, F|334/334","|turn|17","|","|move|p1a: Skarmory|Toxic|p2a: Azumarill|[miss]","|-miss|p1a: Skarmory|p2a: Azumarill","|move|p2a: Azumarill|Waterfall|p1a: Skarmory","|-damage|p1a: Skarmory|114/334","|","|-weather|RainDance|[upkeep]","|-heal|p1a: Skarmory|134/334|[from] item: Leftovers","|turn|18","|","|move|p1a: Skarmory|Brave Bird|p2a: Azumarill","|-damage|p2a: Azumarill|140/404","|-damage|p1a: Skarmory|89/334|[from] recoil|[of] p2a: Azumarill","|move|p2a: Azumarill|Waterfall|p1a: Skarmory","|-damage|p1a: Skarmory|0 fnt","|faint|p1a: Skarmory","|","|-weather|none","|","|switch|p1a: Scizor|Scizor, M|343/343","|turn|19","|","|switch|p2a: Politoed|Politoed, F|84/384 tox","|-damage|p2a: Politoed|36/384 tox|[from] Stealth Rock","|-weather|RainDance","|detailschange|p1a: Scizor|Scizor-Mega, M","|-mega|p1a: Scizor|Scizor|Scizorite","|move|p1a: Scizor|Swords Dance|p1a: Scizor","|-boost|p1a: Scizor|atk|2","|","|-weather|RainDance|[upkeep]","|-heal|p2a: Politoed|60/384 tox|[from] item: Leftovers","|-damage|p2a: Politoed|36/384 tox|[from] psn","|turn|20","|","|move|p1a: Scizor|Bullet Punch|p2a: Politoed","|-resisted|p2a: Politoed","|-damage|p2a: Politoed|0 fnt","|faint|p2a: Politoed","|","|-weather|RainDance|[upkeep]","|","|switch|p2a: Gyarados|Gyarados, M|332/332","|-damage|p2a: Gyarados|249/332|[from] Stealth Rock","|-ability|p2a: Gyarados|Intimidate","|-unboost|p1a: Scizor|atk|1","|turn|21","|","|move|p2a: Gyarados|Waterfall|p1a: Scizor","|-damage|p1a: Scizor|162/343","|move|p1a: Scizor|Swords Dance|p1a: Scizor","|-boost|p1a: Scizor|atk|2","|","|-weather|RainDance|[upkeep]","|turn|22","|","|detailschange|p2a: Gyarados|Gyarados-Mega, M","|-mega|p2a: Gyarados|Gyarados|Gyaradosite","|-ability|p2a: Gyarados|Mold Breaker","|move|p1a: Scizor|Bullet Punch|p2a: Gyarados","|-resisted|p2a: Gyarados","|-damage|p2a: Gyarados|108/332","|move|p2a: Gyarados|Waterfall|p1a: Scizor","|-crit|p1a: Scizor","|-damage|p1a: Scizor|0 fnt","|faint|p1a: Scizor","|","|-weather|RainDance|[upkeep]","|","|win|GTX♅Jhulez"],"p1rating":{"entryid":"188976","serverid":"eos","formatid":"monotype","userid":"key7","username":"key7","w":"17","l":12,"t":"0","gxe":59.9,"r":"1568.1237806876","rd":"65.399760701541","sigma":"0","rptime":"1440579600","rpr":1576.5695820013,"rprd":62.547777229619,"rpsigma":"0","acre":1121.6350920262,"lacre":1121.6350920262,"oldacre":"1157.2350976508"},"p2rating":{"entryid":480255,"formatid":"monotype","userid":"gtxjhulez","username":"GTX♅Jhulez","r":1500,"rd":130,"sigma":0,"rpr":1550.1685012208,"rprd":122.32658039405,"rpsigma":0,"rptime":1440579600,"w":1,"l":0,"t":0,"gxe":56.2,"acre":1056.9600089993,"lacre":1056.9600089993,"oldacre":1000},"endType":"forfeit"}