{"seed":[27944,33764,21459,27833],"turns":32,"p1":"union lazuli","p2":"Aреx✦Lovyxe","p1team":[{"name":"Ludicolo","species":"Ludicolo","item":"leftovers","ability":"Swift Swim","moves":["raindance","bulletseed","surf","icebeam"],"nature":"Mild","evs":{"hp":0,"atk":4,"def":0,"spa":252,"spd":0,"spe":252},"ivs":{"hp":31,"atk":31,"def":31,"spa":31,"spd":31,"spe":31}},{"name":"Swampert","species":"Swampert","item":"swampertite","ability":"Torrent","moves":["earthquake","waterfall","rockslide","icepunch"],"nature":"Adamant","evs":{"hp":248,"atk":252,"def":0,"spa":0,"spd":8,"spe":0},"ivs":{"hp":31,"atk":31,"def":31,"spa":31,"spd":31,"spe":31}},{"name":"Slowbro","species":"Slowbro","item":"quickclaw","ability":"Regenerator","moves":["scald","calmmind","slackoff","flamethrower"],"nature":"Bold","evs":{"hp":6,"atk":0,"def":252,"spa":4,"spd":248,"spe":0},"ivs":{"hp":31,"atk":31,"def":31,"spa":31,"spd":31,"spe":31}},{"name":"Empoleon","species":"Empoleon","item":"mysticwater","ability":"Torrent","moves":["aquajet","scald","drillpeck","icebeam"],"nature":"Mild","evs":{"hp":248,"atk":0,"def":8,"spa":0,"spd":252,"spe":0},"shiny":true,"ivs":{"hp":31,"atk":31,"def":31,"spa":31,"spd":31,"spe":31}},{"name":"Politoed","species":"Politoed","item":"leftovers","ability":"Drizzle","moves":["surf","waterfall","icebeam","focusblast"],"nature":"Mild","evs":{"hp":248,"atk":8,"def":0,"spa":252,"spd":0,"spe":0},"ivs":{"hp":31,"atk":31,"def":31,"spa":31,"spd":31,"spe":31}},{"name":"Azumarill","species":"Azumarill","item":"sitrusberry","ability":"Sap Sipper","moves":["bellydrum","playrough","waterfall","aquajet"],"nature":"Adamant","evs":{"hp":248,"atk":0,"def":0,"spa":0,"spd":4,"spe":0},"ivs":{"hp":31,"atk":31,"def":31,"spa":31,"spd":31,"spe":31}}],"p2team":[{"name":"Gyarados","species":"Gyarados","item":"choicescarf","ability":"Moxie","moves":["outrage","earthquake","icefang","waterfall"],"nature":"Jolly","evs":{"hp":0,"atk":252,"def":0,"spa":0,"spd":0,"spe":252},"shiny":true,"ivs":{"hp":31,"atk":31,"def":31,"spa":31,"spd":31,"spe":31}},{"name":"Charizard","species":"Charizard","item":"charizarditey","ability":"Blaze","moves":["airslash","dragonpulse","flamethrower","solarbeam"],"nature":"Timid","evs":{"hp":0,"atk":0,"def":0,"spa":252,"spd":0,"spe":252},"shiny":true,"ivs":{"hp":31,"atk":31,"def":31,"spa":31,"spd":31,"spe":31}},{"name":"Altaria","species":"Altaria","item":"leftovers","ability":"Natural Cure","moves":["cottonguard","protect","toxic","roost"],"nature":"Impish","evs":{"hp":252,"atk":0,"def":252,"spa":0,"spd":0,"spe":0},"ivs":{"hp":31,"atk":31,"def":31,"spa":31,"spd":31,"spe":31}},{"name":"Mandibuzz","species":"Mandibuzz","item":"leftovers","ability":"Big Pecks","moves":["knockoff","defog","roost","toxic"],"nature":"Impish","evs":{"hp":252,"atk":0,"def":252,"spa":0,"spd":0,"spe":0},"ivs":{"hp":31,"atk":31,"def":31,"spa":31,"spd":31,"spe":31}},{"name":"Swoobat","species":"Swoobat","item":"leftovers","ability":"Simple","moves":["calmmind","superfang","toxic","roost"],"nature":"Modest","evs":{"hp":252,"atk":0,"def":0,"spa":252,"spd":0,"spe":0},"ivs":{"hp":31,"atk":31,"def":31,"spa":31,"spd":31,"spe":31}},{"name":"Sigilyph","species":"Sigilyph","item":"leftovers","ability":"Magic Guard","moves":["cosmicpower","toxic","roost","futuresight"],"nature":"","shiny":true,"evs":{"hp":0,"atk":0,"def":0,"spa":0,"spd":0,"spe":0},"ivs":{"hp":31,"atk":31,"def":31,"spa":31,"spd":31,"spe":31}}],"log":["|player|p1|union lazuli|52","|player|p2|Aреx✦Lovyxe|209","|gametype|singles","|gen|6","|tier|Monotype","|rated","|rule|Baton Pass Clause: Limit one Baton Passer, can't pass Spe and other stats simultaneously","|rule|Swagger Clause: Swagger is banned","|rule|Same Type Clause: Pokémon in a team must share a type","|clearpoke","|poke|p1|Ludicolo, F","|poke|p1|Swampert, M","|poke|p1|Slowbro, M","|poke|p1|Empoleon, F, shiny","|poke|p1|Politoed, M","|poke|p1|Azumarill, M","|poke|p2|Gyarados, F, shiny","|poke|p2|Charizard, F, shiny","|poke|p2|Altaria, M","|poke|p2|Mandibuzz, F","|poke|p2|Swoobat, F","|poke|p2|Sigilyph, F, shiny","|rule|Sleep Clause Mod: Limit one foe put to sleep","|rule|Species Clause: Limit one of each Pokémon","|rule|OHKO Clause: OHKO moves are banned","|rule|Moody Clause: Moody is banned","|rule|Evasion Moves Clause: Evasion moves are banned","|rule|Endless Battle Clause: Forcing endless battles is banned","|rule|HP Percentage Mod: HP is shown in percentages","|teampreview","|","|start","|switch|p1a: Empoleon|Empoleon, F, shiny|371/371","|switch|p2a: Gyarados|Gyarados, F, shiny|331/331","|turn|1","|","|move|p2a: Gyarados|Earthquake|p1a: Empoleon","|-crit|p1a: Empoleon","|-supereffective|p1a: Empoleon","|-damage|p1a: Empoleon|0 fnt","|faint|p1a: Empoleon","|-boost|p2a: Gyarados|atk|1|[from] ability: Moxie","|","|","|switch|p1a: Ludicolo|Ludicolo, F|301/301","|turn|2","|","|move|p2a: Gyarados|Earthquake|p1a: Ludicolo","|-resisted|p1a: Ludicolo","|-damage|p1a: Ludicolo|166/301","|move|p1a: Ludicolo|Rain Dance|p1a: Ludicolo","|-weather|RainDance","|","|-weather|RainDance|[upkeep]","|-heal|p1a: Ludicolo|184/301|[from] item: Leftovers","|turn|3","|","|move|p1a: Ludicolo|Ice Beam|p2a: Gyarados","|-damage|p2a: Gyarados|241/331","|move|p2a: Gyarados|Earthquake|p1a: Ludicolo","|-resisted|p1a: Ludicolo","|-damage|p1a: Ludicolo|51/301","|","|-weather|RainDance|[upkeep]","|-heal|p1a: Ludicolo|69/301|[from] item: Leftovers","|turn|4","|","|move|p1a: Ludicolo|Ice Beam|p2a: Gyarados","|-damage|p2a: Gyarados|148/331","|move|p2a: Gyarados|Earthquake|p1a: Ludicolo","|-resisted|p1a: Ludicolo","|-damage|p1a: Ludicolo|0 fnt","|faint|p1a: Ludicolo","|-boost|p2a: Gyarados|atk|1|[from] ability: Moxie","|","|-weather|RainDance|[upkeep]","|","|switch|p1a: Azumarill|Azumarill, M|403/403","|turn|5","|","|move|p2a: Gyarados|Earthquake|p1a: Azumarill","|-damage|p1a: Azumarill|118/403","|-enditem|p1a: Azumarill|Sitrus Berry|[eat]","|-heal|p1a: Azumarill|218/403|[from] item: Sitrus Berry","|move|p1a: Azumarill|Belly Drum|p1a: Azumarill","|-damage|p1a: Azumarill|17/403","|-setboost|p1a: Azumarill|atk|6|[from] move: Belly Drum","|","|-weather|RainDance|[upkeep]","|turn|6","|","|move|p1a: Azumarill|Aqua Jet|p2a: Gyarados","|-resisted|p2a: Gyarados","|-damage|p2a: Gyarados|48/331","|move|p2a: Gyarados|Earthquake|p1a: Azumarill","|-damage|p1a: Azumarill|0 fnt","|faint|p1a: Azumarill","|-boost|p2a: Gyarados|atk|1|[from] ability: Moxie","|","|-weather|none","|","|switch|p1a: Swampert|Swampert, M|403/403","|turn|7","|","|detailschange|p1a: Swampert|Swampert-Mega, M","|-mega|p1a: Swampert|Swampert|Swampertite","|move|p2a: Gyarados|Earthquake|p1a: Swampert","|-damage|p1a: Swampert|136/403","|move|p1a: Swampert|Rock Slide|p2a: Gyarados","|-supereffective|p2a: Gyarados","|-damage|p2a: Gyarados|0 fnt","|faint|p2a: Gyarados","|","|","|switch|p2a: Charizard|Charizard, F, shiny|297/297","|turn|8","|","|detailschange|p2a: Charizard|Charizard-Mega-Y, F, shiny","|-mega|p2a: Charizard|Charizard|Charizardite Y","|-weather|SunnyDay","|move|p2a: Charizard|Solar Beam|p1a: Swampert|[still]","|-prepare|p2a: Charizard|Solar Beam|p1a: Swampert","|-anim|p2a: Charizard|Solar Beam|p1a: Swampert","|-crit|p1a: Swampert","|-supereffective|p1a: Swampert","|-damage|p1a: Swampert|0 fnt","|faint|p1a: Swampert","|","|-weather|SunnyDay|[upkeep]","|","|switch|p1a: Politoed|Politoed, M|383/383","|-weather|RainDance","|turn|9","|","|switch|p2a: Swoobat|Swoobat, F|338/338","|move|p1a: Politoed|Waterfall|p2a: Swoobat","|-damage|p2a: Swoobat|142/338","|","|-weather|RainDance|[upkeep]","|-heal|p2a: Swoobat|163/338|[from] item: Leftovers","|turn|10","|","|switch|p1a: Slowbro|Slowbro, M|332/332","|move|p2a: Swoobat|Super Fang|p1a: Slowbro","|-damage|p1a: Slowbro|166/332","|","|-weather|RainDance|[upkeep]","|-heal|p2a: Swoobat|184/338|[from] item: Leftovers","|turn|11","|","|move|p2a: Swoobat|Calm Mind|p2a: Swoobat","|-boost|p2a: Swoobat|spa|2","|-boost|p2a: Swoobat|spd|2","|move|p1a: Slowbro|Scald|p2a: Swoobat","|-damage|p2a: Swoobat|78/338","|-status|p2a: Swoobat|brn","|","|-weather|RainDance|[upkeep]","|-heal|p2a: Swoobat|99/338 brn|[from] item: Leftovers","|-damage|p2a: Swoobat|57/338 brn|[from] brn","|turn|12","|-activate|p1a: Slowbro|item: Quick Claw","|","|move|p1a: Slowbro|Scald|p2a: Swoobat","|-damage|p2a: Swoobat|0 fnt","|faint|p2a: Swoobat","|","|-weather|RainDance|[upkeep]","|","|switch|p2a: Charizard|Charizard-Mega-Y, F, shiny|297/297","|-weather|SunnyDay","|turn|13","|","|switch|p1a: Politoed|Politoed, M|383/383","|-weather|RainDance","|move|p2a: Charizard|Solar Beam|p1a: Politoed|[still]","|-prepare|p2a: Charizard|Solar Beam|p1a: Politoed","|","|-weather|RainDance|[upkeep]","|turn|14","|","|move|p2a: Charizard|Solar Beam|p1a: Politoed|[from]lockedmove","|-supereffective|p1a: Politoed","|-damage|p1a: Politoed|215/383","|move|p1a: Politoed|Surf|p2a: Charizard","|-supereffective|p2a: Charizard","|-damage|p2a: Charizard|0 fnt","|faint|p2a: Charizard","|","|-weather|RainDance|[upkeep]","|-heal|p1a: Politoed|238/383|[from] item: Leftovers","|","|switch|p2a: Sigilyph|Sigilyph, F, shiny|285/285","|turn|15","|","|move|p2a: Sigilyph|Cosmic Power|p2a: Sigilyph","|-boost|p2a: Sigilyph|def|1","|-boost|p2a: Sigilyph|spd|1","|move|p1a: Politoed|Ice Beam|p2a: Sigilyph","|-supereffective|p2a: Sigilyph","|-damage|p2a: Sigilyph|147/285","|","|-weather|RainDance|[upkeep]","|-heal|p2a: Sigilyph|164/285|[from] item: Leftovers","|-heal|p1a: Politoed|261/383|[from] item: Leftovers","|turn|16","|","|move|p2a: Sigilyph|Cosmic Power|p2a: Sigilyph","|-boost|p2a: Sigilyph|def|1","|-boost|p2a: Sigilyph|spd|1","|move|p1a: Politoed|Ice Beam|p2a: Sigilyph","|-supereffective|p2a: Sigilyph","|-damage|p2a: Sigilyph|56/285","|","|-weather|RainDance|[upkeep]","|-heal|p2a: Sigilyph|73/285|[from] item: Leftovers","|-heal|p1a: Politoed|284/383|[from] item: Leftovers","|turn|17","|","|move|p2a: Sigilyph|Roost|p2a: Sigilyph","|-heal|p2a: Sigilyph|216/285","|move|p1a: Politoed|Ice Beam|p2a: Sigilyph","|-damage|p2a: Sigilyph|160/285","|","|-weather|none","|-heal|p2a: Sigilyph|177/285|[from] item: Leftovers","|-heal|p1a: Politoed|307/383|[from] item: Leftovers","|turn|18","|","|switch|p1a: Slowbro|Slowbro, M|276/332","|move|p2a: Sigilyph|Cosmic Power|p2a: Sigilyph","|-boost|p2a: Sigilyph|def|1","|-boost|p2a: Sigilyph|spd|1","|","|-heal|p2a: Sigilyph|194/285|[from] item: Leftovers","|turn|19","|","|move|p2a: Sigilyph|Toxic|p1a: Slowbro","|-status|p1a: Slowbro|tox","|move|p1a: Slowbro|Calm Mind|p1a: Slowbro","|-boost|p1a: Slowbro|spa|1","|-boost|p1a: Slowbro|spd|1","|","|-heal|p2a: Sigilyph|211/285|[from] item: Leftovers","|-damage|p1a: Slowbro|256/332 tox|[from] psn","|turn|20","|-activate|p1a: Slowbro|item: Quick Claw","|","|move|p1a: Slowbro|Calm Mind|p1a: Slowbro","|-boost|p1a: Slowbro|spa|1","|-boost|p1a: Slowbro|spd|1","|move|p2a: Sigilyph|Future Sight|p1a: Slowbro","|-start|p2a: Sigilyph|move: Future Sight","|","|-heal|p2a: Sigilyph|228/285|[from] item: Leftovers","|-damage|p1a: Slowbro|216/332 tox|[from] psn","|turn|21","|-activate|p1a: Slowbro|item: Quick Claw","|","|move|p1a: Slowbro|Calm Mind|p1a: Slowbro","|-boost|p1a: Slowbro|spa|1","|-boost|p1a: Slowbro|spd|1","|move|p2a: Sigilyph|Cosmic Power|p2a: Sigilyph","|-boost|p2a: Sigilyph|def|1","|-boost|p2a: Sigilyph|spd|1","|","|-heal|p2a: Sigilyph|245/285|[from] item: Leftovers","|-damage|p1a: Slowbro|156/332 tox|[from] psn","|turn|22","|","|move|p2a: Sigilyph|Cosmic Power|p2a: Sigilyph","|-boost|p2a: Sigilyph|def|1","|-boost|p2a: Sigilyph|spd|1","|move|p1a: Slowbro|Calm Mind|p1a: Slowbro","|-boost|p1a: Slowbro|spa|1","|-boost|p1a: Slowbro|spd|1","|","|-end|p1a: Slowbro|move: Future Sight","|-resisted|p1a: Slowbro","|-damage|p1a: Slowbro|135/332 tox","|-heal|p2a: Sigilyph|262/285|[from] item: Leftovers","|-damage|p1a: Slowbro|55/332 tox|[from] psn","|turn|23","|-activate|p1a: Slowbro|item: Quick Claw","|","|move|p1a: Slowbro|Slack Off|p1a: Slowbro","|-heal|p1a: Slowbro|221/332 tox","|move|p2a: Sigilyph|Cosmic Power|p2a: Sigilyph","|-boost|p2a: Sigilyph|def|1","|-boost|p2a: Sigilyph|spd|1","|","|-heal|p2a: Sigilyph|279/285|[from] item: Leftovers","|-damage|p1a: Slowbro|121/332 tox|[from] psn","|turn|24","|","|move|p2a: Sigilyph|Future Sight|p1a: Slowbro","|-start|p2a: Sigilyph|move: Future Sight","|move|p1a: Slowbro|Slack Off|p1a: Slowbro","|-heal|p1a: Slowbro|287/332 tox","|","|-heal|p2a: Sigilyph|285/285|[from] item: Leftovers","|-damage|p1a: Slowbro|167/332 tox|[from] psn","|turn|25","|","|move|p2a: Sigilyph|Future Sight|p1a: Slowbro","|-fail|p1a: Slowbro","|move|p1a: Slowbro|Scald|p2a: Sigilyph","|-damage|p2a: Sigilyph|197/285","|-status|p2a: Sigilyph|brn","|","|-heal|p2a: Sigilyph|214/285 brn|[from] item: Leftovers","|-damage|p1a: Slowbro|27/332 tox|[from] psn","|turn|26","|","|move|p2a: Sigilyph|Roost|p2a: Sigilyph","|-heal|p2a: Sigilyph|285/285 brn","|move|p1a: Slowbro|Slack Off|p1a: Slowbro","|-heal|p1a: Slowbro|193/332 tox","|","|-end|p1a: Slowbro|move: Future Sight","|-resisted|p1a: Slowbro","|-damage|p1a: Slowbro|170/332 tox","|-damage|p1a: Slowbro|10/332 tox|[from] psn","|turn|27","|","|move|p2a: Sigilyph|Future Sight|p1a: Slowbro","|-start|p2a: Sigilyph|move: Future Sight","|move|p1a: Slowbro|Scald|p2a: Sigilyph","|-damage|p2a: Sigilyph|197/285 brn","|","|-heal|p2a: Sigilyph|214/285 brn|[from] item: Leftovers","|-damage|p1a: Slowbro|0 fnt|[from] psn","|faint|p1a: Slowbro","|","|switch|p1a: Politoed|Politoed, M|307/383","|-weather|RainDance","|turn|28","|","|move|p2a: Sigilyph|Roost|p2a: Sigilyph","|-heal|p2a: Sigilyph|285/285 brn","|move|p1a: Politoed|Surf|p2a: Sigilyph","|-damage|p2a: Sigilyph|219/285 brn","|","|-weather|RainDance|[upkeep]","|-heal|p2a: Sigilyph|236/285 brn|[from] item: Leftovers","|-heal|p1a: Politoed|330/383|[from] item: Leftovers","|turn|29","|","|move|p2a: Sigilyph|Toxic|p1a: Politoed","|-status|p1a: Politoed|tox","|move|p1a: Politoed|Surf|p2a: Sigilyph","|-damage|p2a: Sigilyph|173/285 brn","|","|-weather|RainDance|[upkeep]","|-end|p1a: Politoed|move: Future Sight","|-damage|p1a: Politoed|195/383 tox","|-heal|p2a: Sigilyph|190/285 brn|[from] item: Leftovers","|-heal|p1a: Politoed|218/383 tox|[from] item: Leftovers","|-damage|p1a: Politoed|195/383 tox|[from] psn","|turn|30","|","|move|p2a: Sigilyph|Future Sight|p1a: Politoed","|-start|p2a: Sigilyph|move: Future Sight","|move|p1a: Politoed|Ice Beam|p2a: Sigilyph","|-supereffective|p2a: Sigilyph","|-damage|p2a: Sigilyph|134/285 brn","|","|-weather|RainDance|[upkeep]","|-heal|p2a: Sigilyph|151/285 brn|[from] item: Leftovers","|-heal|p1a: Politoed|218/383 tox|[from] item: Leftovers","|-damage|p1a: Politoed|172/383 tox|[from] psn","|turn|31","|","|move|p2a: Sigilyph|Roost|p2a: Sigilyph","|-heal|p2a: Sigilyph|285/285 brn","|move|p1a: Politoed|Ice Beam|p2a: Sigilyph","|-damage|p2a: Sigilyph|257/285 brn","|","|-weather|RainDance|[upkeep]","|-heal|p2a: Sigilyph|274/285 brn|[from] item: Leftovers","|-heal|p1a: Politoed|195/383 tox|[from] item: Leftovers","|-damage|p1a: Politoed|126/383 tox|[from] psn","|turn|32","|","|move|p2a: Sigilyph|Future Sight|p1a: Politoed","|-fail|p1a: Politoed","|move|p1a: Politoed|Ice Beam|p2a: Sigilyph","|-supereffective|p2a: Sigilyph","|-damage|p2a: Sigilyph|218/285 brn","|","|-weather|none","|-end|p1a: Politoed|move: Future Sight","|-damage|p1a: Politoed|0 fnt","|-heal|p2a: Sigilyph|235/285 brn|[from] item: Leftovers","|faint|p1a: Politoed","|","|win|Aреx✦Lovyxe"],"p1rating":{"entryid":"493038","serverid":"eos","formatid":"monotype","userid":"unionlazuli","username":"union lazuli","w":"1","l":1,"t":"0","gxe":50,"r":"1500","rd":"130","sigma":"0","rptime":"1440579600","rpr":1500,"rprd":116.77753930647,"rpsigma":"0","acre":1029.4190538912,"lacre":1029.4190538912,"oldacre":"1047.4419355535"},"p2rating":{"entryid":"485238","serverid":"eos","formatid":"monotype","userid":"axlovyxe","username":"Aреx✦Lovyxe","w":2,"l":"2","t":"0","gxe":51.4,"r":"1500","rd":"130","sigma":"0","rptime":"1440579600","rpr":1511.3484333826,"rprd":106.16816753772,"rpsigma":"0","acre":1066.5569717644,"lacre":1066.5569717644,"oldacre":"1029.0222233151"},"endType":"normal"}