{"seed":[19060,41509,51143,4252],"turns":34,"p1":"Scrub172","p2":"Seven Swell","p1team":[{"name":"Venusaur","species":"Venusaur","item":"venusaurite","ability":"Chlorophyll","moves":["sludgebomb","gigadrain","hiddenpowerfire","synthesis"],"nature":"Modest","evs":{"hp":232,"atk":0,"def":0,"spa":252,"spd":0,"spe":24},"ivs":{"hp":31,"atk":0,"def":31,"spa":30,"spd":31,"spe":30}},{"name":"Ferrothorn","species":"Ferrothorn","item":"rockyhelmet","ability":"Iron Barbs","moves":["gyroball","stealthrock","spikes","leechseed"],"nature":"Relaxed","evs":{"hp":248,"atk":0,"def":252,"spa":0,"spd":8,"spe":0},"ivs":{"hp":31,"atk":31,"def":31,"spa":31,"spd":31,"spe":0}},{"name":"Cradily","species":"Cradily","item":"leftovers","ability":"Storm Drain","moves":["earthquake","rockslide","recover","curse"],"nature":"Careful","evs":{"hp":248,"atk":0,"def":8,"spa":0,"spd":252,"spe":0},"ivs":{"hp":31,"atk":31,"def":31,"spa":31,"spd":31,"spe":31}},{"name":"Whimsicott","species":"Whimsicott","item":"lifeorb","ability":"Prankster","moves":["gigadrain","moonblast","hiddenpowerfire","taunt"],"nature":"Timid","evs":{"hp":0,"atk":0,"def":0,"spa":252,"spd":4,"spe":252},"gender":"M","ivs":{"hp":31,"atk":30,"def":31,"spa":30,"spd":31,"spe":30},"shiny":true},{"name":"Celebi","species":"Celebi","item":"choicescarf","ability":"Natural Cure","moves":["psychic","earthpower","energyball","dazzlinggleam"],"nature":"Timid","evs":{"hp":0,"atk":0,"def":0,"spa":252,"spd":4,"spe":252},"ivs":{"hp":31,"atk":0,"def":31,"spa":31,"spd":31,"spe":31}},{"name":"Breloom","species":"Breloom","item":"focussash","ability":"Technician","moves":["machpunch","bulletseed","rocktomb","spore"],"nature":"Jolly","evs":{"hp":0,"atk":252,"def":0,"spa":0,"spd":4,"spe":252},"ivs":{"hp":31,"atk":31,"def":31,"spa":31,"spd":31,"spe":31}}],"p2team":[{"name":"Mew","species":"Mew","item":"leftovers","ability":"Synchronize","moves":["roost","toxic","healbell","aurasphere"],"nature":"Calm","evs":{"hp":252,"atk":0,"def":0,"spa":4,"spd":252,"spe":0},"ivs":{"hp":31,"atk":0,"def":31,"spa":31,"spd":31,"spe":31}},{"name":"Slowbro","species":"Slowbro","item":"rockyhelmet","ability":"Regenerator","moves":["scald","yawn","flamethrower","slackoff"],"nature":"Bold","evs":{"hp":252,"atk":0,"def":252,"spa":4,"spd":0,"spe":0},"ivs":{"hp":31,"atk":0,"def":31,"spa":31,"spd":31,"spe":31}},{"name":"Deoxys-Speed","species":"Deoxys-Speed","item":"focussash","ability":"Pressure","moves":["stealthrock","thunderbolt","thunderwave","icebeam"],"nature":"Timid","evs":{"hp":252,"atk":0,"def":0,"spa":44,"spd":0,"spe":212},"ivs":{"hp":31,"atk":0,"def":31,"spa":31,"spd":31,"spe":31}},{"name":"Latias","species":"Latias","item":"leftovers","ability":"Levitate","moves":["dracometeor","psyshock","roost","defog"],"nature":"Timid","evs":{"hp":252,"atk":0,"def":0,"spa":4,"spd":0,"spe":252},"ivs":{"hp":31,"atk":0,"def":31,"spa":31,"spd":31,"spe":31}},{"name":"Hoopa-Unbound","species":"Hoopa-Unbound","item":"focussash","ability":"Magician","moves":["hyperspacefury","drainpunch","firepunch","gunkshot"],"nature":"Adamant","evs":{"hp":0,"atk":252,"def":0,"spa":0,"spd":4,"spe":252},"ivs":{"hp":31,"atk":31,"def":31,"spa":31,"spd":31,"spe":31}},{"name":"Gardevoir","species":"Gardevoir","item":"gardevoirite","ability":"Trace","moves":["hypervoice","psyshock","shadowball","taunt"],"nature":"Timid","evs":{"hp":0,"atk":0,"def":0,"spa":252,"spd":4,"spe":252},"ivs":{"hp":31,"atk":0,"def":31,"spa":31,"spd":31,"spe":31}}],"log":["|player|p1|Scrub172|165","|player|p2|Seven Swell|sevenswell.png","|gametype|singles","|gen|6","|tier|Monotype","|rated","|rule|Baton Pass Clause: Limit one Baton Passer, can't pass Spe and other stats simultaneously","|rule|Swagger Clause: Swagger is banned","|rule|Same Type Clause: Pokémon in a team must share a type","|clearpoke","|poke|p1|Venusaur, F","|poke|p1|Ferrothorn, M","|poke|p1|Cradily, M","|poke|p1|Whimsicott, M, shiny","|poke|p1|Celebi","|poke|p1|Breloom, F","|poke|p2|Mew","|poke|p2|Slowbro, M","|poke|p2|Deoxys-Speed","|poke|p2|Latias, F","|poke|p2|Hoopa-Unbound","|poke|p2|Gardevoir, F","|rule|Sleep Clause Mod: Limit one foe put to sleep","|rule|Species Clause: Limit one of each Pokémon","|rule|OHKO Clause: OHKO moves are banned","|rule|Moody Clause: Moody is banned","|rule|Evasion Moves Clause: Evasion moves are banned","|rule|Endless Battle Clause: Forcing endless battles is banned","|rule|HP Percentage Mod: HP is shown in percentages","|teampreview","|","|start","|switch|p1a: Venusaur|Venusaur, F|359/359","|switch|p2a: Slowbro|Slowbro, M|394/394","|turn|1","|","|switch|p2a: Latias|Latias, F|364/364","|detailschange|p1a: Venusaur|Venusaur-Mega, F","|-mega|p1a: Venusaur|Venusaur|Venusaurite","|move|p1a: Venusaur|Giga Drain|p2a: Latias","|-resisted|p2a: Latias","|-damage|p2a: Latias|308/364","|","|-heal|p2a: Latias|330/364|[from] item: Leftovers","|turn|2","|","|switch|p1a: Celebi|Celebi|341/341","|move|p2a: Latias|Psyshock|p1a: Celebi","|-resisted|p1a: Celebi","|-damage|p1a: Celebi|285/341","|","|-heal|p2a: Latias|352/364|[from] item: Leftovers","|turn|3","|","|switch|p2a: Hoopa-Unbound|Hoopa-Unbound|301/301","|move|p1a: Celebi|Dazzling Gleam|p2a: Hoopa-Unbound","|-supereffective|p2a: Hoopa-Unbound","|-damage|p2a: Hoopa-Unbound|167/301","|","|turn|4","|","|switch|p1a: Ferrothorn|Ferrothorn, M|351/351","|move|p2a: Hoopa-Unbound|Hyperspace Fury|p1a: Ferrothorn","|-damage|p1a: Ferrothorn|215/351","|-unboost|p2a: Hoopa-Unbound|def|1","|","|turn|5","|","|move|p2a: Hoopa-Unbound|Fire Punch|p1a: Ferrothorn","|-supereffective|p1a: Ferrothorn","|-damage|p1a: Ferrothorn|0 fnt","|-damage|p2a: Hoopa-Unbound|130/301|[from] ability: Iron Barbs|[of] p1a: Ferrothorn","|-damage|p2a: Hoopa-Unbound|80/301|[from] item: Rocky Helmet|[of] p1a: Ferrothorn","|faint|p1a: Ferrothorn","|","|","|switch|p1a: Whimsicott|Whimsicott, M, shiny|261/261","|turn|6","|","|move|p1a: Whimsicott|Moonblast|p2a: Hoopa-Unbound","|-supereffective|p2a: Hoopa-Unbound","|-damage|p2a: Hoopa-Unbound|0 fnt","|-damage|p1a: Whimsicott|235/261|[from] item: Life Orb","|faint|p2a: Hoopa-Unbound","|","|","|switch|p2a: Mew|Mew|404/404","|turn|7","|","|move|p1a: Whimsicott|Taunt|p2a: Mew","|-start|p2a: Mew|move: Taunt","|cant|p2a: Mew|move: Taunt|Toxic","|","|turn|8","|","|switch|p1a: Venusaur|Venusaur-Mega, F|359/359","|switch|p2a: Gardevoir|Gardevoir, F|277/277","|-ability|p2a: Gardevoir|Thick Fat|[from] ability: Trace|[of] p1a: Venusaur","|","|turn|9","|","|detailschange|p2a: Gardevoir|Gardevoir-Mega, F","|-mega|p2a: Gardevoir|Gardevoir|Gardevoirite","|move|p2a: Gardevoir|Psyshock|p1a: Venusaur","|-supereffective|p1a: Venusaur","|-damage|p1a: Venusaur|83/359","|move|p1a: Venusaur|Sludge Bomb|p2a: Gardevoir","|-supereffective|p2a: Gardevoir","|-damage|p2a: Gardevoir|23/277","|","|turn|10","|","|switch|p1a: Celebi|Celebi|285/341","|move|p2a: Gardevoir|Psyshock|p1a: Celebi","|-resisted|p1a: Celebi","|-damage|p1a: Celebi|200/341","|","|turn|11","|","|move|p1a: Celebi|Energy Ball|p2a: Gardevoir","|-crit|p2a: Gardevoir","|-damage|p2a: Gardevoir|0 fnt","|faint|p2a: Gardevoir","|","|","|switch|p2a: Deoxys-Speed|Deoxys-Speed|304/304","|-ability|p2a: Deoxys-Speed|Pressure","|turn|12","|","|move|p2a: Deoxys-Speed|Ice Beam|p1a: Celebi","|-supereffective|p1a: Celebi","|-damage|p1a: Celebi|60/341","|move|p1a: Celebi|Energy Ball|p2a: Deoxys-Speed","|-damage|p2a: Deoxys-Speed|150/304","|","|turn|13","|","|switch|p1a: Cradily|Cradily, M|375/375","|move|p2a: Deoxys-Speed|Stealth Rock|p1a: Cradily","|-sidestart|p1: Scrub172|move: Stealth Rock","|","|turn|14","|","|move|p2a: Deoxys-Speed|Ice Beam|p1a: Cradily","|-supereffective|p1a: Cradily","|-damage|p1a: Cradily|271/375","|move|p1a: Cradily|Curse|p1a: Cradily","|-unboost|p1a: Cradily|spe|1","|-boost|p1a: Cradily|atk|1","|-boost|p1a: Cradily|def|1","|","|-heal|p1a: Cradily|294/375|[from] item: Leftovers","|turn|15","|","|switch|p2a: Mew|Mew|404/404","|move|p1a: Cradily|Recover|p1a: Cradily","|-heal|p1a: Cradily|375/375","|","|turn|16","|","|move|p2a: Mew|Toxic|p1a: Cradily","|-status|p1a: Cradily|tox","|move|p1a: Cradily|Earthquake|p2a: Mew","|-crit|p2a: Mew","|-damage|p2a: Mew|257/404","|","|-heal|p2a: Mew|282/404|[from] item: Leftovers","|-damage|p1a: Cradily|352/375 tox|[from] psn","|turn|17","|","|move|p2a: Mew|Aura Sphere|p1a: Cradily","|-supereffective|p1a: Cradily","|-damage|p1a: Cradily|256/375 tox","|move|p1a: Cradily|Curse|p1a: Cradily","|-unboost|p1a: Cradily|spe|1","|-boost|p1a: Cradily|atk|1","|-boost|p1a: Cradily|def|1","|","|-heal|p2a: Mew|307/404|[from] item: Leftovers","|-heal|p1a: Cradily|279/375 tox|[from] item: Leftovers","|-damage|p1a: Cradily|233/375 tox|[from] psn","|turn|18","|","|move|p2a: Mew|Aura Sphere|p1a: Cradily","|-supereffective|p1a: Cradily","|-damage|p1a: Cradily|145/375 tox","|move|p1a: Cradily|Earthquake|p2a: Mew","|-damage|p2a: Mew|173/404","|","|-heal|p2a: Mew|198/404|[from] item: Leftovers","|-heal|p1a: Cradily|168/375 tox|[from] item: Leftovers","|-damage|p1a: Cradily|99/375 tox|[from] psn","|turn|19","|","|move|p2a: Mew|Roost|p2a: Mew","|-heal|p2a: Mew|400/404","|move|p1a: Cradily|Earthquake|p2a: Mew","|-damage|p2a: Mew|271/404","|","|-heal|p2a: Mew|296/404|[from] item: Leftovers","|-heal|p1a: Cradily|122/375 tox|[from] item: Leftovers","|-damage|p1a: Cradily|30/375 tox|[from] psn","|turn|20","|","|move|p2a: Mew|Aura Sphere|p1a: Cradily","|-supereffective|p1a: Cradily","|-damage|p1a: Cradily|0 fnt","|faint|p1a: Cradily","|","|-heal|p2a: Mew|321/404|[from] item: Leftovers","|","|switch|p1a: Whimsicott|Whimsicott, M, shiny|235/261","|-damage|p1a: Whimsicott|203/261|[from] Stealth Rock","|turn|21","|","|switch|p2a: Slowbro|Slowbro, M|394/394","|move|p1a: Whimsicott|Taunt|p2a: Slowbro","|-start|p2a: Slowbro|move: Taunt","|","|turn|22","|","|move|p1a: Whimsicott|Giga Drain|p2a: Slowbro","|-supereffective|p2a: Slowbro","|-damage|p2a: Slowbro|72/394","|-heal|p1a: Whimsicott|261/261|[from] drain|[of] p2a: Slowbro","|-damage|p1a: Whimsicott|235/261|[from] item: Life Orb","|move|p2a: Slowbro|Flamethrower|p1a: Whimsicott","|-crit|p1a: Whimsicott","|-supereffective|p1a: Whimsicott","|-damage|p1a: Whimsicott|0 fnt","|faint|p1a: Whimsicott","|","|","|switch|p1a: Venusaur|Venusaur-Mega, F|83/359","|-damage|p1a: Venusaur|39/359|[from] Stealth Rock","|turn|23","|","|switch|p2a: Deoxys-Speed|Deoxys-Speed|150/304","|-ability|p2a: Deoxys-Speed|Pressure","|move|p1a: Venusaur|Synthesis|p1a: Venusaur","|-heal|p1a: Venusaur|218/359","|","|turn|24","|","|switch|p1a: Celebi|Celebi|60/341","|-damage|p1a: Celebi|18/341|[from] Stealth Rock","|move|p2a: Deoxys-Speed|Thunder Wave|p1a: Celebi","|-status|p1a: Celebi|par","|","|turn|25","|","|move|p2a: Deoxys-Speed|Ice Beam|p1a: Celebi","|-supereffective|p1a: Celebi","|-damage|p1a: Celebi|0 fnt","|faint|p1a: Celebi","|","|","|switch|p1a: Breloom|Breloom, F|261/261","|-damage|p1a: Breloom|245/261|[from] Stealth Rock","|turn|26","|","|move|p1a: Breloom|Mach Punch|p2a: Deoxys-Speed","|-resisted|p2a: Deoxys-Speed","|-damage|p2a: Deoxys-Speed|88/304","|move|p2a: Deoxys-Speed|Ice Beam|p1a: Breloom","|-supereffective|p1a: Breloom","|-damage|p1a: Breloom|41/261","|","|turn|27","|","|move|p1a: Breloom|Mach Punch|p2a: Deoxys-Speed","|-resisted|p2a: Deoxys-Speed","|-damage|p2a: Deoxys-Speed|29/304","|move|p2a: Deoxys-Speed|Ice Beam|p1a: Breloom","|-crit|p1a: Breloom","|-supereffective|p1a: Breloom","|-damage|p1a: Breloom|0 fnt","|faint|p1a: Breloom","|","|","|switch|p1a: Venusaur|Venusaur-Mega, F|218/359","|-damage|p1a: Venusaur|174/359|[from] Stealth Rock","|turn|28","|","|move|p2a: Deoxys-Speed|Thunder Wave|p1a: Venusaur","|-status|p1a: Venusaur|par","|move|p1a: Venusaur|Synthesis|p1a: Venusaur","|-heal|p1a: Venusaur|353/359 par","|","|turn|29","|","|move|p2a: Deoxys-Speed|Ice Beam|p1a: Venusaur","|-supereffective|p1a: Venusaur","|-damage|p1a: Venusaur|285/359 par","|cant|p1a: Venusaur|par","|","|turn|30","|","|move|p2a: Deoxys-Speed|Ice Beam|p1a: Venusaur","|-supereffective|p1a: Venusaur","|-damage|p1a: Venusaur|225/359 par","|cant|p1a: Venusaur|par","|","|turn|31","|","|move|p2a: Deoxys-Speed|Ice Beam|p1a: Venusaur","|-supereffective|p1a: Venusaur","|-damage|p1a: Venusaur|159/359 par","|move|p1a: Venusaur|Synthesis|p1a: Venusaur","|-heal|p1a: Venusaur|338/359 par","|","|turn|32","|","|move|p2a: Deoxys-Speed|Ice Beam|p1a: Venusaur","|-supereffective|p1a: Venusaur","|-damage|p1a: Venusaur|270/359 par","|move|p1a: Venusaur|Giga Drain|p2a: Deoxys-Speed","|-damage|p2a: Deoxys-Speed|0 fnt","|-heal|p1a: Venusaur|285/359 par|[from] drain|[of] p2a: Deoxys-Speed","|faint|p2a: Deoxys-Speed","|","|","|switch|p2a: Latias|Latias, F|352/364","|turn|33","|","|move|p2a: Latias|Psyshock|p1a: Venusaur","|-supereffective|p1a: Venusaur","|-damage|p1a: Venusaur|121/359 par","|move|p1a: Venusaur|Sludge Bomb|p2a: Latias","|-damage|p2a: Latias|222/364","|","|-heal|p2a: Latias|244/364|[from] item: Leftovers","|turn|34","|","|win|Seven Swell"],"p1rating":{"entryid":"498016","serverid":"eos","formatid":"monotype","userid":"scrub172","username":"Scrub172","w":"4","l":2,"t":"0","gxe":59.2,"r":"1500","rd":"130","sigma":"0","rptime":"1440579600","rpr":1572.8455997961,"rprd":99.454529003221,"rpsigma":"0","acre":1101.7904270757,"lacre":1101.7904270757,"oldacre":"1121.2007196628"},"p2rating":{"entryid":"86214","serverid":"eos","formatid":"monotype","userid":"sevenswell","username":"Seven Swell","w":53,"l":"22","t":"0","gxe":69.7,"r":"1666.106434904","rd":"46.874533952437","sigma":"0","rptime":"1440579600","rpr":1657.9805982223,"rprd":43.1208345499,"rpsigma":"0","acre":1219.6283086961,"lacre":1219.6283086961,"oldacre":"1200.218016109"},"endType":"forfeit"}