{"seed":[10137,38213,48431,57709],"turns":21,"p1":"Axis WillWolf","p2":"ss moltres","p1team":[{"name":"Gliscor","species":"Gliscor","item":"toxicorb","ability":"Poison Heal","moves":["protect","earthquake","toxic","roost"],"nature":"Impish","evs":{"hp":248,"atk":0,"def":188,"spa":0,"spd":0,"spe":72},"ivs":{"hp":31,"atk":31,"def":31,"spa":31,"spd":31,"spe":31}},{"name":"Skarmory","species":"Skarmory","item":"leftovers","ability":"Sturdy","moves":["bravebird","roost","stealthrock","roar"],"nature":"Impish","evs":{"hp":252,"atk":0,"def":232,"spa":0,"spd":0,"spe":24},"ivs":{"hp":31,"atk":31,"def":31,"spa":31,"spd":31,"spe":31}},{"name":"Gyarados","species":"Gyarados","item":"gyaradosite","ability":"Intimidate","moves":["dragondance","waterfall","earthquake","icefang"],"nature":"Adamant","evs":{"hp":8,"atk":252,"def":60,"spa":0,"spd":8,"spe":180},"ivs":{"hp":31,"atk":31,"def":31,"spa":31,"spd":31,"spe":31}},{"name":"Salamence","species":"Salamence","item":"choicescarf","ability":"Moxie","moves":["outrage","fireblast","earthquake","aquatail"],"nature":"Hasty","evs":{"hp":0,"atk":252,"def":0,"spa":4,"spd":0,"spe":252},"ivs":{"hp":31,"atk":31,"def":31,"spa":31,"spd":31,"spe":31}},{"name":"Thundurus-Therian","species":"Thundurus-Therian","item":"lifeorb","ability":"Volt Absorb","moves":["thunderbolt","hiddenpowerice","sludgebomb","darkpulse"],"nature":"Timid","evs":{"hp":0,"atk":0,"def":0,"spa":252,"spd":4,"spe":252},"ivs":{"hp":31,"atk":30,"def":30,"spa":31,"spd":31,"spe":31}},{"name":"Tornadus-Therian","species":"Tornadus-Therian","item":"lifeorb","ability":"Regenerator","moves":["hurricane","darkpulse","hiddenpowerfighting","uturn"],"nature":"Hasty","evs":{"hp":0,"atk":4,"def":0,"spa":252,"spd":0,"spe":252},"ivs":{"hp":31,"atk":31,"def":30,"spa":30,"spd":30,"spe":30}}],"p2team":[{"name":"Kyurem-Black","species":"Kyurem-Black","item":"choicescarf","ability":"Teravolt","moves":["stoneedge","dragonclaw","fusionbolt","ironhead"],"nature":"Jolly","evs":{"hp":0,"atk":252,"def":0,"spa":0,"spd":4,"spe":252},"ivs":{"hp":31,"atk":31,"def":31,"spa":31,"spd":31,"spe":31}},{"name":"Froslass","species":"Froslass","item":"choicescarf","ability":"Cursed Body","moves":["psychic","icebeam","waterpulse","destinybond"],"nature":"Timid","evs":{"hp":0,"atk":0,"def":0,"spa":252,"spd":4,"spe":252},"ivs":{"hp":31,"atk":31,"def":31,"spa":31,"spd":31,"spe":31}},{"name":"Jynx","species":"Jynx","item":"choicescarf","ability":"Forewarn","moves":["psychic","focusblast","icebeam","trick"],"nature":"Timid","evs":{"hp":0,"atk":0,"def":0,"spa":252,"spd":4,"spe":252},"ivs":{"hp":31,"atk":31,"def":31,"spa":31,"spd":31,"spe":31}},{"name":"Articuno","species":"Articuno","item":"leftovers","ability":"Pressure","moves":["hurricane","haze","ancientpower","roost"],"nature":"Calm","evs":{"hp":4,"atk":0,"def":0,"spa":4,"spd":248,"spe":0},"ivs":{"hp":31,"atk":31,"def":31,"spa":31,"spd":31,"spe":31}},{"name":"Mamoswine","species":"Mamoswine","item":"choicescarf","ability":"Thick Fat","moves":["stoneedge","earthquake","iciclecrash","superpower"],"nature":"Jolly","evs":{"hp":0,"atk":252,"def":0,"spa":0,"spd":4,"spe":252},"ivs":{"hp":31,"atk":31,"def":31,"spa":31,"spd":31,"spe":31}},{"name":"Avalugg","species":"Avalugg","item":"leftovers","ability":"Sturdy","moves":["rapidspin","recover","stoneedge","earthquake"],"nature":"Impish","evs":{"hp":252,"atk":4,"def":252,"spa":0,"spd":0,"spe":0},"ivs":{"hp":31,"atk":31,"def":31,"spa":31,"spd":31,"spe":31}}],"log":["|player|p1|Axis WillWolf|54","|player|p2|ss moltres|268","|gametype|singles","|gen|6","|tier|Monotype","|rated","|rule|Baton Pass Clause: Limit one Baton Passer, can't pass Spe and other stats simultaneously","|rule|Swagger Clause: Swagger is banned","|rule|Same Type Clause: Pokémon in a team must share a type","|clearpoke","|poke|p1|Gliscor, F","|poke|p1|Skarmory, M","|poke|p1|Gyarados, M","|poke|p1|Salamence, M","|poke|p1|Thundurus-Therian, M","|poke|p1|Tornadus-Therian, M","|poke|p2|Kyurem-Black","|poke|p2|Froslass, F","|poke|p2|Jynx, F","|poke|p2|Articuno","|poke|p2|Mamoswine, M","|poke|p2|Avalugg, M","|rule|Sleep Clause Mod: Limit one foe put to sleep","|rule|Species Clause: Limit one of each Pokémon","|rule|OHKO Clause: OHKO moves are banned","|rule|Moody Clause: Moody is banned","|rule|Evasion Moves Clause: Evasion moves are banned","|rule|Endless Battle Clause: Forcing endless battles is banned","|rule|HP Percentage Mod: HP is shown in percentages","|teampreview","|","|start","|switch|p1a: Tornadus-Therian|Tornadus-Therian, M|299/299","|switch|p2a: Froslass|Froslass, F|281/281","|turn|1","|","|move|p2a: Froslass|Ice Beam|p1a: Tornadus-Therian","|-supereffective|p1a: Tornadus-Therian","|-damage|p1a: Tornadus-Therian|47/299","|move|p1a: Tornadus-Therian|U-turn|p2a: Froslass","|-crit|p2a: Froslass","|-resisted|p2a: Froslass","|-damage|p2a: Froslass|204/281","|-damage|p1a: Tornadus-Therian|18/299|[from] item: Life Orb","|","|switch|p1a: Gyarados|Gyarados, M|333/333","|-ability|p1a: Gyarados|Intimidate","|-unboost|p2a: Froslass|atk|1","|","|turn|2","|","|switch|p2a: Kyurem-Black|Kyurem-Black|391/391","|-ability|p2a: Kyurem-Black|Teravolt","|detailschange|p1a: Gyarados|Gyarados-Mega, M","|-mega|p1a: Gyarados|Gyarados|Gyaradosite","|-ability|p1a: Gyarados|Mold Breaker","|move|p1a: Gyarados|Dragon Dance|p1a: Gyarados","|-boost|p1a: Gyarados|atk|1","|-boost|p1a: Gyarados|spe|1","|","|turn|3","|","|switch|p1a: Thundurus-Therian|Thundurus-Therian, M|299/299","|move|p2a: Kyurem-Black|Fusion Bolt|p1a: Thundurus-Therian","|-damage|p1a: Thundurus-Therian|113/299","|","|turn|4","|","|switch|p2a: Mamoswine|Mamoswine, M|361/361","|switch|p1a: Gliscor|Gliscor, F|353/353","|","|-status|p1a: Gliscor|tox|[from] item: Toxic Orb","|turn|5","|","|switch|p1a: Skarmory|Skarmory, M|334/334","|move|p2a: Mamoswine|Icicle Crash|p1a: Skarmory","|-damage|p1a: Skarmory|247/334","|","|-heal|p1a: Skarmory|267/334|[from] item: Leftovers","|turn|6","|","|switch|p2a: Froslass|Froslass, F|204/281","|move|p1a: Skarmory|Stealth Rock|p2a: Froslass","|-sidestart|p2: ss moltres|move: Stealth Rock","|","|-heal|p1a: Skarmory|287/334|[from] item: Leftovers","|turn|7","|","|move|p2a: Froslass|Ice Beam|p1a: Skarmory","|-damage|p1a: Skarmory|139/334","|move|p1a: Skarmory|Brave Bird|p2a: Froslass","|-damage|p2a: Froslass|33/281","|-damage|p1a: Skarmory|83/334|[from] recoil|[of] p2a: Froslass","|","|-heal|p1a: Skarmory|103/334|[from] item: Leftovers","|turn|8","|","|move|p2a: Froslass|Ice Beam|p1a: Skarmory","|-damage|p1a: Skarmory|0 fnt","|faint|p1a: Skarmory","|","|","|switch|p1a: Gyarados|Gyarados-Mega, M|333/333","|-ability|p1a: Gyarados|Mold Breaker","|turn|9","|","|switch|p2a: Kyurem-Black|Kyurem-Black|391/391","|-damage|p2a: Kyurem-Black|294/391|[from] Stealth Rock","|-ability|p2a: Kyurem-Black|Teravolt","|move|p1a: Gyarados|Dragon Dance|p1a: Gyarados","|-boost|p1a: Gyarados|atk|1","|-boost|p1a: Gyarados|spe|1","|","|turn|10","|","|move|p2a: Kyurem-Black|Fusion Bolt|p1a: Gyarados","|-supereffective|p1a: Gyarados","|-damage|p1a: Gyarados|65/333","|move|p1a: Gyarados|Earthquake|p2a: Kyurem-Black","|-damage|p2a: Kyurem-Black|80/391","|","|turn|11","|","|move|p2a: Kyurem-Black|Fusion Bolt|p1a: Gyarados","|-supereffective|p1a: Gyarados","|-damage|p1a: Gyarados|0 fnt","|faint|p1a: Gyarados","|","|","|switch|p1a: Gliscor|Gliscor, F|353/353 tox","|turn|12","|","|switch|p2a: Jynx|Jynx, F|271/271","|-damage|p2a: Jynx|204/271|[from] Stealth Rock","|-activate|p2a: Jynx|ability: Forewarn|Earthquake|[of] p1a: Gliscor","|move|p1a: Gliscor|Toxic|p2a: Jynx","|-status|p2a: Jynx|tox","|","|-damage|p2a: Jynx|188/271 tox|[from] psn","|turn|13","|","|move|p2a: Jynx|Ice Beam|p1a: Gliscor","|-supereffective|p1a: Gliscor","|-damage|p1a: Gliscor|0 fnt","|faint|p1a: Gliscor","|","|-damage|p2a: Jynx|156/271 tox|[from] psn","|","|switch|p1a: Salamence|Salamence, M|331/331","|turn|14","|","|move|p1a: Salamence|Outrage|p2a: Jynx","|-damage|p2a: Jynx|0 fnt","|faint|p2a: Jynx","|-boost|p1a: Salamence|atk|1|[from] ability: Moxie","|","|","|switch|p2a: Avalugg|Avalugg, M|394/394","|-damage|p2a: Avalugg|296/394|[from] Stealth Rock","|turn|15","|","|move|p1a: Salamence|Outrage|p2a: Avalugg|[from]lockedmove","|-damage|p2a: Avalugg|145/394","|-start|p1a: Salamence|confusion|[fatigue]","|move|p2a: Avalugg|Rapid Spin|p1a: Salamence","|-damage|p1a: Salamence|307/331","|-sideend|p2: ss moltres|Stealth Rock|[from] move: Rapid Spin|[of] p2a: Avalugg","|","|-heal|p2a: Avalugg|169/394|[from] item: Leftovers","|turn|16","|","|-activate|p1a: Salamence|confusion","|-damage|p1a: Salamence|215/331|[from] confusion","|move|p2a: Avalugg|Stone Edge|p1a: Salamence|[miss]","|-miss|p2a: Avalugg|p1a: Salamence","|","|-heal|p2a: Avalugg|193/394|[from] item: Leftovers","|turn|17","|","|-activate|p1a: Salamence|confusion","|move|p1a: Salamence|Outrage|p2a: Avalugg","|-damage|p2a: Avalugg|33/394","|move|p2a: Avalugg|Stone Edge|p1a: Salamence","|-supereffective|p1a: Salamence","|-damage|p1a: Salamence|0 fnt","|faint|p1a: Salamence","|","|-heal|p2a: Avalugg|57/394|[from] item: Leftovers","|","|switch|p1a: Tornadus-Therian|Tornadus-Therian, M|117/299","|turn|18","|","|switch|p2a: Articuno|Articuno|322/322","|-ability|p2a: Articuno|Pressure","|move|p1a: Tornadus-Therian|Hidden Power|p2a: Articuno","|-damage|p2a: Articuno|271/322","|-damage|p1a: Tornadus-Therian|88/299|[from] item: Life Orb","|","|-heal|p2a: Articuno|291/322|[from] item: Leftovers","|turn|19","|","|move|p1a: Tornadus-Therian|Hurricane|p2a: Articuno","|-damage|p2a: Articuno|155/322","|-damage|p1a: Tornadus-Therian|59/299|[from] item: Life Orb","|move|p2a: Articuno|Ancient Power|p1a: Tornadus-Therian","|-supereffective|p1a: Tornadus-Therian","|-damage|p1a: Tornadus-Therian|0 fnt","|faint|p1a: Tornadus-Therian","|","|-heal|p2a: Articuno|175/322|[from] item: Leftovers","|","|switch|p1a: Thundurus-Therian|Thundurus-Therian, M|113/299","|turn|20","|","|move|p1a: Thundurus-Therian|Thunderbolt|p2a: Articuno","|-crit|p2a: Articuno","|-supereffective|p2a: Articuno","|-damage|p2a: Articuno|0 fnt","|-damage|p1a: Thundurus-Therian|84/299|[from] item: Life Orb","|faint|p2a: Articuno","|","|","|switch|p2a: Mamoswine|Mamoswine, M|361/361","|turn|21","|","|move|p2a: Mamoswine|Icicle Crash|p1a: Thundurus-Therian","|-supereffective|p1a: Thundurus-Therian","|-damage|p1a: Thundurus-Therian|0 fnt","|faint|p1a: Thundurus-Therian","|","|win|ss moltres"],"p1rating":{"entryid":"468203","serverid":"eos","formatid":"monotype","userid":"axiswillwolf","username":"Axis WillWolf","w":"1","l":2,"t":"0","gxe":45.2,"r":"1535.9522996752","rd":"122.33358662183","sigma":"0","rptime":"1440579600","rpr":1461.9983662018,"rprd":110.90593600579,"rpsigma":"0","acre":1016.7267046822,"lacre":1016.7267046822,"oldacre":"1031.1568431729"},"p2rating":{"entryid":"440278","serverid":"eos","formatid":"monotype","userid":"ssmoltres","username":"SS Moltres","w":3,"l":"3","t":"0","gxe":47.9,"r":"1451.9846785865","rd":"102.15789823631","sigma":"0","rptime":"1440579600","rpr":1483.9093387167,"rprd":98.693246534561,"rpsigma":"0","acre":1070.8105903872,"lacre":1070.8105903872,"oldacre":"1036.9202432381"},"endType":"normal"}