{"seed":[50427,20967,20595,30569],"turns":26,"p1":"Ready4Fredbear","p2":"Alpha알파α리더LeadèR","p1team":[{"name":"Loki","species":"sableye","item":"sablenite","ability":"Prankster","moves":["calmmind","recover","willowisp","snarl"],"nature":"Bold","evs":{"hp":252,"atk":0,"def":196,"spa":0,"spd":60,"spe":0},"gender":"M","ivs":{"hp":31,"atk":31,"def":31,"spa":31,"spd":31,"spe":31}},{"name":"Sobek","species":"tyranitar","item":"leftovers","ability":"Sand Stream","moves":["stoneedge","fireblast","stealthrock","thunderwave"],"nature":"Brave","evs":{"hp":252,"atk":56,"def":0,"spa":0,"spd":200,"spe":0},"gender":"M","ivs":{"hp":31,"atk":31,"def":31,"spa":31,"spd":31,"spe":31}},{"name":"Eros","species":"hoopaunbound","item":"choicescarf","ability":"Magician","moves":["hyperspacefury","hyperspacehole","gunkshot","energyball"],"nature":"Hasty","evs":{"hp":0,"atk":180,"def":0,"spa":76,"spd":0,"spe":252},"ivs":{"hp":31,"atk":31,"def":31,"spa":31,"spd":31,"spe":31}},{"name":"Akkorokamui","species":"crawdaunt","item":"lifeorb","ability":"Adaptability","moves":["knockoff","aquajet","swordsdance","crabhammer"],"nature":"Adamant","evs":{"hp":0,"atk":252,"def":0,"spa":0,"spd":4,"spe":252},"ivs":{"hp":31,"atk":31,"def":31,"spa":31,"spd":31,"spe":31}},{"name":"Urubutsin","species":"mandibuzz","item":"rockyhelmet","ability":"Overcoat","moves":["bravebird","foulplay","roost","defog"],"nature":"Impish","evs":{"hp":248,"atk":8,"def":252,"spa":0,"spd":0,"spe":0},"ivs":{"hp":31,"atk":31,"def":31,"spa":31,"spd":31,"spe":31}},{"name":"The Golem of Vilna","species":"bisharp","item":"lumberry","ability":"Defiant","moves":["swordsdance","knockoff","ironhead","suckerpunch"],"nature":"Adamant","evs":{"hp":0,"atk":252,"def":0,"spa":0,"spd":4,"spe":252},"gender":"M","ivs":{"hp":31,"atk":31,"def":31,"spa":31,"spd":31,"spe":31}}],"p2team":[{"name":"Tornadus-Therian","species":"Tornadus-Therian","item":"assaultvest","ability":"Regenerator","moves":["hurricane","heatwave","knockoff","uturn"],"nature":"Modest","evs":{"hp":112,"atk":0,"def":0,"spa":200,"spd":0,"spe":196},"shiny":true,"ivs":{"hp":31,"atk":31,"def":31,"spa":31,"spd":31,"spe":31}},{"name":"Landorus-Therian","species":"Landorus-Therian","item":"choicescarf","ability":"Intimidate","moves":["uturn","knockoff","earthquake","rockslide"],"nature":"Jolly","evs":{"hp":4,"atk":252,"def":0,"spa":0,"spd":0,"spe":252},"ivs":{"hp":31,"atk":31,"def":31,"spa":31,"spd":31,"spe":31}},{"name":"Skarmory","species":"Skarmory","item":"rockyhelmet","ability":"Sturdy","moves":["steelwing","roost","defog","stealthrock"],"nature":"Impish","evs":{"hp":252,"atk":0,"def":212,"spa":0,"spd":44,"spe":0},"shiny":true,"ivs":{"hp":31,"atk":31,"def":31,"spa":31,"spd":31,"spe":31}},{"name":"Thundurus-Therian","species":"Thundurus-Therian","item":"lifeorb","ability":"Volt Absorb","moves":["hiddenpowerice","grassknot","focusblast","voltswitch"],"nature":"Timid","evs":{"hp":4,"atk":0,"def":0,"spa":252,"spd":0,"spe":252},"ivs":{"hp":31,"atk":30,"def":30,"spa":31,"spd":31,"spe":31}},{"name":"Gyarados","species":"Gyarados","item":"gyaradosite","ability":"Intimidate","moves":["dragondance","earthquake","waterfall","icefang"],"nature":"Adamant","evs":{"hp":0,"atk":252,"def":0,"spa":0,"spd":4,"spe":252},"ivs":{"hp":31,"atk":31,"def":31,"spa":31,"spd":31,"spe":31}},{"name":"Dragonite","species":"Dragonite","item":"weaknesspolicy","ability":"Multiscale","moves":["extremespeed","dragondance","firepunch","dragonclaw"],"nature":"Adamant","evs":{"hp":4,"atk":252,"def":0,"spa":0,"spd":0,"spe":252},"ivs":{"hp":31,"atk":31,"def":31,"spa":31,"spd":31,"spe":31}}],"log":["|player|p1|Ready4Fredbear|149","|player|p2|Alpha알파α리더LeadèR|alphakyurem.gif","|gametype|singles","|gen|6","|tier|Monotype","|rated","|rule|Baton Pass Clause: Limit one Baton Passer, can't pass Spe and other stats simultaneously","|rule|Swagger Clause: Swagger is banned","|rule|Same Type Clause: Pokémon in a team must share a type","|clearpoke","|poke|p1|Sableye, M","|poke|p1|Tyranitar, M","|poke|p1|Hoopa-Unbound","|poke|p1|Crawdaunt, M","|poke|p1|Mandibuzz, F","|poke|p1|Bisharp, M","|poke|p2|Tornadus-Therian, M, shiny","|poke|p2|Landorus-Therian, M","|poke|p2|Skarmory, M, shiny","|poke|p2|Thundurus-Therian, M","|poke|p2|Gyarados, M","|poke|p2|Dragonite, F","|rule|Sleep Clause Mod: Limit one foe put to sleep","|rule|Species Clause: Limit one of each Pokémon","|rule|OHKO Clause: OHKO moves are banned","|rule|Moody Clause: Moody is banned","|rule|Evasion Moves Clause: Evasion moves are banned","|rule|Endless Battle Clause: Forcing endless battles is banned","|rule|HP Percentage Mod: HP is shown in percentages","|teampreview","|","|start","|switch|p1a: Loki|Sableye, M|304/304","|switch|p2a: Thundurus-Therian|Thundurus-Therian, M|300/300","|turn|1","|","|move|p1a: Loki|Calm Mind|p1a: Loki","|-boost|p1a: Loki|spa|1","|-boost|p1a: Loki|spd|1","|move|p2a: Thundurus-Therian|Volt Switch|p1a: Loki","|-damage|p1a: Loki|151/304","|-damage|p2a: Thundurus-Therian|270/300|[from] item: Life Orb","|","|switch|p2a: Tornadus-Therian|Tornadus-Therian, M, shiny|327/327","|","|turn|2","|","|move|p1a: Loki|Recover|p1a: Loki","|-heal|p1a: Loki|303/304","|move|p2a: Tornadus-Therian|Hurricane|p1a: Loki","|-damage|p1a: Loki|138/304","|","|turn|3","|","|move|p1a: Loki|Recover|p1a: Loki","|-heal|p1a: Loki|290/304","|move|p2a: Tornadus-Therian|Hurricane|p1a: Loki","|-damage|p1a: Loki|134/304","|","|turn|4","|","|move|p1a: Loki|Recover|p1a: Loki","|-heal|p1a: Loki|286/304","|move|p2a: Tornadus-Therian|Hurricane|p1a: Loki|[miss]","|-miss|p2a: Tornadus-Therian|p1a: Loki","|","|turn|5","|","|move|p1a: Loki|Will-O-Wisp|p2a: Tornadus-Therian","|-status|p2a: Tornadus-Therian|brn","|move|p2a: Tornadus-Therian|Hurricane|p1a: Loki","|-damage|p1a: Loki|123/304","|","|-damage|p2a: Tornadus-Therian|287/327 brn|[from] brn","|turn|6","|","|move|p1a: Loki|Recover|p1a: Loki","|-heal|p1a: Loki|275/304","|move|p2a: Tornadus-Therian|Hurricane|p1a: Loki|[miss]","|-miss|p2a: Tornadus-Therian|p1a: Loki","|","|-damage|p2a: Tornadus-Therian|247/327 brn|[from] brn","|turn|7","|","|move|p1a: Loki|Calm Mind|p1a: Loki","|-boost|p1a: Loki|spa|1","|-boost|p1a: Loki|spd|1","|move|p2a: Tornadus-Therian|Hurricane|p1a: Loki","|-crit|p1a: Loki","|-damage|p1a: Loki|0 fnt","|faint|p1a: Loki","|","|-damage|p2a: Tornadus-Therian|207/327 brn|[from] brn","|","|switch|p1a: Eros|Hoopa-Unbound|301/301","|turn|8","|","|switch|p2a: Skarmory|Skarmory, M, shiny|334/334","|move|p1a: Eros|Gunk Shot|p2a: Skarmory","|-immune|p2a: Skarmory|[msg]","|","|turn|9","|","|switch|p1a: Sobek|Tyranitar, M|404/404","|-weather|Sandstorm","|move|p2a: Skarmory|Stealth Rock|p1a: Sobek","|-sidestart|p1: Ready4Fredbear|move: Stealth Rock","|","|-weather|Sandstorm|[upkeep]","|turn|10","|","|move|p2a: Skarmory|Steel Wing|p1a: Sobek","|-supereffective|p1a: Sobek","|-damage|p1a: Sobek|278/404","|move|p1a: Sobek|Fire Blast|p2a: Skarmory","|-supereffective|p2a: Skarmory","|-damage|p2a: Skarmory|132/334","|","|-weather|Sandstorm|[upkeep]","|-heal|p1a: Sobek|303/404|[from] item: Leftovers","|turn|11","|","|move|p2a: Skarmory|Roost|p2a: Skarmory","|-heal|p2a: Skarmory|299/334","|move|p1a: Sobek|Fire Blast|p2a: Skarmory","|-supereffective|p2a: Skarmory","|-damage|p2a: Skarmory|87/334","|-status|p2a: Skarmory|brn","|","|-weather|Sandstorm|[upkeep]","|-heal|p1a: Sobek|328/404|[from] item: Leftovers","|-damage|p2a: Skarmory|46/334 brn|[from] brn","|turn|12","|","|move|p2a: Skarmory|Steel Wing|p1a: Sobek","|-supereffective|p1a: Sobek","|-damage|p1a: Sobek|265/404","|move|p1a: Sobek|Fire Blast|p2a: Skarmory","|-supereffective|p2a: Skarmory","|-damage|p2a: Skarmory|0 fnt","|faint|p2a: Skarmory","|","|-weather|Sandstorm|[upkeep]","|-heal|p1a: Sobek|290/404|[from] item: Leftovers","|","|switch|p2a: Gyarados|Gyarados, M|331/331","|-ability|p2a: Gyarados|Intimidate","|-unboost|p1a: Sobek|atk|1","|turn|13","|","|detailschange|p2a: Gyarados|Gyarados-Mega, M","|-mega|p2a: Gyarados|Gyarados|Gyaradosite","|-ability|p2a: Gyarados|Mold Breaker","|move|p2a: Gyarados|Dragon Dance|p2a: Gyarados","|-boost|p2a: Gyarados|atk|1","|-boost|p2a: Gyarados|spe|1","|move|p1a: Sobek|Stone Edge|p2a: Gyarados","|-damage|p2a: Gyarados|231/331","|","|-weather|none","|-heal|p1a: Sobek|315/404|[from] item: Leftovers","|turn|14","|","|move|p2a: Gyarados|Waterfall|p1a: Sobek","|-supereffective|p1a: Sobek","|-damage|p1a: Sobek|0 fnt","|faint|p1a: Sobek","|","|","|switch|p1a: Eros|Hoopa-Unbound|301/301","|-damage|p1a: Eros|264/301|[from] Stealth Rock","|turn|15","|","|move|p1a: Eros|Energy Ball|p2a: Gyarados","|-crit|p2a: Gyarados","|-supereffective|p2a: Gyarados","|-damage|p2a: Gyarados|0 fnt","|faint|p2a: Gyarados","|","|","|switch|p2a: Tornadus-Therian|Tornadus-Therian, M, shiny|316/327 brn","|turn|16","|","|switch|p1a: Urubutsin|Mandibuzz, F|423/423","|-damage|p1a: Urubutsin|318/423|[from] Stealth Rock","|move|p2a: Tornadus-Therian|Heat Wave|p1a: Urubutsin","|-damage|p1a: Urubutsin|213/423","|","|-damage|p2a: Tornadus-Therian|276/327 brn|[from] brn","|turn|17","|","|move|p2a: Tornadus-Therian|Hurricane|p1a: Urubutsin|[miss]","|-miss|p2a: Tornadus-Therian|p1a: Urubutsin","|move|p1a: Urubutsin|Roost|p1a: Urubutsin","|-heal|p1a: Urubutsin|423/423","|","|-damage|p2a: Tornadus-Therian|236/327 brn|[from] brn","|turn|18","|","|move|p2a: Tornadus-Therian|Hurricane|p1a: Urubutsin","|-damage|p1a: Urubutsin|225/423","|move|p1a: Urubutsin|Defog|p2a: Tornadus-Therian","|-unboost|p2a: Tornadus-Therian|evasion|1","|-sideend|p1: Ready4Fredbear|Stealth Rock|[from] move: Defog|[of] p1a: Urubutsin","|","|-damage|p2a: Tornadus-Therian|196/327 brn|[from] brn","|turn|19","|","|move|p2a: Tornadus-Therian|Hurricane|p1a: Urubutsin","|-damage|p1a: Urubutsin|42/423","|move|p1a: Urubutsin|Roost|p1a: Urubutsin","|-heal|p1a: Urubutsin|254/423","|","|-damage|p2a: Tornadus-Therian|156/327 brn|[from] brn","|turn|20","|","|switch|p2a: Thundurus-Therian|Thundurus-Therian, M|270/300","|move|p1a: Urubutsin|Roost|p1a: Urubutsin","|-heal|p1a: Urubutsin|423/423","|","|turn|21","|","|move|p2a: Thundurus-Therian|Volt Switch|p1a: Urubutsin","|-supereffective|p1a: Urubutsin","|-damage|p1a: Urubutsin|33/423","|-damage|p2a: Thundurus-Therian|240/300|[from] item: Life Orb","|","|switch|p2a: Tornadus-Therian|Tornadus-Therian, M, shiny|265/327 brn","|move|p1a: Urubutsin|Foul Play|p2a: Tornadus-Therian","|-damage|p2a: Tornadus-Therian|138/327 brn","|","|-damage|p2a: Tornadus-Therian|98/327 brn|[from] brn","|turn|22","|","|move|p2a: Tornadus-Therian|Heat Wave|p1a: Urubutsin","|-damage|p1a: Urubutsin|0 fnt","|faint|p1a: Urubutsin","|","|-damage|p2a: Tornadus-Therian|58/327 brn|[from] brn","|","|switch|p1a: Akkorokamui|Crawdaunt, M|267/267","|turn|23","|","|move|p1a: Akkorokamui|Aqua Jet|p2a: Tornadus-Therian","|-damage|p2a: Tornadus-Therian|0 fnt","|-damage|p1a: Akkorokamui|241/267|[from] item: Life Orb","|faint|p2a: Tornadus-Therian","|","|","|switch|p2a: Thundurus-Therian|Thundurus-Therian, M|240/300","|turn|24","|","|move|p2a: Thundurus-Therian|Volt Switch|p1a: Akkorokamui","|-supereffective|p1a: Akkorokamui","|-damage|p1a: Akkorokamui|0 fnt","|-damage|p2a: Thundurus-Therian|210/300|[from] item: Life Orb","|faint|p1a: Akkorokamui","|","|switch|p2a: Landorus-Therian|Landorus-Therian, M|320/320","|","|","|switch|p1a: The Golem of Vilna|Bisharp, M|271/271","|turn|25","|","|move|p1a: The Golem of Vilna|Sucker Punch|p2a: Landorus-Therian","|-damage|p2a: Landorus-Therian|158/320","|move|p2a: Landorus-Therian|Earthquake|p1a: The Golem of Vilna","|-crit|p1a: The Golem of Vilna","|-supereffective|p1a: The Golem of Vilna","|-damage|p1a: The Golem of Vilna|0 fnt","|faint|p1a: The Golem of Vilna","|","|","|switch|p1a: Eros|Hoopa-Unbound|264/301","|turn|26","|","|move|p2a: Landorus-Therian|Earthquake|p1a: Eros","|-crit|p1a: Eros","|-damage|p1a: Eros|0 fnt","|faint|p1a: Eros","|","|win|Alpha알파α리더LeadèR"],"p1rating":{"entryid":"393868","serverid":"eos","formatid":"monotype","userid":"ready4fredbear","username":"Ready4Fredbear?","w":"4","l":7,"t":"0","gxe":42.8,"r":"1461.0709462751","rd":"87.876140717146","sigma":"0","rptime":"1440493200","rpr":1443.5906334326,"rprd":85.592013307822,"rpsigma":"0","acre":1039.2556652522,"lacre":1039.2556652522,"oldacre":"1054.3144044875"},"p2rating":{"entryid":"473243","serverid":"eos","formatid":"monotype","userid":"alphaleadr","username":"Alpha알파α리더LeadèR","w":4,"l":"0","t":"0","gxe":66.1,"r":"1500","rd":"130","sigma":"0","rptime":"1440493200","rpr":1631.5741085365,"rprd":105.94771705666,"rpsigma":"0","acre":1134.7699378773,"lacre":1134.7699378773,"oldacre":"1114.0246274861"},"endType":"normal"}