{"seed":[49531,32936,36250,33081],"turns":42,"p1":"ApexProf🔰SmogOn","p2":"Ultimateluxray17","p1team":[{"name":"One Shot?","species":"chansey","item":"eviolite","ability":"Natural Cure","moves":["toxic","softboiled","seismictoss","healbell"],"nature":"Bold","evs":{"hp":248,"atk":0,"def":252,"spa":0,"spd":8,"spe":0},"ivs":{"hp":31,"atk":31,"def":31,"spa":31,"spd":31,"spe":31}},{"name":"Slaking","species":"Slaking","item":"choiceband","ability":"Truant","moves":["gigaimpact","gunkshot","earthquake","hammerarm"],"nature":"Jolly","evs":{"hp":0,"atk":252,"def":0,"spa":0,"spd":4,"spe":252},"ivs":{"hp":31,"atk":31,"def":31,"spa":31,"spd":31,"spe":31}},{"name":"Staraptor","species":"Staraptor","item":"choicescarf","ability":"Reckless","moves":["bravebird","doubleedge","finalgambit","uturn"],"nature":"Jolly","evs":{"hp":0,"atk":252,"def":0,"spa":0,"spd":4,"spe":252},"ivs":{"hp":31,"atk":31,"def":31,"spa":31,"spd":31,"spe":31}},{"name":"Brooklyn Slut","species":"lopunny","item":"lopunnite","ability":"Cute Charm","moves":["fakeout","highjumpkick","poweruppunch","return"],"nature":"Jolly","evs":{"hp":0,"atk":252,"def":0,"spa":0,"spd":4,"spe":252},"gender":"F","ivs":{"hp":31,"atk":31,"def":31,"spa":31,"spd":31,"spe":31}},{"name":"Duck. EXE 2.0","species":"porygon2","item":"eviolite","ability":"Trace","moves":["thunderwave","triattack","recover","icebeam"],"nature":"Bold","evs":{"hp":252,"atk":0,"def":104,"spa":0,"spd":152,"spe":0},"ivs":{"hp":31,"atk":31,"def":31,"spa":31,"spd":31,"spe":31}},{"name":"Niggersby","species":"diggersby","item":"focussash","ability":"Huge Power","moves":["return","earthquake","quickattack","firepunch"],"nature":"Adamant","evs":{"hp":4,"atk":252,"def":0,"spa":0,"spd":0,"spe":252},"gender":"M","ivs":{"hp":31,"atk":31,"def":31,"spa":31,"spd":31,"spe":31}}],"p2team":[{"name":"Staraptor","species":"Staraptor","item":"choicescarf","ability":"Reckless","moves":["bravebird","doubleedge","closecombat","uturn"],"nature":"Jolly","evs":{"hp":0,"atk":252,"def":0,"spa":0,"spd":4,"spe":252},"ivs":{"hp":31,"atk":31,"def":31,"spa":31,"spd":31,"spe":31}},{"name":"Pidgeot","species":"Pidgeot","item":"pidgeotite","ability":"Keen Eye","moves":["hurricane","heatwave","roost","hiddenpowerice"],"nature":"Timid","evs":{"hp":0,"atk":0,"def":0,"spa":252,"spd":4,"spe":252},"ivs":{"hp":31,"atk":30,"def":30,"spa":31,"spd":31,"spe":31}},{"name":"Gliscor","species":"Gliscor","item":"toxicorb","ability":"Poison Heal","moves":["earthquake","toxic","substitute","roost"],"nature":"Impish","evs":{"hp":248,"atk":0,"def":188,"spa":0,"spd":0,"spe":72},"ivs":{"hp":31,"atk":31,"def":31,"spa":31,"spd":31,"spe":31}},{"name":"Togekiss","species":"Togekiss","item":"leftovers","ability":"Serene Grace","moves":["thunderwave","airslash","flamethrower","roost"],"nature":"Calm","evs":{"hp":0,"atk":0,"def":0,"spa":4,"spd":252,"spe":252},"ivs":{"hp":31,"atk":31,"def":31,"spa":31,"spd":31,"spe":31}},{"name":"Skarmory","species":"Skarmory","item":"leftovers","ability":"Sturdy","moves":["stealthrock","roost","bravebird","spikes"],"nature":"Impish","evs":{"hp":252,"atk":0,"def":232,"spa":0,"spd":0,"spe":24},"ivs":{"hp":31,"atk":31,"def":31,"spa":31,"spd":31,"spe":31}},{"name":"Tornadus-Therian","species":"Tornadus-Therian","item":"lifeorb","ability":"Regenerator","moves":["darkpulse","extrasensory","hurricane","sludgewave"],"nature":"Timid","evs":{"hp":0,"atk":0,"def":0,"spa":252,"spd":4,"spe":252},"ivs":{"hp":31,"atk":31,"def":31,"spa":31,"spd":31,"spe":31}}],"log":["|player|p1|ApexProf🔰SmogOn|101","|player|p2|Ultimateluxray17|274","|gametype|singles","|gen|6","|tier|Monotype","|rated","|rule|Baton Pass Clause: Limit one Baton Passer, can't pass Spe and other stats simultaneously","|rule|Swagger Clause: Swagger is banned","|rule|Same Type Clause: Pokémon in a team must share a type","|clearpoke","|poke|p1|Chansey, F","|poke|p1|Slaking, F","|poke|p1|Staraptor, F","|poke|p1|Lopunny, F","|poke|p1|Porygon2","|poke|p1|Diggersby, M","|poke|p2|Staraptor, M","|poke|p2|Pidgeot, F","|poke|p2|Gliscor, M","|poke|p2|Togekiss, M","|poke|p2|Skarmory, M","|poke|p2|Tornadus-Therian, M","|rule|Sleep Clause Mod: Limit one foe put to sleep","|rule|Species Clause: Limit one of each Pokémon","|rule|OHKO Clause: OHKO moves are banned","|rule|Moody Clause: Moody is banned","|rule|Evasion Moves Clause: Evasion moves are banned","|rule|Endless Battle Clause: Forcing endless battles is banned","|rule|HP Percentage Mod: HP is shown in percentages","|teampreview","|","|start","|switch|p1a: Niggersby|Diggersby, M|312/312","|switch|p2a: Skarmory|Skarmory, M|334/334","|turn|1","|","|move|p1a: Niggersby|Fire Punch|p2a: Skarmory","|-supereffective|p2a: Skarmory","|-damage|p2a: Skarmory|192/334","|move|p2a: Skarmory|Stealth Rock|p1a: Niggersby","|-sidestart|p1: ApexProf🔰SmogOn|move: Stealth Rock","|","|-heal|p2a: Skarmory|212/334|[from] item: Leftovers","|turn|2","|","|move|p1a: Niggersby|Fire Punch|p2a: Skarmory","|-supereffective|p2a: Skarmory","|-damage|p2a: Skarmory|88/334","|move|p2a: Skarmory|Roost|p2a: Skarmory","|-heal|p2a: Skarmory|255/334","|","|-heal|p2a: Skarmory|275/334|[from] item: Leftovers","|turn|3","|","|move|p1a: Niggersby|Fire Punch|p2a: Skarmory","|-supereffective|p2a: Skarmory","|-damage|p2a: Skarmory|135/334","|move|p2a: Skarmory|Roost|p2a: Skarmory","|-heal|p2a: Skarmory|302/334","|","|-heal|p2a: Skarmory|322/334|[from] item: Leftovers","|turn|4","|","|move|p1a: Niggersby|Fire Punch|p2a: Skarmory","|-supereffective|p2a: Skarmory","|-damage|p2a: Skarmory|178/334","|move|p2a: Skarmory|Spikes|p1a: Niggersby","|-sidestart|p1: ApexProf🔰SmogOn|Spikes","|","|-heal|p2a: Skarmory|198/334|[from] item: Leftovers","|turn|5","|","|switch|p1a: Brooklyn Slut|Lopunny, F|271/271","|-damage|p1a: Brooklyn Slut|238/271|[from] Stealth Rock","|-damage|p1a: Brooklyn Slut|205/271|[from] Spikes","|move|p2a: Skarmory|Roost|p2a: Skarmory","|-heal|p2a: Skarmory|334/334","|","|turn|6","|","|detailschange|p1a: Brooklyn Slut|Lopunny-Mega, F","|-mega|p1a: Brooklyn Slut|Lopunny|Lopunnite","|move|p1a: Brooklyn Slut|Fake Out|p2a: Skarmory","|-crit|p2a: Skarmory","|-resisted|p2a: Skarmory","|-damage|p2a: Skarmory|303/334","|cant|p2a: Skarmory|flinch","|","|-heal|p2a: Skarmory|323/334|[from] item: Leftovers","|turn|7","|","|move|p1a: Brooklyn Slut|High Jump Kick|p2a: Skarmory","|-damage|p2a: Skarmory|181/334","|move|p2a: Skarmory|Brave Bird|p1a: Brooklyn Slut","|-supereffective|p1a: Brooklyn Slut","|-damage|p1a: Brooklyn Slut|0 fnt","|-damage|p2a: Skarmory|113/334|[from] recoil|[of] p1a: Brooklyn Slut","|faint|p1a: Brooklyn Slut","|","|-heal|p2a: Skarmory|133/334|[from] item: Leftovers","|","|switch|p1a: Niggersby|Diggersby, M|312/312","|-damage|p1a: Niggersby|273/312|[from] Spikes","|-damage|p1a: Niggersby|254/312|[from] Stealth Rock","|turn|8","|","|move|p1a: Niggersby|Fire Punch|p2a: Skarmory","|-supereffective|p2a: Skarmory","|-damage|p2a: Skarmory|0 fnt","|faint|p2a: Skarmory","|","|","|switch|p2a: Pidgeot|Pidgeot, F|307/307","|turn|9","|","|detailschange|p2a: Pidgeot|Pidgeot-Mega, F","|-mega|p2a: Pidgeot|Pidgeot|Pidgeotite","|move|p1a: Niggersby|Quick Attack|p2a: Pidgeot","|-damage|p2a: Pidgeot|186/307","|move|p2a: Pidgeot|Hurricane|p1a: Niggersby","|-damage|p1a: Niggersby|5/312","|","|turn|10","|","|move|p1a: Niggersby|Quick Attack|p2a: Pidgeot","|-damage|p2a: Pidgeot|75/307","|move|p2a: Pidgeot|Hidden Power|p1a: Niggersby","|-supereffective|p1a: Niggersby","|-damage|p1a: Niggersby|0 fnt","|faint|p1a: Niggersby","|","|","|switch|p1a: Staraptor|Staraptor, F|311/311","|-damage|p1a: Staraptor|234/311|[from] Stealth Rock","|turn|11","|","|move|p1a: Staraptor|Brave Bird|p2a: Pidgeot","|-crit|p2a: Pidgeot","|-damage|p2a: Pidgeot|0 fnt","|-damage|p1a: Staraptor|209/311|[from] recoil|[of] p2a: Pidgeot","|faint|p2a: Pidgeot","|","|","|switch|p2a: Staraptor|Staraptor, M|311/311","|turn|12","|","|move|p1a: Staraptor|Brave Bird|p2a: Staraptor","|-damage|p2a: Staraptor|10/311","|-damage|p1a: Staraptor|110/311|[from] recoil|[of] p2a: Staraptor","|move|p2a: Staraptor|Brave Bird|p1a: Staraptor","|-damage|p1a: Staraptor|0 fnt","|-damage|p2a: Staraptor|0 fnt|[from] recoil|[of] p1a: Staraptor","|faint|p1a: Staraptor","|faint|p2a: Staraptor","|","|","|switch|p2a: Tornadus-Therian|Tornadus-Therian, M|299/299","|switch|p1a: Slaking|Slaking, F|441/441","|-damage|p1a: Slaking|386/441|[from] Spikes","|-damage|p1a: Slaking|331/441|[from] Stealth Rock","|turn|13","|","|move|p2a: Tornadus-Therian|Hurricane|p1a: Slaking","|-damage|p1a: Slaking|33/441","|-damage|p2a: Tornadus-Therian|270/299|[from] item: Life Orb","|move|p1a: Slaking|Giga Impact|p2a: Tornadus-Therian","|-damage|p2a: Tornadus-Therian|0 fnt","|faint|p2a: Tornadus-Therian","|","|","|switch|p2a: Gliscor|Gliscor, M|353/353","|turn|14","|-mustrecharge|p1a: Slaking","|-mustrecharge|p1a: Slaking","|","|cant|p1a: Slaking|recharge","|move|p2a: Gliscor|Earthquake|p1a: Slaking","|-damage|p1a: Slaking|0 fnt","|faint|p1a: Slaking","|","|-status|p2a: Gliscor|tox|[from] item: Toxic Orb","|","|switch|p1a: Duck. EXE 2.0|Porygon2|374/374","|-damage|p1a: Duck. EXE 2.0|328/374|[from] Spikes","|-damage|p1a: Duck. EXE 2.0|282/374|[from] Stealth Rock","|-ability|p1a: Duck. EXE 2.0|Poison Heal|[from] ability: Trace|[of] p2a: Gliscor","|turn|15","|","|move|p2a: Gliscor|Substitute|p2a: Gliscor","|-start|p2a: Gliscor|Substitute","|-damage|p2a: Gliscor|265/353 tox","|move|p1a: Duck. EXE 2.0|Ice Beam|p2a: Gliscor","|-supereffective|p2a: Gliscor","|-end|p2a: Gliscor|Substitute","|","|-heal|p2a: Gliscor|309/353 tox|[from] ability: Poison Heal","|turn|16","|","|switch|p2a: Togekiss|Togekiss, M|311/311","|move|p1a: Duck. EXE 2.0|Recover|p1a: Duck. EXE 2.0","|-heal|p1a: Duck. EXE 2.0|374/374","|","|turn|17","|","|move|p2a: Togekiss|Thunder Wave|p1a: Duck. EXE 2.0","|-status|p1a: Duck. EXE 2.0|par","|move|p1a: Duck. EXE 2.0|Thunder Wave|p2a: Togekiss","|-status|p2a: Togekiss|par","|","|turn|18","|","|move|p2a: Togekiss|Air Slash|p1a: Duck. EXE 2.0","|-damage|p1a: Duck. EXE 2.0|305/374 par","|cant|p1a: Duck. EXE 2.0|flinch","|","|turn|19","|","|move|p2a: Togekiss|Air Slash|p1a: Duck. EXE 2.0","|-damage|p1a: Duck. EXE 2.0|238/374 par","|cant|p1a: Duck. EXE 2.0|flinch","|","|turn|20","|","|switch|p1a: One Shot?|Chansey, F|703/703","|-damage|p1a: One Shot?|616/703|[from] Spikes","|-damage|p1a: One Shot?|529/703|[from] Stealth Rock","|cant|p2a: Togekiss|par","|","|turn|21","|","|move|p1a: One Shot?|Heal Bell|p1a: One Shot?","|-cureteam|p1a: One Shot?|[from] move: HealBell","|cant|p2a: Togekiss|par","|","|turn|22","|","|move|p1a: One Shot?|Seismic Toss|p2a: Togekiss","|-damage|p2a: Togekiss|211/311 par","|move|p2a: Togekiss|Thunder Wave|p1a: One Shot?","|-status|p1a: One Shot?|par","|","|-heal|p2a: Togekiss|230/311 par|[from] item: Leftovers","|turn|23","|","|cant|p2a: Togekiss|par","|move|p1a: One Shot?|Heal Bell|p1a: One Shot?","|-cureteam|p1a: One Shot?|[from] move: HealBell","|","|-heal|p2a: Togekiss|249/311 par|[from] item: Leftovers","|turn|24","|","|switch|p2a: Gliscor|Gliscor, M|309/353 tox","|move|p1a: One Shot?|Seismic Toss|p2a: Gliscor","|-damage|p2a: Gliscor|209/353 tox","|","|-heal|p2a: Gliscor|253/353 tox|[from] ability: Poison Heal","|turn|25","|","|move|p2a: Gliscor|Substitute|p2a: Gliscor","|-start|p2a: Gliscor|Substitute","|-damage|p2a: Gliscor|165/353 tox","|move|p1a: One Shot?|Seismic Toss|p2a: Gliscor","|-end|p2a: Gliscor|Substitute","|","|-heal|p2a: Gliscor|209/353 tox|[from] ability: Poison Heal","|turn|26","|","|move|p2a: Gliscor|Roost|p2a: Gliscor","|-heal|p2a: Gliscor|353/353 tox","|move|p1a: One Shot?|Seismic Toss|p2a: Gliscor","|-damage|p2a: Gliscor|253/353 tox","|","|-heal|p2a: Gliscor|297/353 tox|[from] ability: Poison Heal","|turn|27","|","|move|p2a: Gliscor|Earthquake|p1a: One Shot?","|-damage|p1a: One Shot?|381/703","|move|p1a: One Shot?|Seismic Toss|p2a: Gliscor","|-damage|p2a: Gliscor|197/353 tox","|","|-heal|p2a: Gliscor|241/353 tox|[from] ability: Poison Heal","|turn|28","|","|move|p2a: Gliscor|Toxic|p1a: One Shot?","|-status|p1a: One Shot?|tox","|move|p1a: One Shot?|Seismic Toss|p2a: Gliscor","|-damage|p2a: Gliscor|141/353 tox","|","|-heal|p2a: Gliscor|185/353 tox|[from] ability: Poison Heal","|-damage|p1a: One Shot?|338/703 tox|[from] psn","|turn|29","|","|move|p2a: Gliscor|Substitute|p2a: Gliscor","|-start|p2a: Gliscor|Substitute","|-damage|p2a: Gliscor|97/353 tox","|move|p1a: One Shot?|Seismic Toss|p2a: Gliscor","|-end|p2a: Gliscor|Substitute","|","|-heal|p2a: Gliscor|141/353 tox|[from] ability: Poison Heal","|-damage|p1a: One Shot?|252/703 tox|[from] psn","|turn|30","|","|move|p2a: Gliscor|Roost|p2a: Gliscor","|-heal|p2a: Gliscor|318/353 tox","|move|p1a: One Shot?|Heal Bell|p1a: One Shot?","|-cureteam|p1a: One Shot?|[from] move: HealBell","|","|-heal|p2a: Gliscor|353/353 tox|[from] ability: Poison Heal","|turn|31","|","|move|p2a: Gliscor|Toxic|p1a: One Shot?","|-status|p1a: One Shot?|tox","|move|p1a: One Shot?|Soft-Boiled|p1a: One Shot?","|-heal|p1a: One Shot?|604/703 tox","|","|-damage|p1a: One Shot?|561/703 tox|[from] psn","|turn|32","|","|move|p2a: Gliscor|Earthquake|p1a: One Shot?","|-damage|p1a: One Shot?|399/703 tox","|move|p1a: One Shot?|Heal Bell|p1a: One Shot?","|-cureteam|p1a: One Shot?|[from] move: HealBell","|","|turn|33","|","|switch|p1a: Duck. EXE 2.0|Porygon2|238/374","|-damage|p1a: Duck. EXE 2.0|192/374|[from] Spikes","|-damage|p1a: Duck. EXE 2.0|146/374|[from] Stealth Rock","|-ability|p1a: Duck. EXE 2.0|Poison Heal|[from] ability: Trace|[of] p2a: Gliscor","|move|p2a: Gliscor|Earthquake|p1a: Duck. EXE 2.0","|-damage|p1a: Duck. EXE 2.0|83/374","|","|turn|34","|","|move|p2a: Gliscor|Substitute|p2a: Gliscor","|-start|p2a: Gliscor|Substitute","|-damage|p2a: Gliscor|265/353 tox","|move|p1a: Duck. EXE 2.0|Recover|p1a: Duck. EXE 2.0","|-heal|p1a: Duck. EXE 2.0|270/374","|","|-heal|p2a: Gliscor|309/353 tox|[from] ability: Poison Heal","|turn|35","|","|move|p2a: Gliscor|Toxic|p1a: Duck. EXE 2.0","|-status|p1a: Duck. EXE 2.0|tox","|move|p1a: Duck. EXE 2.0|Recover|p1a: Duck. EXE 2.0","|-heal|p1a: Duck. EXE 2.0|374/374 tox","|","|-heal|p2a: Gliscor|353/353 tox|[from] ability: Poison Heal","|turn|36","|","|move|p2a: Gliscor|Earthquake|p1a: Duck. EXE 2.0","|-damage|p1a: Duck. EXE 2.0|308/374 tox","|move|p1a: Duck. EXE 2.0|Tri Attack|p2a: Gliscor","|-end|p2a: Gliscor|Substitute","|","|-heal|p1a: Duck. EXE 2.0|354/374 tox|[from] ability: Poison Heal","|turn|37","|","|switch|p2a: Togekiss|Togekiss, M|249/311 par","|move|p1a: Duck. EXE 2.0|Ice Beam|p2a: Togekiss","|-supereffective|p2a: Togekiss","|-damage|p2a: Togekiss|149/311 par","|","|-heal|p2a: Togekiss|168/311 par|[from] item: Leftovers","|-heal|p1a: Duck. EXE 2.0|374/374 tox|[from] ability: Poison Heal","|turn|38","|","|move|p1a: Duck. EXE 2.0|Ice Beam|p2a: Togekiss","|-supereffective|p2a: Togekiss","|-damage|p2a: Togekiss|76/311 par","|move|p2a: Togekiss|Roost|p2a: Togekiss","|-heal|p2a: Togekiss|232/311 par","|","|-heal|p2a: Togekiss|251/311 par|[from] item: Leftovers","|turn|39","|","|move|p1a: Duck. EXE 2.0|Tri Attack|p2a: Togekiss","|-damage|p2a: Togekiss|184/311 par","|cant|p2a: Togekiss|par","|","|-heal|p2a: Togekiss|203/311 par|[from] item: Leftovers","|turn|40","|","|move|p1a: Duck. EXE 2.0|Ice Beam|p2a: Togekiss","|-supereffective|p2a: Togekiss","|-damage|p2a: Togekiss|111/311 par","|move|p2a: Togekiss|Air Slash|p1a: Duck. EXE 2.0","|-damage|p1a: Duck. EXE 2.0|316/374 tox","|","|-heal|p2a: Togekiss|130/311 par|[from] item: Leftovers","|-heal|p1a: Duck. EXE 2.0|362/374 tox|[from] ability: Poison Heal","|turn|41","|","|move|p1a: Duck. EXE 2.0|Ice Beam|p2a: Togekiss","|-supereffective|p2a: Togekiss","|-damage|p2a: Togekiss|38/311 par","|move|p2a: Togekiss|Roost|p2a: Togekiss","|-heal|p2a: Togekiss|194/311 par","|","|-heal|p2a: Togekiss|213/311 par|[from] item: Leftovers","|-heal|p1a: Duck. EXE 2.0|374/374 tox|[from] ability: Poison Heal","|turn|42","|","|win|ApexProf🔰SmogOn"],"p1rating":{"entryid":"318042","serverid":"eos","formatid":"monotype","userid":"apexprofsmogon","username":"ApexProf","w":16,"l":"10","t":"0","gxe":62.1,"r":"1555.0337340054","rd":"68.245789190629","sigma":"0","rptime":"1440579600","rpr":1594.2000187462,"rprd":64.169951849355,"rpsigma":"0","acre":1179.2228687346,"lacre":1179.2228687346,"oldacre":"1165.2937810053"},"p2rating":{"entryid":476168,"formatid":"monotype","userid":"ultimateluxray17","username":"Ultimateluxray17","r":1500,"rd":130,"sigma":0,"rpr":1464.4089272516,"rprd":122.26259739311,"rpsigma":0,"rptime":1440579600,"w":0,"l":1,"t":0,"gxe":45.6,"acre":1000,"lacre":1000,"oldacre":1000},"endType":"forfeit"}