{"seed":[16046,4908,35110,34494],"turns":19,"p1":"Apex✦Reborn","p2":"GL♅Reshiram","p1team":[{"name":"Shuckle","species":"Shuckle","item":"leftovers","ability":"Sturdy","moves":["stickyweb","encore","toxic","stealthrock"],"nature":"Calm","evs":{"hp":252,"atk":0,"def":56,"spa":0,"spd":200,"spe":0},"ivs":{"hp":31,"atk":31,"def":31,"spa":31,"spd":31,"spe":31}},{"name":"Scizor","species":"Scizor","item":"choiceband","ability":"Technician","moves":["bulletpunch","uturn","aerialace","pursuit"],"nature":"Adamant","evs":{"hp":176,"atk":164,"def":156,"spa":0,"spd":12,"spe":0},"ivs":{"hp":31,"atk":31,"def":31,"spa":31,"spd":31,"spe":31}},{"name":"Volcarona","species":"Volcarona","item":"leftovers","ability":"Flame Body","moves":["fierydance","roost","bugbuzz","quiverdance"],"nature":"Timid","evs":{"hp":56,"atk":0,"def":176,"spa":252,"spd":8,"spe":16},"ivs":{"hp":31,"atk":31,"def":31,"spa":30,"spd":30,"spe":31}},{"name":"Crustle","species":"Crustle","item":"salacberry","ability":"Sturdy","moves":["xscissor","rockslide","earthquake","shellsmash"],"nature":"Jolly","evs":{"hp":0,"atk":252,"def":0,"spa":0,"spd":12,"spe":244},"ivs":{"hp":31,"atk":31,"def":31,"spa":31,"spd":31,"spe":31}},{"name":"Pinsir","species":"Pinsir","item":"pinsirite","ability":"Moxie","moves":["earthquake","swordsdance","frustration","closecombat"],"nature":"Jolly","evs":{"hp":0,"atk":252,"def":0,"spa":0,"spd":4,"spe":252},"happiness":0,"ivs":{"hp":31,"atk":31,"def":31,"spa":31,"spd":31,"spe":31}},{"name":"Heracross","species":"Heracross","item":"assaultvest","ability":"Guts","moves":["closecombat","rockslide","knockoff","megahorn"],"nature":"Adamant","evs":{"hp":124,"atk":148,"def":0,"spa":0,"spd":236,"spe":0},"ivs":{"hp":31,"atk":31,"def":31,"spa":31,"spd":31,"spe":31}}],"p2team":[{"name":"Hippowdon","species":"Hippowdon","item":"leftovers","ability":"Sand Stream","moves":["stoneedge","stealthrock","slackoff","whirlwind"],"nature":"Impish","evs":{"hp":252,"atk":0,"def":144,"spa":0,"spd":112,"spe":0},"shiny":true,"ivs":{"hp":31,"atk":31,"def":31,"spa":31,"spd":31,"spe":31}},{"name":"Garchomp","species":"Garchomp","item":"salacberry","ability":"Rough Skin","moves":["swordsdance","earthquake","dragonclaw","substitute"],"nature":"Jolly","evs":{"hp":12,"atk":244,"def":0,"spa":0,"spd":0,"spe":252},"shiny":true,"ivs":{"hp":31,"atk":31,"def":31,"spa":31,"spd":31,"spe":31}},{"name":"Gliscor","species":"Gliscor","item":"toxicorb","ability":"Poison Heal","moves":["taunt","toxic","roost","knockoff"],"nature":"Careful","evs":{"hp":244,"atk":0,"def":8,"spa":0,"spd":200,"spe":56},"shiny":true,"ivs":{"hp":31,"atk":31,"def":31,"spa":31,"spd":31,"spe":31}},{"name":"Excadrill","species":"Excadrill","item":"lifeorb","ability":"Sand Rush","moves":["earthquake","ironhead","rockslide","swordsdance"],"nature":"Adamant","evs":{"hp":0,"atk":252,"def":4,"spa":0,"spd":0,"spe":252},"shiny":true,"ivs":{"hp":31,"atk":31,"def":31,"spa":31,"spd":31,"spe":31}},{"name":"Quagsire","species":"Quagsire","item":"leftovers","ability":"Water Absorb","moves":["earthpower","recover","scald","stockpile"],"nature":"Relaxed","evs":{"hp":252,"atk":0,"def":252,"spa":0,"spd":4,"spe":0},"ivs":{"hp":31,"atk":31,"def":31,"spa":31,"spd":31,"spe":31}},{"name":"Nidoking","species":"Nidoking","item":"lifeorb","ability":"Sheer Force","moves":["sludgewave","earthpower","icebeam","superpower"],"nature":"Naive","evs":{"hp":0,"atk":0,"def":4,"spa":252,"spd":0,"spe":252},"shiny":true,"ivs":{"hp":31,"atk":31,"def":31,"spa":31,"spd":31,"spe":31}}],"log":["|player|p1|Apex✦Reborn|169","|player|p2|GL♅Reshiram|163","|gametype|singles","|gen|6","|tier|Monotype","|rated","|rule|Baton Pass Clause: Limit one Baton Passer, can't pass Spe and other stats simultaneously","|rule|Swagger Clause: Swagger is banned","|rule|Same Type Clause: Pokémon in a team must share a type","|clearpoke","|poke|p1|Shuckle, F","|poke|p1|Scizor, F","|poke|p1|Volcarona, M","|poke|p1|Crustle, M","|poke|p1|Pinsir, F","|poke|p1|Heracross, M","|poke|p2|Hippowdon, F, shiny","|poke|p2|Garchomp, M, shiny","|poke|p2|Gliscor, F, shiny","|poke|p2|Excadrill, M, shiny","|poke|p2|Quagsire, M","|poke|p2|Nidoking, M, shiny","|rule|Sleep Clause Mod: Limit one foe put to sleep","|rule|Species Clause: Limit one of each Pokémon","|rule|OHKO Clause: OHKO moves are banned","|rule|Moody Clause: Moody is banned","|rule|Evasion Moves Clause: Evasion moves are banned","|rule|Endless Battle Clause: Forcing endless battles is banned","|rule|HP Percentage Mod: HP is shown in percentages","|teampreview","|","|start","|switch|p1a: Shuckle|Shuckle, F|244/244","|switch|p2a: Hippowdon|Hippowdon, F, shiny|420/420","|-weather|Sandstorm","|turn|1","|","|move|p2a: Hippowdon|Stealth Rock|p1a: Shuckle","|-sidestart|p1: Apex✦Reborn|move: Stealth Rock","|move|p1a: Shuckle|Sticky Web|p2a: Hippowdon","|-sidestart|p2: GL♅Reshiram|move: Sticky Web","|","|-weather|Sandstorm|[upkeep]","|turn|2","|","|move|p1a: Shuckle|Toxic|p2a: Hippowdon","|-status|p2a: Hippowdon|tox","|move|p2a: Hippowdon|Whirlwind|p1a: Shuckle","|drag|p1a: Crustle|Crustle, M|281/281","|-damage|p1a: Crustle|211/281|[from] Stealth Rock","|","|-weather|Sandstorm|[upkeep]","|-damage|p2a: Hippowdon|394/420 tox|[from] psn","|turn|3","|","|move|p1a: Crustle|Shell Smash|p1a: Crustle","|-unboost|p1a: Crustle|def|1","|-unboost|p1a: Crustle|spd|1","|-boost|p1a: Crustle|atk|2","|-boost|p1a: Crustle|spa|2","|-boost|p1a: Crustle|spe|2","|move|p2a: Hippowdon|Whirlwind|p1a: Crustle","|drag|p1a: Volcarona|Volcarona, M|325/325","|-damage|p1a: Volcarona|163/325|[from] Stealth Rock","|","|-weather|Sandstorm|[upkeep]","|-damage|p1a: Volcarona|143/325|[from] sandstorm","|-heal|p1a: Volcarona|163/325|[from] item: Leftovers","|-heal|p2a: Hippowdon|420/420 tox|[from] item: Leftovers","|-damage|p2a: Hippowdon|368/420 tox|[from] psn","|turn|4","|","|move|p1a: Volcarona|Roost|p1a: Volcarona","|-heal|p1a: Volcarona|325/325","|move|p2a: Hippowdon|Stone Edge|p1a: Volcarona","|-supereffective|p1a: Volcarona","|-damage|p1a: Volcarona|0 fnt","|faint|p1a: Volcarona","|","|-weather|Sandstorm|[upkeep]","|-heal|p2a: Hippowdon|394/420 tox|[from] item: Leftovers","|-damage|p2a: Hippowdon|316/420 tox|[from] psn","|","|switch|p1a: Shuckle|Shuckle, F|244/244","|-damage|p1a: Shuckle|183/244|[from] Stealth Rock","|turn|5","|","|switch|p2a: Garchomp|Garchomp, M, shiny|360/360","|-activate|p2a: Garchomp|move: Sticky Web","|-unboost|p2a: Garchomp|spe|1","|move|p1a: Shuckle|Stealth Rock|p2a: Garchomp","|-sidestart|p2: GL♅Reshiram|move: Stealth Rock","|","|-weather|none","|-heal|p1a: Shuckle|198/244|[from] item: Leftovers","|turn|6","|","|move|p2a: Garchomp|Substitute|p2a: Garchomp","|-start|p2a: Garchomp|Substitute","|-damage|p2a: Garchomp|270/360","|move|p1a: Shuckle|Encore|p2a: Garchomp","|-start|p2a: Garchomp|Encore","|","|-heal|p1a: Shuckle|213/244|[from] item: Leftovers","|turn|7","|","|move|p2a: Garchomp|Substitute|p2a: Garchomp","|-fail|p2a: Garchomp|move: Substitute","|move|p1a: Shuckle|Toxic|p2a: Garchomp","|-fail|p2a: Garchomp","|","|-heal|p1a: Shuckle|228/244|[from] item: Leftovers","|turn|8","|","|switch|p1a: Crustle|Crustle, M|211/281","|-damage|p1a: Crustle|141/281|[from] Stealth Rock","|move|p2a: Garchomp|Substitute|p2a: Garchomp","|-fail|p2a: Garchomp|move: Substitute","|","|turn|9","|","|move|p2a: Garchomp|Substitute|p2a: Garchomp","|-fail|p2a: Garchomp|move: Substitute","|move|p1a: Crustle|X-Scissor|p2a: Garchomp","|-end|p2a: Garchomp|Substitute","|","|-end|p2a: Garchomp|Encore","|turn|10","|","|move|p2a: Garchomp|Earthquake|p1a: Crustle","|-damage|p1a: Crustle|0 fnt","|faint|p1a: Crustle","|","|","|switch|p1a: Pinsir|Pinsir, F|271/271","|-damage|p1a: Pinsir|204/271|[from] Stealth Rock","|turn|11","|","|switch|p2a: Hippowdon|Hippowdon, F, shiny|316/420 tox","|-damage|p2a: Hippowdon|290/420 tox|[from] Stealth Rock","|-activate|p2a: Hippowdon|move: Sticky Web","|-unboost|p2a: Hippowdon|spe|1","|-weather|Sandstorm","|detailschange|p1a: Pinsir|Pinsir-Mega, F","|-mega|p1a: Pinsir|Pinsir|Pinsirite","|move|p1a: Pinsir|Frustration|p2a: Hippowdon","|-damage|p2a: Hippowdon|112/420 tox","|","|-weather|Sandstorm|[upkeep]","|-damage|p1a: Pinsir|188/271|[from] sandstorm","|-heal|p2a: Hippowdon|138/420 tox|[from] item: Leftovers","|-damage|p2a: Hippowdon|112/420 tox|[from] psn","|turn|12","|","|move|p1a: Pinsir|Frustration|p2a: Hippowdon","|-damage|p2a: Hippowdon|0 fnt","|faint|p2a: Hippowdon","|","|-weather|Sandstorm|[upkeep]","|-damage|p1a: Pinsir|172/271|[from] sandstorm","|","|switch|p2a: Excadrill|Excadrill, M, shiny|361/361","|-activate|p2a: Excadrill|move: Sticky Web","|-unboost|p2a: Excadrill|spe|1","|-damage|p2a: Excadrill|350/361|[from] Stealth Rock","|turn|13","|","|move|p2a: Excadrill|Swords Dance|p2a: Excadrill","|-boost|p2a: Excadrill|atk|2","|move|p1a: Pinsir|Earthquake|p2a: Excadrill","|-crit|p2a: Excadrill","|-supereffective|p2a: Excadrill","|-damage|p2a: Excadrill|0 fnt","|faint|p2a: Excadrill","|","|-weather|Sandstorm|[upkeep]","|-damage|p1a: Pinsir|156/271|[from] sandstorm","|","|switch|p2a: Quagsire|Quagsire, M|394/394","|-damage|p2a: Quagsire|370/394|[from] Stealth Rock","|-activate|p2a: Quagsire|move: Sticky Web","|-unboost|p2a: Quagsire|spe|1","|turn|14","|","|move|p1a: Pinsir|Frustration|p2a: Quagsire","|-damage|p2a: Quagsire|139/394","|move|p2a: Quagsire|Stockpile|p2a: Quagsire","|-start|p2a: Quagsire|stockpile1","|-boost|p2a: Quagsire|def|1","|-boost|p2a: Quagsire|spd|1","|","|-weather|Sandstorm|[upkeep]","|-damage|p1a: Pinsir|140/271|[from] sandstorm","|-heal|p2a: Quagsire|163/394|[from] item: Leftovers","|turn|15","|","|move|p1a: Pinsir|Frustration|p2a: Quagsire","|-crit|p2a: Quagsire","|-damage|p2a: Quagsire|0 fnt","|faint|p2a: Quagsire","|","|-weather|none","|","|switch|p2a: Gliscor|Gliscor, F, shiny|352/352","|-damage|p2a: Gliscor|308/352|[from] Stealth Rock","|turn|16","|","|move|p1a: Pinsir|Frustration|p2a: Gliscor","|-damage|p2a: Gliscor|91/352","|move|p2a: Gliscor|Knock Off|p1a: Pinsir","|-damage|p1a: Pinsir|100/271","|","|-status|p2a: Gliscor|tox|[from] item: Toxic Orb","|turn|17","|","|move|p1a: Pinsir|Frustration|p2a: Gliscor","|-damage|p2a: Gliscor|0 fnt","|faint|p2a: Gliscor","|","|","|switch|p2a: Garchomp|Garchomp, M, shiny|270/360","|-damage|p2a: Garchomp|248/360|[from] Stealth Rock","|-activate|p2a: Garchomp|move: Sticky Web","|-unboost|p2a: Garchomp|spe|1","|turn|18","|","|move|p1a: Pinsir|Frustration|p2a: Garchomp","|-damage|p2a: Garchomp|0 fnt","|-damage|p1a: Pinsir|67/271|[from] ability: Rough Skin|[of] p2a: Garchomp","|faint|p2a: Garchomp","|","|","|switch|p2a: Nidoking|Nidoking, M, shiny|303/303","|-activate|p2a: Nidoking|move: Sticky Web","|-unboost|p2a: Nidoking|spe|1","|-damage|p2a: Nidoking|285/303|[from] Stealth Rock","|turn|19","|","|move|p1a: Pinsir|Earthquake|p2a: Nidoking","|-supereffective|p2a: Nidoking","|-damage|p2a: Nidoking|0 fnt","|faint|p2a: Nidoking","|","|win|Apex✦Reborn"],"p1rating":{"entryid":"473409","serverid":"eos","formatid":"monotype","userid":"apexreborn","username":"Apex✦Reborn","w":2,"l":"8","t":"0","gxe":35.8,"r":"1405.6817314087","rd":"111.14572742551","sigma":"0","rptime":"1440579600","rpr":1386.3089472704,"rprd":88.001191441807,"rpsigma":"0","acre":1047.6066271124,"lacre":1047.6066271124,"oldacre":"1000"},"p2rating":{"entryid":"319032","serverid":"eos","formatid":"monotype","userid":"glreshiram","username":"GL♅Reshiram","w":"6","l":9,"t":"0","gxe":42.3,"r":"1436.9307065786","rd":"81.411486860812","sigma":"0","rptime":"1440579600","rpr":1440.0149334772,"rprd":77.660979954419,"rpsigma":"0","acre":1043.0422954391,"lacre":1043.0422954391,"oldacre":"1066.88449715"},"endType":"normal"}