{"seed":[20239,9126,41457,15681],"turns":25,"p1":"Not Contort","p2":"Emg GL Test Tech","p1team":[{"name":"Heatran","species":"Heatran","item":"leftovers","ability":"Flash Fire","moves":["lavaplume","stealthrock","earthpower","toxic"],"nature":"Calm","evs":{"hp":252,"atk":0,"def":0,"spa":0,"spd":176,"spe":80},"ivs":{"hp":31,"atk":31,"def":31,"spa":31,"spd":31,"spe":31}},{"name":"Bisharp","species":"Bisharp","item":"lifeorb","ability":"Defiant","moves":["knockoff","swordsdance","suckerpunch","ironhead"],"nature":"Adamant","evs":{"hp":0,"atk":252,"def":0,"spa":0,"spd":4,"spe":252},"ivs":{"hp":31,"atk":31,"def":31,"spa":31,"spd":31,"spe":31}},{"name":"Skarmory","species":"Skarmory","item":"rockyhelmet","ability":"Sturdy","moves":["bravebird","spikes","roost","whirlwind"],"nature":"Impish","evs":{"hp":252,"atk":0,"def":252,"spa":0,"spd":4,"spe":0},"ivs":{"hp":31,"atk":31,"def":31,"spa":31,"spd":31,"spe":31}},{"name":"Doublade","species":"Doublade","item":"eviolite","ability":"No Guard","moves":["swordsdance","shadowclaw","shadowsneak","sacredsword"],"nature":"Adamant","evs":{"hp":248,"atk":252,"def":0,"spa":0,"spd":8,"spe":0},"ivs":{"hp":31,"atk":31,"def":31,"spa":31,"spd":31,"spe":31}},{"name":"Excadrill","species":"Excadrill","item":"choicescarf","ability":"Mold Breaker","moves":["earthquake","rockslide","rapidspin","ironhead"],"nature":"Jolly","evs":{"hp":0,"atk":252,"def":0,"spa":0,"spd":4,"spe":252},"ivs":{"hp":31,"atk":31,"def":31,"spa":31,"spd":31,"spe":31}},{"name":"Magnezone","species":"Magnezone","item":"choicescarf","ability":"Magnet Pull","moves":["voltswitch","hiddenpowerice","flashcannon","thunderbolt"],"nature":"Timid","evs":{"hp":0,"atk":0,"def":0,"spa":252,"spd":4,"spe":252},"ivs":{"hp":31,"atk":30,"def":30,"spa":31,"spd":31,"spe":31}}],"p2team":[{"name":"FingerTrap","species":"hoopaunbound","item":"lifeorb","ability":"Magician","moves":["gunkshot","focusblast","psychic","hyperspacefury"],"nature":"Hasty","evs":{"hp":0,"atk":88,"def":0,"spa":168,"spd":0,"spe":252},"ivs":{"hp":31,"atk":31,"def":31,"spa":31,"spd":31,"spe":31}},{"name":"Gallade","species":"Gallade","item":"galladite","ability":"Steadfast","moves":["drainpunch","swordsdance","willowisp","shadowsneak"],"nature":"Jolly","evs":{"hp":4,"atk":252,"def":0,"spa":0,"spd":0,"spe":252},"ivs":{"hp":31,"atk":31,"def":31,"spa":31,"spd":31,"spe":31}},{"name":"Latios","species":"Latios","item":"choicescarf","ability":"Levitate","moves":["dracometeor","trick","psychic","defog"],"nature":"Timid","evs":{"hp":0,"atk":0,"def":0,"spa":252,"spd":4,"spe":252},"ivs":{"hp":31,"atk":31,"def":31,"spa":31,"spd":31,"spe":31}},{"name":"Miracle eye","species":"jirachi","item":"leftovers","ability":"Serene Grace","moves":["thunderwave","ironhead","healingwish","substitute"],"nature":"Careful","evs":{"hp":248,"atk":0,"def":0,"spa":0,"spd":228,"spe":32},"ivs":{"hp":31,"atk":31,"def":31,"spa":31,"spd":31,"spe":31}},{"name":"Bulky ORB","species":"deoxysdefense","item":"leftovers","ability":"Pressure","moves":["nightshade","recover","cosmicpower","toxic"],"nature":"Careful","evs":{"hp":252,"atk":0,"def":128,"spa":0,"spd":128,"spe":0},"ivs":{"hp":31,"atk":31,"def":31,"spa":31,"spd":31,"spe":31}},{"name":"No Duh !!!","species":"slowbro","item":"leftovers","ability":"Regenerator","moves":["scald","slackoff","fireblast","yawn"],"nature":"Bold","evs":{"hp":252,"atk":0,"def":200,"spa":0,"spd":56,"spe":0},"ivs":{"hp":31,"atk":31,"def":31,"spa":31,"spd":31,"spe":31}}],"log":["|player|p1|Not Contort|102","|player|p2|Emg GL Test Tech|149","|gametype|singles","|gen|6","|tier|Monotype","|rated","|rule|Baton Pass Clause: Limit one Baton Passer, can't pass Spe and other stats simultaneously","|rule|Swagger Clause: Swagger is banned","|rule|Same Type Clause: Pokémon in a team must share a type","|clearpoke","|poke|p1|Heatran, M","|poke|p1|Bisharp, F","|poke|p1|Skarmory, F","|poke|p1|Doublade, M","|poke|p1|Excadrill, M","|poke|p1|Magnezone","|poke|p2|Hoopa-Unbound","|poke|p2|Gallade, M","|poke|p2|Latios, M","|poke|p2|Jirachi","|poke|p2|Deoxys-Defense","|poke|p2|Slowbro, M","|rule|Sleep Clause Mod: Limit one foe put to sleep","|rule|Species Clause: Limit one of each Pokémon","|rule|OHKO Clause: OHKO moves are banned","|rule|Moody Clause: Moody is banned","|rule|Evasion Moves Clause: Evasion moves are banned","|rule|Endless Battle Clause: Forcing endless battles is banned","|rule|HP Percentage Mod: HP is shown in percentages","|teampreview","|","|start","|switch|p1a: Bisharp|Bisharp, F|271/271","|switch|p2a: Gallade|Gallade, M|278/278","|turn|1","|","|switch|p1a: Doublade|Doublade, M|321/321","|detailschange|p2a: Gallade|Gallade-Mega, M","|-mega|p2a: Gallade|Gallade|Galladite","|move|p2a: Gallade|Drain Punch|p1a: Doublade","|-immune|p1a: Doublade|[msg]","|","|turn|2","|","|move|p2a: Gallade|Will-O-Wisp|p1a: Doublade","|-status|p1a: Doublade|brn","|move|p1a: Doublade|Shadow Claw|p2a: Gallade","|-crit|p2a: Gallade","|-supereffective|p2a: Gallade","|-damage|p2a: Gallade|80/278","|","|-damage|p1a: Doublade|281/321 brn|[from] brn","|turn|3","|","|switch|p2a: No Duh !!!|Slowbro, M|394/394","|move|p1a: Doublade|Shadow Claw|p2a: No Duh !!!","|-crit|p2a: No Duh !!!","|-supereffective|p2a: No Duh !!!","|-damage|p2a: No Duh !!!|264/394","|","|-heal|p2a: No Duh !!!|288/394|[from] item: Leftovers","|-damage|p1a: Doublade|241/321 brn|[from] brn","|turn|4","|","|switch|p1a: Heatran|Heatran, M|386/386","|move|p2a: No Duh !!!|Scald|p1a: Heatran","|-supereffective|p1a: Heatran","|-damage|p1a: Heatran|240/386","|","|-heal|p1a: Heatran|264/386|[from] item: Leftovers","|-heal|p2a: No Duh !!!|312/394|[from] item: Leftovers","|turn|5","|","|move|p1a: Heatran|Stealth Rock|p2a: No Duh !!!","|-sidestart|p2: Emg GL Test Tech|move: Stealth Rock","|move|p2a: No Duh !!!|Yawn|p1a: Heatran","|-start|p1a: Heatran|move: Yawn|[of] p2a: No Duh !!!","|","|-heal|p1a: Heatran|288/386|[from] item: Leftovers","|-heal|p2a: No Duh !!!|336/394|[from] item: Leftovers","|turn|6","|","|switch|p1a: Magnezone|Magnezone|281/281","|move|p2a: No Duh !!!|Fire Blast|p1a: Magnezone","|-supereffective|p1a: Magnezone","|-damage|p1a: Magnezone|83/281","|","|-heal|p2a: No Duh !!!|360/394|[from] item: Leftovers","|turn|7","|","|switch|p2a: Latios|Latios, M|301/301","|-damage|p2a: Latios|264/301|[from] Stealth Rock","|move|p1a: Magnezone|Volt Switch|p2a: Latios","|-resisted|p2a: Latios","|-damage|p2a: Latios|210/301","|","|switch|p1a: Bisharp|Bisharp, F|271/271","|","|turn|8","|","|move|p2a: Latios|Trick|p1a: Bisharp","|-activate|p2a: Latios|move: Trick|[of] p1a: Bisharp","|-item|p1a: Bisharp|Choice Scarf|[from] move: Trick","|-item|p2a: Latios|Life Orb|[from] move: Trick","|move|p1a: Bisharp|Swords Dance|p1a: Bisharp","|-boost|p1a: Bisharp|atk|2","|","|turn|9","|","|switch|p1a: Heatran|Heatran, M|288/386","|move|p2a: Latios|Defog|p1a: Heatran","|-unboost|p1a: Heatran|evasion|1","|-sideend|p2: Emg GL Test Tech|Stealth Rock|[from] move: Defog|[of] p2a: Latios","|","|-heal|p1a: Heatran|312/386|[from] item: Leftovers","|turn|10","|","|move|p2a: Latios|Trick|p1a: Heatran","|-activate|p2a: Latios|move: Trick|[of] p1a: Heatran","|-item|p1a: Heatran|Life Orb|[from] move: Trick","|-item|p2a: Latios|Leftovers|[from] move: Trick","|move|p1a: Heatran|Stealth Rock|p2a: Latios","|-sidestart|p2: Emg GL Test Tech|move: Stealth Rock","|","|-heal|p2a: Latios|228/301|[from] item: Leftovers","|turn|11","|","|switch|p2a: No Duh !!!|Slowbro, M|394/394","|-damage|p2a: No Duh !!!|345/394|[from] Stealth Rock","|move|p1a: Heatran|Toxic|p2a: No Duh !!!","|-status|p2a: No Duh !!!|tox","|","|-heal|p2a: No Duh !!!|369/394 tox|[from] item: Leftovers","|-damage|p2a: No Duh !!!|345/394 tox|[from] psn","|turn|12","|","|switch|p1a: Magnezone|Magnezone|83/281","|switch|p2a: FingerTrap|Hoopa-Unbound|301/301","|-damage|p2a: FingerTrap|264/301|[from] Stealth Rock","|","|turn|13","|","|switch|p1a: Skarmory|Skarmory, F|334/334","|move|p2a: FingerTrap|Hyperspace Fury|p1a: Skarmory","|-damage|p1a: Skarmory|198/334","|-unboost|p2a: FingerTrap|def|1","|-damage|p2a: FingerTrap|234/301|[from] item: Life Orb","|","|turn|14","|","|switch|p1a: Excadrill|Excadrill, M|361/361","|-ability|p1a: Excadrill|Mold Breaker","|move|p2a: FingerTrap|Focus Blast|p1a: Excadrill","|-supereffective|p1a: Excadrill","|-damage|p1a: Excadrill|0 fnt","|-damage|p2a: FingerTrap|204/301|[from] item: Life Orb","|faint|p1a: Excadrill","|","|","|switch|p1a: Magnezone|Magnezone|83/281","|turn|15","|","|move|p1a: Magnezone|Thunderbolt|p2a: FingerTrap","|-damage|p2a: FingerTrap|80/301","|move|p2a: FingerTrap|Hyperspace Fury|p1a: Magnezone","|-crit|p1a: Magnezone","|-damage|p1a: Magnezone|0 fnt","|-unboost|p2a: FingerTrap|def|1","|-damage|p2a: FingerTrap|50/301|[from] item: Life Orb","|faint|p1a: Magnezone","|","|","|switch|p1a: Bisharp|Bisharp, F|271/271","|turn|16","|","|move|p1a: Bisharp|Knock Off|p2a: FingerTrap","|-damage|p2a: FingerTrap|0 fnt","|-enditem|p2a: FingerTrap|Life Orb|[from] move: Knock Off|[of] p1a: Bisharp","|faint|p2a: FingerTrap","|","|","|switch|p2a: No Duh !!!|Slowbro, M|394/394 tox","|-damage|p2a: No Duh !!!|345/394 tox|[from] Stealth Rock","|turn|17","|","|move|p1a: Bisharp|Knock Off|p2a: No Duh !!!","|-supereffective|p2a: No Duh !!!","|-damage|p2a: No Duh !!!|85/394 tox","|-enditem|p2a: No Duh !!!|Leftovers|[from] move: Knock Off|[of] p1a: Bisharp","|move|p2a: No Duh !!!|Yawn|p1a: Bisharp","|-start|p1a: Bisharp|move: Yawn|[of] p2a: No Duh !!!","|","|-damage|p2a: No Duh !!!|61/394 tox|[from] psn","|turn|18","|","|switch|p1a: Heatran|Heatran, M|312/386","|switch|p2a: Latios|Latios, M|228/301","|-damage|p2a: Latios|191/301|[from] Stealth Rock","|","|-heal|p2a: Latios|209/301|[from] item: Leftovers","|turn|19","|","|switch|p2a: Miracle eye|Jirachi|403/403","|-damage|p2a: Miracle eye|378/403|[from] Stealth Rock","|move|p1a: Heatran|Lava Plume|p2a: Miracle eye","|-crit|p2a: Miracle eye","|-supereffective|p2a: Miracle eye","|-damage|p2a: Miracle eye|58/403","|-status|p2a: Miracle eye|brn","|-damage|p1a: Heatran|274/386|[from] item: Life Orb","|","|-heal|p2a: Miracle eye|83/403 brn|[from] item: Leftovers","|-damage|p2a: Miracle eye|33/403 brn|[from] brn","|turn|20","|","|switch|p1a: Skarmory|Skarmory, F|198/334","|move|p2a: Miracle eye|Healing Wish|p2a: Miracle eye","|faint|p2a: Miracle eye","|","|","|switch|p2a: Gallade|Gallade-Mega, M|80/278","|-heal|p2a: Gallade|278/278|[from] move: Healing Wish","|-damage|p2a: Gallade|261/278|[from] Stealth Rock","|turn|21","|","|move|p2a: Gallade|Swords Dance|p2a: Gallade","|-boost|p2a: Gallade|atk|2","|move|p1a: Skarmory|Roost|p1a: Skarmory","|-heal|p1a: Skarmory|334/334","|","|turn|22","|","|move|p2a: Gallade|Drain Punch|p1a: Skarmory","|-damage|p1a: Skarmory|142/334","|-heal|p2a: Gallade|278/278|[from] drain|[of] p1a: Skarmory","|-damage|p2a: Gallade|232/278|[from] item: Rocky Helmet|[of] p1a: Skarmory","|move|p1a: Skarmory|Brave Bird|p2a: Gallade","|-supereffective|p2a: Gallade","|-damage|p2a: Gallade|0 fnt","|-damage|p1a: Skarmory|65/334|[from] recoil|[of] p2a: Gallade","|faint|p2a: Gallade","|","|","|switch|p2a: Bulky ORB|Deoxys-Defense|304/304","|-damage|p2a: Bulky ORB|266/304|[from] Stealth Rock","|-ability|p2a: Bulky ORB|Pressure","|turn|23","|","|switch|p1a: Heatran|Heatran, M|274/386","|move|p2a: Bulky ORB|Night Shade|p1a: Heatran","|-damage|p1a: Heatran|174/386","|","|-heal|p2a: Bulky ORB|285/304|[from] item: Leftovers","|turn|24","|","|move|p2a: Bulky ORB|Cosmic Power|p2a: Bulky ORB","|-boost|p2a: Bulky ORB|def|1","|-boost|p2a: Bulky ORB|spd|1","|move|p1a: Heatran|Toxic|p2a: Bulky ORB","|-status|p2a: Bulky ORB|tox","|","|-heal|p2a: Bulky ORB|304/304 tox|[from] item: Leftovers","|-damage|p2a: Bulky ORB|285/304 tox|[from] psn","|turn|25","|","|win|Not Contort"],"p1rating":{"entryid":"484812","serverid":"eos","formatid":"monotype","userid":"notcontort","username":"Not Contort","w":1,"l":"1","t":"0","gxe":51,"r":"1500","rd":"130","sigma":"0","rptime":"1440579600","rpr":1508.3155869436,"rprd":116.58703426436,"rpsigma":"0","acre":1060.6672566002,"lacre":1060.6672566002,"oldacre":"1000"},"p2rating":{"entryid":"437770","serverid":"eos","formatid":"monotype","userid":"emggltesttech","username":"Emg GL Test Tech","w":"8","l":2,"t":"0","gxe":65.8,"r":"1543.9237951074","rd":"111.00780181906","sigma":"0","rptime":"1440579600","rpr":1627.2212316612,"rprd":87.426917222681,"rpsigma":"0","acre":1160.7473125203,"lacre":1160.7473125203,"oldacre":"1198.6643478954"},"endType":"forfeit"}