{"seed":[15318,11705,45768,17031],"turns":26,"p1":"Aреx✦Lovyxe","p2":"Shining Yin","p1team":[{"name":"Hydreigon","species":"Hydreigon","item":"lifeorb","ability":"Levitate","moves":["flamethrower","dracometeor","earthpower","flashcannon"],"nature":"Timid","evs":{"hp":0,"atk":0,"def":0,"spa":252,"spd":0,"spe":252},"ivs":{"hp":31,"atk":31,"def":31,"spa":31,"spd":31,"spe":31}},{"name":"Dragonite","species":"Dragonite","item":"lifeorb","ability":"Multiscale","moves":["dragondance","extremespeed","dragonclaw","aerialace"],"nature":"Jolly","evs":{"hp":108,"atk":252,"def":0,"spa":0,"spd":0,"spe":148},"shiny":true,"ivs":{"hp":31,"atk":31,"def":31,"spa":31,"spd":31,"spe":31}},{"name":"Gaychomp","species":"garchomp","item":"garchompite","ability":"Rough Skin","moves":["dragonclaw","earthquake","ironhead","firefang"],"nature":"Jolly","evs":{"hp":0,"atk":252,"def":0,"spa":0,"spd":0,"spe":252},"shiny":true,"ivs":{"hp":31,"atk":31,"def":31,"spa":31,"spd":31,"spe":31}},{"name":"Noivern","species":"Noivern","item":"lifeorb","ability":"Infiltrator","moves":["boomburst","airslash","dracometeor","darkpulse"],"nature":"Modest","evs":{"hp":0,"atk":0,"def":0,"spa":252,"spd":0,"spe":252},"ivs":{"hp":31,"atk":31,"def":31,"spa":31,"spd":31,"spe":31}},{"name":"Latios","species":"Latios","item":"choicespecs","ability":"Levitate","moves":["dracometeor","energyball","psychic","shadowball"],"nature":"Timid","evs":{"hp":0,"atk":0,"def":0,"spa":252,"spd":0,"spe":252},"ivs":{"hp":31,"atk":31,"def":31,"spa":31,"spd":31,"spe":31}},{"name":"Tyrantrum","species":"Tyrantrum","item":"choicescarf","ability":"Rock Head","moves":["headsmash","dragonclaw","earthquake","ironhead"],"nature":"Jolly","evs":{"hp":0,"atk":252,"def":0,"spa":0,"spd":0,"spe":252},"ivs":{"hp":31,"atk":31,"def":31,"spa":31,"spd":31,"spe":31}}],"p2team":[{"name":"Chansey","species":"Chansey","item":"eviolite","ability":"Natural Cure","moves":["thunderwave","softboiled","seismictoss","stealthrock"],"nature":"Bold","evs":{"hp":0,"atk":0,"def":252,"spa":0,"spd":252,"spe":4},"ivs":{"hp":31,"atk":0,"def":31,"spa":31,"spd":31,"spe":31}},{"name":"Porygon2","species":"Porygon2","item":"eviolite","ability":"Download","moves":["icebeam","hiddenpowerfire","recover","toxic"],"nature":"Calm","evs":{"hp":248,"atk":0,"def":204,"spa":0,"spd":56,"spe":0},"ivs":{"hp":31,"atk":30,"def":31,"spa":30,"spd":31,"spe":30}},{"name":"Pidgeot","species":"Pidgeot","item":"pidgeotite","ability":"Keen Eye","moves":["hurricane","heatwave","defog","roost"],"nature":"Timid","evs":{"hp":0,"atk":0,"def":0,"spa":252,"spd":4,"spe":252},"ivs":{"hp":31,"atk":0,"def":31,"spa":31,"spd":31,"spe":31}},{"name":"Staraptor","species":"Staraptor","item":"choicescarf","ability":"Reckless","moves":["bravebird","uturn","doubleedge","closecombat"],"nature":"Jolly","evs":{"hp":0,"atk":252,"def":0,"spa":0,"spd":4,"spe":252},"ivs":{"hp":31,"atk":31,"def":31,"spa":31,"spd":31,"spe":31}},{"name":"Diggersby","species":"Diggersby","item":"choiceband","ability":"Huge Power","moves":["return","earthquake","knockoff","quickattack"],"nature":"Jolly","evs":{"hp":0,"atk":252,"def":0,"spa":0,"spd":4,"spe":252},"ivs":{"hp":31,"atk":31,"def":31,"spa":31,"spd":31,"spe":31}},{"name":"Heliolisk","species":"Heliolisk","item":"lifeorb","ability":"Dry Skin","moves":["grassknot","thunderbolt","surf","voltswitch"],"nature":"Timid","evs":{"hp":0,"atk":0,"def":0,"spa":252,"spd":4,"spe":252},"ivs":{"hp":31,"atk":0,"def":31,"spa":31,"spd":31,"spe":31}}],"log":["|player|p1|Aреx✦Lovyxe|209","|player|p2|Shining Yin|258","|gametype|singles","|gen|6","|tier|Monotype","|rated","|rule|Baton Pass Clause: Limit one Baton Passer, can't pass Spe and other stats simultaneously","|rule|Swagger Clause: Swagger is banned","|rule|Same Type Clause: Pokémon in a team must share a type","|clearpoke","|poke|p1|Hydreigon, F","|poke|p1|Dragonite, F, shiny","|poke|p1|Garchomp, F, shiny","|poke|p1|Noivern, M","|poke|p1|Latios, M","|poke|p1|Tyrantrum, F","|poke|p2|Chansey, F","|poke|p2|Porygon2","|poke|p2|Pidgeot, F","|poke|p2|Staraptor, F","|poke|p2|Diggersby, F","|poke|p2|Heliolisk, F","|rule|Sleep Clause Mod: Limit one foe put to sleep","|rule|Species Clause: Limit one of each Pokémon","|rule|OHKO Clause: OHKO moves are banned","|rule|Moody Clause: Moody is banned","|rule|Evasion Moves Clause: Evasion moves are banned","|rule|Endless Battle Clause: Forcing endless battles is banned","|rule|HP Percentage Mod: HP is shown in percentages","|teampreview","|","|start","|switch|p1a: Tyrantrum|Tyrantrum, F|305/305","|switch|p2a: Porygon2|Porygon2|373/373","|-boost|p2a: Porygon2|spa|1|[from] ability: Download","|turn|1","|","|move|p1a: Tyrantrum|Head Smash|p2a: Porygon2","|-damage|p2a: Porygon2|225/373","|move|p2a: Porygon2|Ice Beam|p1a: Tyrantrum","|-supereffective|p1a: Tyrantrum","|-damage|p1a: Tyrantrum|0 fnt","|faint|p1a: Tyrantrum","|","|","|switch|p1a: Noivern|Noivern, M|311/311","|turn|2","|","|switch|p2a: Chansey|Chansey, F|641/641","|move|p1a: Noivern|Boomburst|p2a: Chansey","|-damage|p2a: Chansey|544/641","|-damage|p1a: Noivern|280/311|[from] item: Life Orb","|","|turn|3","|","|switch|p1a: Dragonite|Dragonite, F, shiny|350/350","|move|p2a: Chansey|Stealth Rock|p1a: Dragonite","|-sidestart|p1: Aреx✦Lovyxe|move: Stealth Rock","|","|turn|4","|","|move|p1a: Dragonite|Dragon Dance|p1a: Dragonite","|-boost|p1a: Dragonite|atk|1","|-boost|p1a: Dragonite|spe|1","|move|p2a: Chansey|Thunder Wave|p1a: Dragonite","|-status|p1a: Dragonite|par","|","|turn|5","|","|move|p2a: Chansey|Seismic Toss|p1a: Dragonite","|-damage|p1a: Dragonite|250/350 par","|move|p1a: Dragonite|Dragon Dance|p1a: Dragonite","|-boost|p1a: Dragonite|atk|1","|-boost|p1a: Dragonite|spe|1","|","|turn|6","|","|move|p2a: Chansey|Seismic Toss|p1a: Dragonite","|-damage|p1a: Dragonite|150/350 par","|move|p1a: Dragonite|Dragon Dance|p1a: Dragonite","|-boost|p1a: Dragonite|atk|1","|-boost|p1a: Dragonite|spe|1","|","|turn|7","|","|move|p1a: Dragonite|Extreme Speed|p2a: Chansey","|-crit|p2a: Chansey","|-damage|p2a: Chansey|0 fnt","|-damage|p1a: Dragonite|115/350 par|[from] item: Life Orb","|faint|p2a: Chansey","|","|","|switch|p2a: Diggersby|Diggersby, F|311/311","|turn|8","|","|move|p1a: Dragonite|Extreme Speed|p2a: Diggersby","|-damage|p2a: Diggersby|0 fnt","|-damage|p1a: Dragonite|80/350 par|[from] item: Life Orb","|faint|p2a: Diggersby","|","|","|switch|p2a: Heliolisk|Heliolisk, F|265/265","|turn|9","|","|move|p1a: Dragonite|Extreme Speed|p2a: Heliolisk","|-damage|p2a: Heliolisk|0 fnt","|-damage|p1a: Dragonite|45/350 par|[from] item: Life Orb","|faint|p2a: Heliolisk","|","|","|switch|p2a: Staraptor|Staraptor, F|311/311","|turn|10","|","|move|p1a: Dragonite|Extreme Speed|p2a: Staraptor","|-damage|p2a: Staraptor|0 fnt","|-damage|p1a: Dragonite|10/350 par|[from] item: Life Orb","|faint|p2a: Staraptor","|","|","|switch|p2a: Pidgeot|Pidgeot, F|307/307","|turn|11","|","|detailschange|p2a: Pidgeot|Pidgeot-Mega, F","|-mega|p2a: Pidgeot|Pidgeot|Pidgeotite","|move|p1a: Dragonite|Extreme Speed|p2a: Pidgeot","|-damage|p2a: Pidgeot|0 fnt","|-damage|p1a: Dragonite|0 fnt|[from] item: Life Orb","|faint|p2a: Pidgeot","|faint|p1a: Dragonite","|","|","|switch|p1a: Latios|Latios, M|301/301","|switch|p2a: Porygon2|Porygon2|225/373","|-damage|p1a: Latios|264/301|[from] Stealth Rock","|-boost|p2a: Porygon2|atk|1|[from] ability: Download","|turn|12","|","|move|p1a: Latios|Draco Meteor|p2a: Porygon2","|-damage|p2a: Porygon2|32/373","|-unboost|p1a: Latios|spa|2","|move|p2a: Porygon2|Recover|p2a: Porygon2","|-heal|p2a: Porygon2|219/373","|","|turn|13","|","|switch|p1a: Hydreigon|Hydreigon, F|325/325","|-damage|p1a: Hydreigon|285/325|[from] Stealth Rock","|move|p2a: Porygon2|Recover|p2a: Porygon2","|-heal|p2a: Porygon2|373/373","|","|turn|14","|","|move|p1a: Hydreigon|Flamethrower|p2a: Porygon2","|-damage|p2a: Porygon2|287/373","|-status|p2a: Porygon2|brn","|-damage|p1a: Hydreigon|253/325|[from] item: Life Orb","|move|p2a: Porygon2|Toxic|p1a: Hydreigon","|-status|p1a: Hydreigon|tox","|","|-damage|p1a: Hydreigon|233/325 tox|[from] psn","|-damage|p2a: Porygon2|241/373 brn|[from] brn","|turn|15","|","|move|p1a: Hydreigon|Draco Meteor|p2a: Porygon2","|-damage|p2a: Porygon2|60/373 brn","|-unboost|p1a: Hydreigon|spa|2","|-damage|p1a: Hydreigon|201/325 tox|[from] item: Life Orb","|move|p2a: Porygon2|Recover|p2a: Porygon2","|-heal|p2a: Porygon2|247/373 brn","|","|-damage|p1a: Hydreigon|161/325 tox|[from] psn","|-damage|p2a: Porygon2|201/373 brn|[from] brn","|turn|16","|","|move|p1a: Hydreigon|Flamethrower|p2a: Porygon2","|-damage|p2a: Porygon2|158/373 brn","|-damage|p1a: Hydreigon|129/325 tox|[from] item: Life Orb","|move|p2a: Porygon2|Recover|p2a: Porygon2","|-heal|p2a: Porygon2|345/373 brn","|","|-damage|p1a: Hydreigon|69/325 tox|[from] psn","|-damage|p2a: Porygon2|299/373 brn|[from] brn","|turn|17","|","|move|p1a: Hydreigon|Flamethrower|p2a: Porygon2","|-damage|p2a: Porygon2|255/373 brn","|-damage|p1a: Hydreigon|37/325 tox|[from] item: Life Orb","|move|p2a: Porygon2|Recover|p2a: Porygon2","|-heal|p2a: Porygon2|373/373 brn","|","|-damage|p1a: Hydreigon|0 fnt|[from] psn","|-damage|p2a: Porygon2|327/373 brn|[from] brn","|faint|p1a: Hydreigon","|","|switch|p1a: Gaychomp|Garchomp, F, shiny|357/357","|-damage|p1a: Gaychomp|335/357|[from] Stealth Rock","|turn|18","|","|detailschange|p1a: Gaychomp|Garchomp-Mega, F, shiny","|-mega|p1a: Gaychomp|Garchomp|Garchompite","|move|p1a: Gaychomp|Iron Head|p2a: Porygon2","|-damage|p2a: Porygon2|253/373 brn","|move|p2a: Porygon2|Toxic|p1a: Gaychomp","|-status|p1a: Gaychomp|tox","|","|-damage|p1a: Gaychomp|313/357 tox|[from] psn","|-damage|p2a: Porygon2|207/373 brn|[from] brn","|turn|19","|","|move|p1a: Gaychomp|Iron Head|p2a: Porygon2","|-damage|p2a: Porygon2|135/373 brn","|move|p2a: Porygon2|Recover|p2a: Porygon2","|-heal|p2a: Porygon2|322/373 brn","|","|-damage|p1a: Gaychomp|269/357 tox|[from] psn","|-damage|p2a: Porygon2|276/373 brn|[from] brn","|turn|20","|","|move|p1a: Gaychomp|Dragon Claw|p2a: Porygon2","|-damage|p2a: Porygon2|165/373 brn","|move|p2a: Porygon2|Recover|p2a: Porygon2","|-heal|p2a: Porygon2|352/373 brn","|","|-damage|p1a: Gaychomp|203/357 tox|[from] psn","|-damage|p2a: Porygon2|306/373 brn|[from] brn","|turn|21","|","|move|p1a: Gaychomp|Dragon Claw|p2a: Porygon2","|-damage|p2a: Porygon2|195/373 brn","|move|p2a: Porygon2|Recover|p2a: Porygon2","|-heal|p2a: Porygon2|373/373 brn","|","|-damage|p1a: Gaychomp|115/357 tox|[from] psn","|-damage|p2a: Porygon2|327/373 brn|[from] brn","|turn|22","|","|move|p1a: Gaychomp|Earthquake|p2a: Porygon2","|-damage|p2a: Porygon2|195/373 brn","|move|p2a: Porygon2|Recover|p2a: Porygon2","|-heal|p2a: Porygon2|373/373 brn","|","|-damage|p1a: Gaychomp|5/357 tox|[from] psn","|-damage|p2a: Porygon2|327/373 brn|[from] brn","|turn|23","|","|move|p1a: Gaychomp|Earthquake|p2a: Porygon2","|-damage|p2a: Porygon2|209/373 brn","|move|p2a: Porygon2|Recover|p2a: Porygon2","|-heal|p2a: Porygon2|373/373 brn","|","|-damage|p1a: Gaychomp|0 fnt|[from] psn","|-damage|p2a: Porygon2|327/373 brn|[from] brn","|faint|p1a: Gaychomp","|","|switch|p1a: Noivern|Noivern, M|280/311","|-damage|p1a: Noivern|203/311|[from] Stealth Rock","|turn|24","|","|move|p1a: Noivern|Boomburst|p2a: Porygon2","|-damage|p2a: Porygon2|218/373 brn","|-damage|p1a: Noivern|172/311|[from] item: Life Orb","|move|p2a: Porygon2|Recover|p2a: Porygon2","|-heal|p2a: Porygon2|373/373 brn","|","|-damage|p2a: Porygon2|327/373 brn|[from] brn","|turn|25","|","|move|p1a: Noivern|Draco Meteor|p2a: Porygon2","|-damage|p2a: Porygon2|154/373 brn","|-unboost|p1a: Noivern|spa|2","|-damage|p1a: Noivern|141/311|[from] item: Life Orb","|move|p2a: Porygon2|Ice Beam|p1a: Noivern","|-supereffective|p1a: Noivern","|-damage|p1a: Noivern|0 fnt","|faint|p1a: Noivern","|","|-damage|p2a: Porygon2|108/373 brn|[from] brn","|","|switch|p1a: Latios|Latios, M|264/301","|-damage|p1a: Latios|227/301|[from] Stealth Rock","|turn|26","|","|move|p1a: Latios|Psychic|p2a: Porygon2","|-damage|p2a: Porygon2|0 fnt","|faint|p2a: Porygon2","|","|win|Aреx✦Lovyxe"],"p1rating":{"entryid":485238,"formatid":"monotype","userid":"axlovyxe","username":"Aреx✦Lovyxe","r":1500,"rd":130,"sigma":0,"rpr":1556.0695207813,"rprd":122.57543798204,"rpsigma":0,"rptime":1440579600,"w":1,"l":0,"t":0,"gxe":57,"acre":1060.0696319792,"lacre":1060.0696319792,"oldacre":1000},"p2rating":{"entryid":"71235","serverid":"eos","formatid":"monotype","userid":"shiningyin","username":"Shining Yin","w":"59","l":31,"t":"0","gxe":63.6,"r":"1611.0691699868","rd":"39.913970420739","sigma":"0","rptime":"1440579600","rpr":1605.6688635801,"rprd":39.709050193947,"rpsigma":"0","acre":1154.1123412354,"lacre":1154.1123412354,"oldacre":"1191.6558612224"},"endType":"normal"}