{"seed":[43370,42557,5977,46611],"turns":24,"p1":"GL♅Reshiram","p2":"Void Who","p1team":[{"name":"Hippowdon","species":"Hippowdon","item":"leftovers","ability":"Sand Stream","moves":["stoneedge","stealthrock","slackoff","whirlwind"],"nature":"Impish","evs":{"hp":252,"atk":0,"def":144,"spa":0,"spd":112,"spe":0},"shiny":true,"ivs":{"hp":31,"atk":31,"def":31,"spa":31,"spd":31,"spe":31}},{"name":"Garchomp","species":"Garchomp","item":"salacberry","ability":"Rough Skin","moves":["swordsdance","earthquake","dragonclaw","substitute"],"nature":"Jolly","evs":{"hp":12,"atk":244,"def":0,"spa":0,"spd":0,"spe":252},"shiny":true,"ivs":{"hp":31,"atk":31,"def":31,"spa":31,"spd":31,"spe":31}},{"name":"Gliscor","species":"Gliscor","item":"toxicorb","ability":"Poison Heal","moves":["taunt","toxic","roost","knockoff"],"nature":"Careful","evs":{"hp":244,"atk":0,"def":8,"spa":0,"spd":200,"spe":56},"shiny":true,"ivs":{"hp":31,"atk":31,"def":31,"spa":31,"spd":31,"spe":31}},{"name":"Excadrill","species":"Excadrill","item":"lifeorb","ability":"Sand Rush","moves":["earthquake","ironhead","rockslide","swordsdance"],"nature":"Adamant","evs":{"hp":0,"atk":252,"def":4,"spa":0,"spd":0,"spe":252},"shiny":true,"ivs":{"hp":31,"atk":31,"def":31,"spa":31,"spd":31,"spe":31}},{"name":"Quagsire","species":"Quagsire","item":"leftovers","ability":"Unaware","moves":["earthpower","recover","scald","curse"],"nature":"Relaxed","evs":{"hp":252,"atk":0,"def":252,"spa":0,"spd":4,"spe":0},"ivs":{"hp":31,"atk":31,"def":31,"spa":31,"spd":31,"spe":31}},{"name":"Nidoking","species":"Nidoking","item":"lifeorb","ability":"Sheer Force","moves":["sludgewave","earthpower","icebeam","superpower"],"nature":"Naive","evs":{"hp":0,"atk":0,"def":4,"spa":252,"spd":0,"spe":252},"shiny":true,"ivs":{"hp":31,"atk":31,"def":31,"spa":31,"spd":31,"spe":31}}],"p2team":[{"name":"KFC & Kool-Aid","species":"magnezone","item":"choicescarf","ability":"Sturdy","moves":["flashcannon","voltswitch","hiddenpowerice","thunderbolt"],"nature":"Timid","evs":{"hp":0,"atk":0,"def":0,"spa":252,"spd":4,"spe":252},"ivs":{"hp":31,"atk":30,"def":30,"spa":31,"spd":31,"spe":31}},{"name":"Spilt Coffee","species":"rotomwash","item":"leftovers","ability":"Levitate","moves":["willowisp","hydropump","voltswitch","painsplit"],"nature":"Calm","evs":{"hp":252,"atk":0,"def":0,"spa":4,"spd":252,"spe":0},"ivs":{"hp":31,"atk":31,"def":31,"spa":31,"spd":31,"spe":31}},{"name":"Ricky Suave","species":"thundurus","item":"lifeorb","ability":"Prankster","moves":["thunderwave","knockoff","superpower","voltswitch"],"nature":"Jolly","evs":{"hp":0,"atk":252,"def":0,"spa":0,"spd":4,"spe":252},"ivs":{"hp":31,"atk":31,"def":31,"spa":31,"spd":31,"spe":31}},{"name":"Amped up","species":"ampharos","item":"ampharosite","ability":"Static","moves":["dragonpulse","discharge","powergem","toxic"],"nature":"Modest","evs":{"hp":248,"atk":0,"def":0,"spa":252,"spd":8,"spe":0},"ivs":{"hp":31,"atk":31,"def":31,"spa":31,"spd":31,"spe":31}},{"name":"Bird Flu","species":"zapdos","item":"leftovers","ability":"Pressure","moves":["defog","roost","heatwave","discharge"],"nature":"Calm","evs":{"hp":252,"atk":0,"def":0,"spa":4,"spd":252,"spe":0},"ivs":{"hp":31,"atk":31,"def":31,"spa":31,"spd":31,"spe":31}},{"name":"Fighting/Electric","species":"electivire","item":"choicescarf","ability":"Vital Spirit","moves":["wildcharge","crosschop","earthquake","icepunch"],"nature":"Jolly","evs":{"hp":0,"atk":252,"def":0,"spa":0,"spd":4,"spe":252},"ivs":{"hp":31,"atk":31,"def":31,"spa":31,"spd":31,"spe":31}}],"log":["|player|p1|GL♅Reshiram|163","|player|p2|Void Who|voidwho.gif","|gametype|singles","|gen|6","|tier|Monotype","|rated","|rule|Baton Pass Clause: Limit one Baton Passer, can't pass Spe and other stats simultaneously","|rule|Swagger Clause: Swagger is banned","|rule|Same Type Clause: Pokémon in a team must share a type","|clearpoke","|poke|p1|Hippowdon, M, shiny","|poke|p1|Garchomp, F, shiny","|poke|p1|Gliscor, F, shiny","|poke|p1|Excadrill, F, shiny","|poke|p1|Quagsire, M","|poke|p1|Nidoking, M, shiny","|poke|p2|Magnezone","|poke|p2|Rotom-Wash","|poke|p2|Thundurus, M","|poke|p2|Ampharos, F","|poke|p2|Zapdos","|poke|p2|Electivire, F","|rule|Sleep Clause Mod: Limit one foe put to sleep","|rule|Species Clause: Limit one of each Pokémon","|rule|OHKO Clause: OHKO moves are banned","|rule|Moody Clause: Moody is banned","|rule|Evasion Moves Clause: Evasion moves are banned","|rule|Endless Battle Clause: Forcing endless battles is banned","|rule|HP Percentage Mod: HP is shown in percentages","|teampreview","|","|start","|switch|p1a: Quagsire|Quagsire, M|394/394","|switch|p2a: Spilt Coffee|Rotom-Wash|304/304","|turn|1","|","|move|p2a: Spilt Coffee|Will-O-Wisp|p1a: Quagsire","|-status|p1a: Quagsire|brn","|move|p1a: Quagsire|Curse|p1a: Quagsire","|-unboost|p1a: Quagsire|spe|1","|-boost|p1a: Quagsire|atk|1","|-boost|p1a: Quagsire|def|1","|","|-damage|p1a: Quagsire|345/394 brn|[from] brn","|turn|2","|","|move|p2a: Spilt Coffee|Hydro Pump|p1a: Quagsire","|-damage|p1a: Quagsire|162/394 brn","|move|p1a: Quagsire|Curse|p1a: Quagsire","|-unboost|p1a: Quagsire|spe|1","|-boost|p1a: Quagsire|atk|1","|-boost|p1a: Quagsire|def|1","|","|-heal|p1a: Quagsire|186/394 brn|[from] item: Leftovers","|-damage|p1a: Quagsire|137/394 brn|[from] brn","|turn|3","|","|move|p2a: Spilt Coffee|Hydro Pump|p1a: Quagsire","|-damage|p1a: Quagsire|0 fnt","|faint|p1a: Quagsire","|","|","|switch|p1a: Garchomp|Garchomp, F, shiny|360/360","|turn|4","|","|move|p1a: Garchomp|Substitute|p1a: Garchomp","|-start|p1a: Garchomp|Substitute","|-damage|p1a: Garchomp|270/360","|move|p2a: Spilt Coffee|Will-O-Wisp|p1a: Garchomp","|-fail|p1a: Garchomp","|","|turn|5","|","|move|p1a: Garchomp|Swords Dance|p1a: Garchomp","|-boost|p1a: Garchomp|atk|2","|move|p2a: Spilt Coffee|Hydro Pump|p1a: Garchomp","|-end|p1a: Garchomp|Substitute","|","|turn|6","|","|move|p1a: Garchomp|Dragon Claw|p2a: Spilt Coffee","|-damage|p2a: Spilt Coffee|18/304","|move|p2a: Spilt Coffee|Hydro Pump|p1a: Garchomp","|-damage|p1a: Garchomp|120/360","|","|-heal|p2a: Spilt Coffee|37/304|[from] item: Leftovers","|turn|7","|","|move|p1a: Garchomp|Dragon Claw|p2a: Spilt Coffee","|-damage|p2a: Spilt Coffee|0 fnt","|faint|p2a: Spilt Coffee","|","|","|switch|p2a: KFC & Kool-Aid|Magnezone|281/281","|turn|8","|","|switch|p1a: Hippowdon|Hippowdon, M, shiny|420/420","|-weather|Sandstorm","|move|p2a: KFC & Kool-Aid|Hidden Power|p1a: Hippowdon","|-supereffective|p1a: Hippowdon","|-damage|p1a: Hippowdon|244/420","|","|-weather|Sandstorm|[upkeep]","|-heal|p1a: Hippowdon|270/420|[from] item: Leftovers","|turn|9","|","|switch|p2a: Ricky Suave|Thundurus, M|299/299","|move|p1a: Hippowdon|Stealth Rock|p2a: Ricky Suave","|-sidestart|p2: Void Who|move: Stealth Rock","|","|-weather|Sandstorm|[upkeep]","|-damage|p2a: Ricky Suave|281/299|[from] sandstorm","|-heal|p1a: Hippowdon|296/420|[from] item: Leftovers","|turn|10","|","|move|p2a: Ricky Suave|Knock Off|p1a: Hippowdon","|-damage|p1a: Hippowdon|204/420","|-enditem|p1a: Hippowdon|Leftovers|[from] move: Knock Off|[of] p2a: Ricky Suave","|-damage|p2a: Ricky Suave|252/299|[from] item: Life Orb","|move|p1a: Hippowdon|Stone Edge|p2a: Ricky Suave","|-supereffective|p2a: Ricky Suave","|-damage|p2a: Ricky Suave|22/299","|","|-weather|Sandstorm|[upkeep]","|-damage|p2a: Ricky Suave|4/299|[from] sandstorm","|turn|11","|","|move|p2a: Ricky Suave|Superpower|p1a: Hippowdon","|-damage|p1a: Hippowdon|78/420","|-unboost|p2a: Ricky Suave|atk|1","|-unboost|p2a: Ricky Suave|def|1","|-damage|p2a: Ricky Suave|0 fnt|[from] item: Life Orb","|faint|p2a: Ricky Suave","|move|p1a: Hippowdon|Slack Off|p1a: Hippowdon","|-heal|p1a: Hippowdon|288/420","|","|-weather|Sandstorm|[upkeep]","|","|switch|p2a: Amped up|Ampharos, F|383/383","|-damage|p2a: Amped up|336/383|[from] Stealth Rock","|turn|12","|","|detailschange|p2a: Amped up|Ampharos-Mega, F","|-mega|p2a: Amped up|Ampharos|Ampharosite","|-ability|p2a: Amped up|Mold Breaker","|move|p2a: Amped up|Dragon Pulse|p1a: Hippowdon","|-damage|p1a: Hippowdon|71/420","|move|p1a: Hippowdon|Whirlwind|p2a: Amped up","|drag|p2a: KFC & Kool-Aid|Magnezone|281/281","|-damage|p2a: KFC & Kool-Aid|264/281|[from] Stealth Rock","|","|-weather|none","|turn|13","|","|switch|p1a: Nidoking|Nidoking, M, shiny|303/303","|move|p2a: KFC & Kool-Aid|Hidden Power|p1a: Nidoking","|-supereffective|p1a: Nidoking","|-damage|p1a: Nidoking|109/303","|","|turn|14","|","|move|p2a: KFC & Kool-Aid|Hidden Power|p1a: Nidoking","|-supereffective|p1a: Nidoking","|-damage|p1a: Nidoking|0 fnt","|faint|p1a: Nidoking","|","|","|switch|p1a: Hippowdon|Hippowdon, M, shiny|71/420","|-weather|Sandstorm","|turn|15","|","|move|p2a: KFC & Kool-Aid|Hidden Power|p1a: Hippowdon","|-supereffective|p1a: Hippowdon","|-damage|p1a: Hippowdon|0 fnt","|faint|p1a: Hippowdon","|","|-weather|Sandstorm|[upkeep]","|","|switch|p1a: Excadrill|Excadrill, F, shiny|361/361","|turn|16","|","|switch|p2a: Bird Flu|Zapdos|384/384","|-damage|p2a: Bird Flu|288/384|[from] Stealth Rock","|-ability|p2a: Bird Flu|Pressure","|move|p1a: Excadrill|Earthquake|p2a: Bird Flu","|-immune|p2a: Bird Flu|[msg]","|","|-weather|Sandstorm|[upkeep]","|-damage|p2a: Bird Flu|264/384|[from] sandstorm","|-heal|p2a: Bird Flu|288/384|[from] item: Leftovers","|turn|17","|","|move|p1a: Excadrill|Rock Slide|p2a: Bird Flu","|-miss|p1a: Excadrill|p2a: Bird Flu","|move|p2a: Bird Flu|Heat Wave|p1a: Excadrill","|-crit|p1a: Excadrill","|-supereffective|p1a: Excadrill","|-damage|p1a: Excadrill|0 fnt","|faint|p1a: Excadrill","|","|-weather|Sandstorm|[upkeep]","|-damage|p2a: Bird Flu|264/384|[from] sandstorm","|-heal|p2a: Bird Flu|288/384|[from] item: Leftovers","|","|switch|p1a: Garchomp|Garchomp, F, shiny|120/360","|turn|18","|","|move|p1a: Garchomp|Substitute|p1a: Garchomp","|-start|p1a: Garchomp|Substitute","|-damage|p1a: Garchomp|30/360","|-enditem|p1a: Garchomp|Salac Berry|[eat]","|-boost|p1a: Garchomp|spe|1|[from] item: Salac Berry","|move|p2a: Bird Flu|Defog|p1a: Garchomp","|-sideend|p2: Void Who|Stealth Rock|[from] move: Defog|[of] p2a: Bird Flu","|","|-weather|Sandstorm|[upkeep]","|-damage|p2a: Bird Flu|264/384|[from] sandstorm","|-heal|p2a: Bird Flu|288/384|[from] item: Leftovers","|turn|19","|","|move|p1a: Garchomp|Swords Dance|p1a: Garchomp","|-boost|p1a: Garchomp|atk|2","|move|p2a: Bird Flu|Heat Wave|p1a: Garchomp","|-resisted|p1a: Garchomp","|-activate|p1a: Garchomp|Substitute|[damage]","|","|-weather|none","|-heal|p2a: Bird Flu|312/384|[from] item: Leftovers","|turn|20","|","|move|p1a: Garchomp|Swords Dance|p1a: Garchomp","|-boost|p1a: Garchomp|atk|2","|move|p2a: Bird Flu|Heat Wave|p1a: Garchomp","|-resisted|p1a: Garchomp","|-end|p1a: Garchomp|Substitute","|","|-heal|p2a: Bird Flu|336/384|[from] item: Leftovers","|turn|21","|","|move|p1a: Garchomp|Dragon Claw|p2a: Bird Flu","|-damage|p2a: Bird Flu|0 fnt","|faint|p2a: Bird Flu","|","|","|switch|p2a: Fighting/Electric|Electivire, F|291/291","|turn|22","|","|move|p1a: Garchomp|Earthquake|p2a: Fighting/Electric","|-supereffective|p2a: Fighting/Electric","|-damage|p2a: Fighting/Electric|0 fnt","|faint|p2a: Fighting/Electric","|","|","|switch|p2a: KFC & Kool-Aid|Magnezone|264/281","|turn|23","|","|move|p1a: Garchomp|Earthquake|p2a: KFC & Kool-Aid","|-supereffective|p2a: KFC & Kool-Aid","|-damage|p2a: KFC & Kool-Aid|0 fnt","|faint|p2a: KFC & Kool-Aid","|","|","|switch|p2a: Amped up|Ampharos-Mega, F|336/383","|-ability|p2a: Amped up|Mold Breaker","|turn|24","|","|move|p1a: Garchomp|Earthquake|p2a: Amped up","|-supereffective|p2a: Amped up","|-damage|p2a: Amped up|0 fnt","|faint|p2a: Amped up","|","|win|GL♅Reshiram"],"p1rating":{"entryid":"319032","serverid":"eos","formatid":"monotype","userid":"glreshiram","username":"GL♅Reshiram","w":6,"l":"8","t":"0","gxe":44.7,"r":"1436.9307065786","rd":"81.411486860812","sigma":"0","rptime":"1440579600","rpr":1458.7326324146,"rprd":79.432909166708,"rpsigma":"0","acre":1066.88449715,"lacre":1066.88449715,"oldacre":"1026.4714523187"},"p2rating":{"entryid":"114352","serverid":"eos","formatid":"monotype","userid":"voidwho","username":"Void Who","w":"18","l":17,"t":"0","gxe":50.4,"r":"1516.5362700022","rd":"59.115916396575","sigma":"0","rptime":"1440579600","rpr":1502.7383912767,"rprd":57.024233616106,"rpsigma":"0","acre":1046.1366994306,"lacre":1046.1366994306,"oldacre":"1068.9551897005"},"endType":"normal"}