{"seed":[47942,29018,7505,45644],"turns":25,"p1":"axis<willwolf>","p2":"Emg GL Test Tech","p1team":[{"name":"Gengar","species":"Gengar","item":"lifeorb","ability":"Levitate","moves":["gigadrain","shadowball","sludgewave","thunderbolt"],"nature":"Timid","evs":{"hp":0,"atk":0,"def":0,"spa":252,"spd":4,"spe":252},"ivs":{"hp":31,"atk":31,"def":31,"spa":31,"spd":31,"spe":31}},{"name":"Aegislash","species":"Aegislash","item":"weaknesspolicy","ability":"Stance Change","moves":["kingsshield","shadowsneak","sacredsword","ironhead"],"nature":"Adamant","evs":{"hp":248,"atk":252,"def":0,"spa":0,"spd":8,"spe":0},"ivs":{"hp":31,"atk":31,"def":31,"spa":31,"spd":31,"spe":31}},{"name":"Chandelure","species":"Chandelure","item":"choicescarf","ability":"Flash Fire","moves":["trick","shadowball","fireblast","energyball"],"nature":"Timid","evs":{"hp":0,"atk":0,"def":0,"spa":252,"spd":4,"spe":252},"ivs":{"hp":31,"atk":31,"def":31,"spa":31,"spd":31,"spe":31}},{"name":"Mismagius","species":"Mismagius","item":"leftovers","ability":"Levitate","moves":["nastyplot","shadowball","substitute","thunderbolt"],"nature":"Timid","evs":{"hp":24,"atk":0,"def":20,"spa":200,"spd":12,"spe":252},"ivs":{"hp":31,"atk":31,"def":31,"spa":31,"spd":31,"spe":31}},{"name":"Golurk","species":"Golurk","item":"leftovers","ability":"No Guard","moves":["earthquake","stoneedge","dynamicpunch","stealthrock"],"nature":"Adamant","evs":{"hp":224,"atk":252,"def":28,"spa":0,"spd":4,"spe":0},"ivs":{"hp":31,"atk":31,"def":31,"spa":31,"spd":31,"spe":31}},{"name":"Froslass","species":"Froslass","item":"focussash","ability":"Cursed Body","moves":["destinybond","icebeam","shadowball","spikes"],"nature":"Timid","evs":{"hp":0,"atk":0,"def":0,"spa":252,"spd":4,"spe":252},"ivs":{"hp":31,"atk":31,"def":31,"spa":31,"spd":31,"spe":31}}],"p2team":[{"name":"FingerTrap","species":"hoopaunbound","item":"lifeorb","ability":"Magician","moves":["gunkshot","focusblast","psychic","hyperspacefury"],"nature":"Hasty","evs":{"hp":0,"atk":88,"def":0,"spa":168,"spd":0,"spe":252},"ivs":{"hp":31,"atk":31,"def":31,"spa":31,"spd":31,"spe":31}},{"name":"Gallade","species":"Gallade","item":"galladite","ability":"Steadfast","moves":["drainpunch","swordsdance","willowisp","shadowsneak"],"nature":"Jolly","evs":{"hp":4,"atk":252,"def":0,"spa":0,"spd":0,"spe":252},"ivs":{"hp":31,"atk":31,"def":31,"spa":31,"spd":31,"spe":31}},{"name":"Latios","species":"Latios","item":"choicescarf","ability":"Levitate","moves":["dracometeor","trick","psychic","defog"],"nature":"Timid","evs":{"hp":0,"atk":0,"def":0,"spa":252,"spd":4,"spe":252},"ivs":{"hp":31,"atk":31,"def":31,"spa":31,"spd":31,"spe":31}},{"name":"Miracle eye","species":"jirachi","item":"leftovers","ability":"Serene Grace","moves":["thunderwave","ironhead","healingwish","substitute"],"nature":"Careful","evs":{"hp":248,"atk":0,"def":0,"spa":0,"spd":228,"spe":32},"ivs":{"hp":31,"atk":31,"def":31,"spa":31,"spd":31,"spe":31}},{"name":"Bulky ORB","species":"deoxysdefense","item":"leftovers","ability":"Pressure","moves":["nightshade","recover","cosmicpower","toxic"],"nature":"Careful","evs":{"hp":252,"atk":0,"def":128,"spa":0,"spd":128,"spe":0},"ivs":{"hp":31,"atk":31,"def":31,"spa":31,"spd":31,"spe":31}},{"name":"No Duh !!!","species":"slowbro","item":"leftovers","ability":"Regenerator","moves":["scald","slackoff","fireblast","yawn"],"nature":"Bold","evs":{"hp":252,"atk":0,"def":200,"spa":0,"spd":56,"spe":0},"ivs":{"hp":31,"atk":31,"def":31,"spa":31,"spd":31,"spe":31}}],"log":["|player|p1|axis<willwolf>|54","|player|p2|Emg GL Test Tech|149","|gametype|singles","|gen|6","|tier|Monotype","|rated","|rule|Baton Pass Clause: Limit one Baton Passer, can't pass Spe and other stats simultaneously","|rule|Swagger Clause: Swagger is banned","|rule|Same Type Clause: Pokémon in a team must share a type","|clearpoke","|poke|p1|Gengar, F","|poke|p1|Aegislash, F","|poke|p1|Chandelure, F","|poke|p1|Mismagius, M","|poke|p1|Golurk","|poke|p1|Froslass, F","|poke|p2|Hoopa-Unbound","|poke|p2|Gallade, M","|poke|p2|Latios, M","|poke|p2|Jirachi","|poke|p2|Deoxys-Defense","|poke|p2|Slowbro, F","|rule|Sleep Clause Mod: Limit one foe put to sleep","|rule|Species Clause: Limit one of each Pokémon","|rule|OHKO Clause: OHKO moves are banned","|rule|Moody Clause: Moody is banned","|rule|Evasion Moves Clause: Evasion moves are banned","|rule|Endless Battle Clause: Forcing endless battles is banned","|rule|HP Percentage Mod: HP is shown in percentages","|teampreview","|","|start","|switch|p1a: Froslass|Froslass, F|281/281","|switch|p2a: Latios|Latios, M|301/301","|turn|1","|","|move|p2a: Latios|Trick|p1a: Froslass","|-activate|p2a: Latios|move: Trick|[of] p1a: Froslass","|-item|p1a: Froslass|Choice Scarf|[from] move: Trick","|-item|p2a: Latios|Focus Sash|[from] move: Trick","|move|p1a: Froslass|Spikes|p2a: Latios","|-sidestart|p2: Emg GL Test Tech|Spikes","|","|turn|2","|","|move|p1a: Froslass|Spikes|p2a: Latios","|-sidestart|p2: Emg GL Test Tech|Spikes","|move|p2a: Latios|Psychic|p1a: Froslass","|-damage|p1a: Froslass|85/281","|","|turn|3","|","|move|p1a: Froslass|Spikes|p2a: Latios","|-sidestart|p2: Emg GL Test Tech|Spikes","|move|p2a: Latios|Defog|p1a: Froslass","|-unboost|p1a: Froslass|evasion|1","|-sideend|p2: Emg GL Test Tech|Spikes|[from] move: Defog|[of] p2a: Latios","|","|turn|4","|","|move|p1a: Froslass|Spikes|p2a: Latios","|-sidestart|p2: Emg GL Test Tech|Spikes","|move|p2a: Latios|Psychic|p1a: Froslass","|-damage|p1a: Froslass|0 fnt","|-start|p2a: Latios|Disable|Psychic","|faint|p1a: Froslass","|","|","|switch|p1a: Chandelure|Chandelure, F|261/261","|turn|5","|","|move|p1a: Chandelure|Shadow Ball|p2a: Latios","|-supereffective|p2a: Latios","|-damage|p2a: Latios|25/301","|-unboost|p2a: Latios|spd|1","|move|p2a: Latios|Draco Meteor|p1a: Chandelure","|-damage|p1a: Chandelure|14/261","|-unboost|p2a: Latios|spa|2","|","|turn|6","|","|move|p1a: Chandelure|Shadow Ball|p2a: Latios","|-supereffective|p2a: Latios","|-damage|p2a: Latios|0 fnt","|faint|p2a: Latios","|","|","|switch|p2a: Gallade|Gallade, M|278/278","|-damage|p2a: Gallade|244/278|[from] Spikes","|turn|7","|","|switch|p1a: Aegislash|Aegislash, F|323/323","|detailschange|p2a: Gallade|Gallade-Mega, M","|-mega|p2a: Gallade|Gallade|Galladite","|move|p2a: Gallade|Shadow Sneak|p1a: Aegislash","|-supereffective|p1a: Aegislash","|-damage|p1a: Aegislash|239/323","|-enditem|p1a: Aegislash|Weakness Policy","|-boost|p1a: Aegislash|atk|2|[from] item: Weakness Policy","|-boost|p1a: Aegislash|spa|2|[from] item: Weakness Policy","|","|turn|8","|","|-formechange|p1a: Aegislash|Aegislash-Blade","|move|p1a: Aegislash|Shadow Sneak|p2a: Gallade","|-supereffective|p2a: Gallade","|-damage|p2a: Gallade|0 fnt","|faint|p2a: Gallade","|","|","|switch|p2a: FingerTrap|Hoopa-Unbound|301/301","|-damage|p2a: FingerTrap|264/301|[from] Spikes","|turn|9","|","|move|p2a: FingerTrap|Hyperspace Fury|p1a: Aegislash","|-supereffective|p1a: Aegislash","|-damage|p1a: Aegislash|0 fnt","|-unboost|p2a: FingerTrap|def|1","|-damage|p2a: FingerTrap|234/301|[from] item: Life Orb","|faint|p1a: Aegislash","|","|","|switch|p1a: Chandelure|Chandelure, F|14/261","|turn|10","|","|switch|p2a: Bulky ORB|Deoxys-Defense|304/304","|-damage|p2a: Bulky ORB|266/304|[from] Spikes","|-ability|p2a: Bulky ORB|Pressure","|move|p1a: Chandelure|Shadow Ball|p2a: Bulky ORB","|-supereffective|p2a: Bulky ORB","|-damage|p2a: Bulky ORB|98/304","|","|-heal|p2a: Bulky ORB|117/304|[from] item: Leftovers","|turn|11","|","|move|p1a: Chandelure|Shadow Ball|p2a: Bulky ORB","|-supereffective|p2a: Bulky ORB","|-damage|p2a: Bulky ORB|0 fnt","|faint|p2a: Bulky ORB","|","|","|switch|p2a: Miracle eye|Jirachi|403/403","|-damage|p2a: Miracle eye|353/403|[from] Spikes","|turn|12","|","|move|p1a: Chandelure|Shadow Ball|p2a: Miracle eye","|-supereffective|p2a: Miracle eye","|-damage|p2a: Miracle eye|117/403","|move|p2a: Miracle eye|Thunder Wave|p1a: Chandelure","|-status|p1a: Chandelure|par","|","|-heal|p2a: Miracle eye|142/403|[from] item: Leftovers","|turn|13","|","|move|p2a: Miracle eye|Iron Head|p1a: Chandelure","|-resisted|p1a: Chandelure","|-damage|p1a: Chandelure|0 fnt","|faint|p1a: Chandelure","|","|-heal|p2a: Miracle eye|167/403|[from] item: Leftovers","|","|switch|p1a: Golurk|Golurk|375/375","|turn|14","|","|switch|p2a: No Duh !!!|Slowbro, F|394/394","|-damage|p2a: No Duh !!!|345/394|[from] Spikes","|move|p1a: Golurk|Earthquake|p2a: No Duh !!!","|-damage|p2a: No Duh !!!|210/394","|","|-heal|p2a: No Duh !!!|234/394|[from] item: Leftovers","|turn|15","|","|switch|p1a: Mismagius|Mismagius, M|267/267","|move|p2a: No Duh !!!|Yawn|p1a: Mismagius","|-start|p1a: Mismagius|move: Yawn|[of] p2a: No Duh !!!","|","|-heal|p2a: No Duh !!!|258/394|[from] item: Leftovers","|turn|16","|","|move|p1a: Mismagius|Shadow Ball|p2a: No Duh !!!","|-supereffective|p2a: No Duh !!!","|-damage|p2a: No Duh !!!|0 fnt","|faint|p2a: No Duh !!!","|","|-end|p1a: Mismagius|move: Yawn|[silent]","|-status|p1a: Mismagius|slp","|","|switch|p2a: Miracle eye|Jirachi|167/403","|-damage|p2a: Miracle eye|117/403|[from] Spikes","|turn|17","|","|cant|p1a: Mismagius|slp","|move|p2a: Miracle eye|Substitute|p2a: Miracle eye","|-start|p2a: Miracle eye|Substitute","|-damage|p2a: Miracle eye|17/403","|","|-heal|p2a: Miracle eye|42/403|[from] item: Leftovers","|turn|18","|","|cant|p1a: Mismagius|slp","|move|p2a: Miracle eye|Iron Head|p1a: Mismagius","|-damage|p1a: Mismagius|129/267 slp","|","|-heal|p1a: Mismagius|145/267 slp|[from] item: Leftovers","|-heal|p2a: Miracle eye|67/403|[from] item: Leftovers","|turn|19","|","|cant|p1a: Mismagius|slp","|move|p2a: Miracle eye|Thunder Wave|p1a: Mismagius","|-fail|p1a: Mismagius","|","|-heal|p1a: Mismagius|161/267 slp|[from] item: Leftovers","|-heal|p2a: Miracle eye|92/403|[from] item: Leftovers","|turn|20","|","|-curestatus|p1a: Mismagius|slp","|move|p1a: Mismagius|Shadow Ball|p2a: Miracle eye","|-supereffective|p2a: Miracle eye","|-end|p2a: Miracle eye|Substitute","|move|p2a: Miracle eye|Thunder Wave|p1a: Mismagius","|-status|p1a: Mismagius|par","|","|-heal|p2a: Miracle eye|117/403|[from] item: Leftovers","|-heal|p1a: Mismagius|177/267 par|[from] item: Leftovers","|turn|21","|","|move|p2a: Miracle eye|Iron Head|p1a: Mismagius","|-damage|p1a: Mismagius|45/267 par","|cant|p1a: Mismagius|flinch","|","|-heal|p2a: Miracle eye|142/403|[from] item: Leftovers","|-heal|p1a: Mismagius|61/267 par|[from] item: Leftovers","|turn|22","|","|move|p2a: Miracle eye|Iron Head|p1a: Mismagius","|-damage|p1a: Mismagius|0 fnt","|faint|p1a: Mismagius","|","|-heal|p2a: Miracle eye|167/403|[from] item: Leftovers","|","|switch|p1a: Gengar|Gengar, F|261/261","|turn|23","|","|move|p1a: Gengar|Shadow Ball|p2a: Miracle eye","|-supereffective|p2a: Miracle eye","|-damage|p2a: Miracle eye|0 fnt","|-damage|p1a: Gengar|235/261|[from] item: Life Orb","|faint|p2a: Miracle eye","|","|","|switch|p2a: FingerTrap|Hoopa-Unbound|234/301","|-damage|p2a: FingerTrap|197/301|[from] Spikes","|turn|24","|","|move|p1a: Gengar|Shadow Ball|p2a: FingerTrap","|-damage|p2a: FingerTrap|40/301","|-damage|p1a: Gengar|209/261|[from] item: Life Orb","|move|p2a: FingerTrap|Psychic|p1a: Gengar","|-supereffective|p1a: Gengar","|-damage|p1a: Gengar|0 fnt","|-damage|p2a: FingerTrap|10/301|[from] item: Life Orb","|faint|p1a: Gengar","|","|","|switch|p1a: Golurk|Golurk|375/375","|turn|25","|","|move|p2a: FingerTrap|Hyperspace Fury|p1a: Golurk","|-supereffective|p1a: Golurk","|-damage|p1a: Golurk|0 fnt","|-unboost|p2a: FingerTrap|def|1","|-damage|p2a: FingerTrap|0 fnt|[from] item: Life Orb","|faint|p1a: Golurk","|faint|p2a: FingerTrap","|","|win|Emg GL Test Tech"],"p1rating":{"entryid":"468203","serverid":"eos","formatid":"monotype","userid":"axiswillwolf","username":"Axis WillWolf","w":"1","l":1,"t":"0","gxe":50,"r":"1535.9522996752","rd":"122.33358662183","sigma":"0","rptime":"1440579600","rpr":1500.1512821682,"rprd":116.10151319485,"rpsigma":"0","acre":1031.1568431729,"lacre":1031.1568431729,"oldacre":"1043.6438803846"},"p2rating":{"entryid":"437770","serverid":"eos","formatid":"monotype","userid":"emggltesttech","username":"Emg GL Test Tech","w":5,"l":"1","t":"0","gxe":63.8,"r":"1543.9237951074","rd":"111.00780181906","sigma":"0","rptime":"1440579600","rpr":1610.4583688146,"rprd":98.711524575063,"rpsigma":"0","acre":1149.5251563842,"lacre":1149.5251563842,"oldacre":"1130.6586660598"},"endType":"normal"}