{"seed":[36793,56791,55177,59331],"turns":23,"p1":"Emg GL Test Tech","p2":"Apex✦Olivia","p1team":[{"name":"FingerTrap","species":"hoopaunbound","item":"lifeorb","ability":"Magician","moves":["gunkshot","focusblast","psychic","hyperspacefury"],"nature":"Hasty","evs":{"hp":0,"atk":88,"def":0,"spa":168,"spd":0,"spe":252},"ivs":{"hp":31,"atk":31,"def":31,"spa":31,"spd":31,"spe":31}},{"name":"Gallade","species":"Gallade","item":"galladite","ability":"Steadfast","moves":["drainpunch","swordsdance","willowisp","shadowsneak"],"nature":"Jolly","evs":{"hp":4,"atk":252,"def":0,"spa":0,"spd":0,"spe":252},"ivs":{"hp":31,"atk":31,"def":31,"spa":31,"spd":31,"spe":31}},{"name":"Latios","species":"Latios","item":"choicescarf","ability":"Levitate","moves":["dracometeor","trick","psychic","defog"],"nature":"Timid","evs":{"hp":0,"atk":0,"def":0,"spa":252,"spd":4,"spe":252},"ivs":{"hp":31,"atk":31,"def":31,"spa":31,"spd":31,"spe":31}},{"name":"Miracle eye","species":"jirachi","item":"leftovers","ability":"Serene Grace","moves":["thunderwave","ironhead","healingwish","substitute"],"nature":"Careful","evs":{"hp":248,"atk":0,"def":0,"spa":0,"spd":228,"spe":32},"ivs":{"hp":31,"atk":31,"def":31,"spa":31,"spd":31,"spe":31}},{"name":"Bulky ORB","species":"deoxysdefense","item":"leftovers","ability":"Pressure","moves":["nightshade","recover","cosmicpower","toxic"],"nature":"Careful","evs":{"hp":252,"atk":0,"def":128,"spa":0,"spd":128,"spe":0},"ivs":{"hp":31,"atk":31,"def":31,"spa":31,"spd":31,"spe":31}},{"name":"No Duh !!!","species":"slowbro","item":"leftovers","ability":"Regenerator","moves":["scald","slackoff","fireblast","yawn"],"nature":"Bold","evs":{"hp":252,"atk":0,"def":200,"spa":0,"spd":56,"spe":0},"ivs":{"hp":31,"atk":31,"def":31,"spa":31,"spd":31,"spe":31}}],"p2team":[{"name":"Slaking","species":"Slaking","item":"choiceband","ability":"Truant","moves":["retaliate","earthquake","nightslash","icepunch"],"nature":"Jolly","evs":{"hp":0,"atk":252,"def":0,"spa":0,"spd":4,"spe":252},"ivs":{"hp":31,"atk":31,"def":31,"spa":31,"spd":31,"spe":31}},{"name":"Kangaskhan","species":"Kangaskhan","item":"assaultvest","ability":"Scrappy","moves":["poweruppunch","fakeout","return","firepunch"],"nature":"Adamant","evs":{"hp":248,"atk":252,"def":0,"spa":0,"spd":8,"spe":0},"ivs":{"hp":31,"atk":31,"def":31,"spa":31,"spd":31,"spe":31}},{"name":"Porygon-Z","species":"Porygon-Z","item":"choicescarf","ability":"Adaptability","moves":["triattack","darkpulse","thunderbolt","shadowball"],"nature":"Modest","evs":{"hp":4,"atk":0,"def":0,"spa":252,"spd":0,"spe":252},"ivs":{"hp":31,"atk":31,"def":31,"spa":31,"spd":31,"spe":31}},{"name":"Braviary","species":"Braviary","item":"lifeorb","ability":"Sheer Force","moves":["bravebird","bulkup","superpower","tailwind"],"nature":"Adamant","evs":{"hp":252,"atk":252,"def":0,"spa":0,"spd":0,"spe":4},"ivs":{"hp":31,"atk":31,"def":31,"spa":31,"spd":31,"spe":31}},{"name":"Lopunny","species":"Lopunny","item":"lopunnite","ability":"Cute Charm","moves":["fakeout","encore","highjumpkick","return"],"nature":"Jolly","evs":{"hp":0,"atk":252,"def":0,"spa":0,"spd":4,"spe":252},"ivs":{"hp":31,"atk":31,"def":31,"spa":31,"spd":31,"spe":31}},{"name":"Chatot","species":"Chatot","item":"focussash","ability":"Keen Eye","moves":["nastyplot","boomburst","chatter","encore"],"nature":"Timid","evs":{"hp":0,"atk":0,"def":0,"spa":252,"spd":4,"spe":252},"ivs":{"hp":31,"atk":31,"def":31,"spa":31,"spd":31,"spe":31}}],"log":["|player|p1|Emg GL Test Tech|149","|player|p2|Apex✦Olivia|170","|gametype|singles","|gen|6","|tier|Monotype","|rated","|rule|Baton Pass Clause: Limit one Baton Passer, can't pass Spe and other stats simultaneously","|rule|Swagger Clause: Swagger is banned","|rule|Same Type Clause: Pokémon in a team must share a type","|clearpoke","|poke|p1|Hoopa-Unbound","|poke|p1|Gallade, M","|poke|p1|Latios, M","|poke|p1|Jirachi","|poke|p1|Deoxys-Defense","|poke|p1|Slowbro, M","|poke|p2|Slaking, F","|poke|p2|Kangaskhan, F","|poke|p2|Porygon-Z","|poke|p2|Braviary, M","|poke|p2|Lopunny, F","|poke|p2|Chatot, M","|rule|Sleep Clause Mod: Limit one foe put to sleep","|rule|Species Clause: Limit one of each Pokémon","|rule|OHKO Clause: OHKO moves are banned","|rule|Moody Clause: Moody is banned","|rule|Evasion Moves Clause: Evasion moves are banned","|rule|Endless Battle Clause: Forcing endless battles is banned","|rule|HP Percentage Mod: HP is shown in percentages","|teampreview","|","|start","|switch|p1a: Gallade|Gallade, M|278/278","|switch|p2a: Lopunny|Lopunny, F|271/271","|turn|1","|","|detailschange|p2a: Lopunny|Lopunny-Mega, F","|-mega|p2a: Lopunny|Lopunny|Lopunnite","|detailschange|p1a: Gallade|Gallade-Mega, M","|-mega|p1a: Gallade|Gallade|Galladite","|move|p2a: Lopunny|Fake Out|p1a: Gallade","|-damage|p1a: Gallade|203/278","|move|p1a: Gallade|Drain Punch|p2a: Lopunny","|-supereffective|p2a: Lopunny","|-damage|p2a: Lopunny|0 fnt","|-heal|p1a: Gallade|278/278|[from] drain|[of] p2a: Lopunny","|faint|p2a: Lopunny","|","|","|switch|p2a: Slaking|Slaking, F|441/441","|turn|2","|","|switch|p1a: No Duh !!!|Slowbro, M|394/394","|move|p2a: Slaking|Retaliate|p1a: No Duh !!!","|-damage|p1a: No Duh !!!|63/394","|","|-heal|p1a: No Duh !!!|87/394|[from] item: Leftovers","|turn|3","|","|switch|p2a: Chatot|Chatot, M|293/293","|move|p1a: No Duh !!!|Slack Off|p1a: No Duh !!!","|-heal|p1a: No Duh !!!|284/394","|","|-heal|p1a: No Duh !!!|308/394|[from] item: Leftovers","|turn|4","|","|switch|p1a: Miracle eye|Jirachi|403/403","|move|p2a: Chatot|Chatter|p1a: Miracle eye","|-resisted|p1a: Miracle eye","|-damage|p1a: Miracle eye|367/403","|-start|p1a: Miracle eye|confusion","|","|-heal|p1a: Miracle eye|392/403|[from] item: Leftovers","|turn|5","|","|move|p2a: Chatot|Nasty Plot|p2a: Chatot","|-boost|p2a: Chatot|spa|2","|-activate|p1a: Miracle eye|confusion","|move|p1a: Miracle eye|Thunder Wave|p2a: Chatot","|-status|p2a: Chatot|par","|","|-heal|p1a: Miracle eye|403/403|[from] item: Leftovers","|turn|6","|","|-activate|p1a: Miracle eye|confusion","|-damage|p1a: Miracle eye|369/403|[from] confusion","|move|p2a: Chatot|Boomburst|p1a: Miracle eye","|-resisted|p1a: Miracle eye","|-damage|p1a: Miracle eye|223/403","|","|-heal|p1a: Miracle eye|248/403|[from] item: Leftovers","|turn|7","|","|-activate|p1a: Miracle eye|confusion","|move|p1a: Miracle eye|Substitute|p1a: Miracle eye","|-start|p1a: Miracle eye|Substitute","|-damage|p1a: Miracle eye|148/403","|move|p2a: Chatot|Boomburst|p1a: Miracle eye","|-resisted|p1a: Miracle eye","|-damage|p1a: Miracle eye|7/403","|","|-heal|p1a: Miracle eye|32/403|[from] item: Leftovers","|turn|8","|","|-activate|p1a: Miracle eye|confusion","|-damage|p1a: Miracle eye|1/403|[from] confusion","|move|p2a: Chatot|Chatter|p1a: Miracle eye","|-resisted|p1a: Miracle eye","|-damage|p1a: Miracle eye|0 fnt","|faint|p1a: Miracle eye","|","|","|switch|p1a: Latios|Latios, M|301/301","|turn|9","|","|move|p1a: Latios|Draco Meteor|p2a: Chatot|[miss]","|-miss|p1a: Latios|p2a: Chatot","|move|p2a: Chatot|Chatter|p1a: Latios","|-damage|p1a: Latios|139/301","|-start|p1a: Latios|confusion","|","|turn|10","|","|-activate|p1a: Latios|confusion","|-damage|p1a: Latios|108/301|[from] confusion","|move|p2a: Chatot|Chatter|p1a: Latios","|-damage|p1a: Latios|0 fnt","|faint|p1a: Latios","|","|","|switch|p1a: Gallade|Gallade-Mega, M|278/278","|turn|11","|","|move|p1a: Gallade|Drain Punch|p2a: Chatot","|-damage|p2a: Chatot|19/293 par","|move|p2a: Chatot|Boomburst|p1a: Gallade","|-damage|p1a: Gallade|0 fnt","|faint|p1a: Gallade","|","|","|switch|p1a: FingerTrap|Hoopa-Unbound|301/301","|turn|12","|","|move|p1a: FingerTrap|Psychic|p2a: Chatot","|-damage|p2a: Chatot|0 fnt","|-damage|p1a: FingerTrap|271/301|[from] item: Life Orb","|faint|p2a: Chatot","|","|","|switch|p2a: Slaking|Slaking, F|441/441","|turn|13","|","|switch|p1a: No Duh !!!|Slowbro, M|394/394","|move|p2a: Slaking|Retaliate|p1a: No Duh !!!","|-damage|p1a: No Duh !!!|114/394","|","|-heal|p1a: No Duh !!!|138/394|[from] item: Leftovers","|turn|14","|","|switch|p2a: Porygon-Z|Porygon-Z|312/312","|move|p1a: No Duh !!!|Slack Off|p1a: No Duh !!!","|-heal|p1a: No Duh !!!|335/394","|","|-heal|p1a: No Duh !!!|359/394|[from] item: Leftovers","|turn|15","|","|move|p2a: Porygon-Z|Tri Attack|p1a: No Duh !!!","|-damage|p1a: No Duh !!!|129/394","|move|p1a: No Duh !!!|Yawn|p2a: Porygon-Z","|-start|p2a: Porygon-Z|move: Yawn|[of] p1a: No Duh !!!","|","|-heal|p1a: No Duh !!!|153/394|[from] item: Leftovers","|turn|16","|","|switch|p1a: FingerTrap|Hoopa-Unbound|271/301","|move|p2a: Porygon-Z|Tri Attack|p1a: FingerTrap","|-damage|p1a: FingerTrap|93/301","|-status|p1a: FingerTrap|frz","|","|-end|p2a: Porygon-Z|move: Yawn|[silent]","|-status|p2a: Porygon-Z|slp","|turn|17","|","|cant|p2a: Porygon-Z|slp","|cant|p1a: FingerTrap|frz","|","|turn|18","|","|cant|p2a: Porygon-Z|slp","|-curestatus|p1a: FingerTrap|frz","|move|p1a: FingerTrap|Focus Blast|p2a: Porygon-Z","|-supereffective|p2a: Porygon-Z","|-damage|p2a: Porygon-Z|0 fnt","|-damage|p1a: FingerTrap|63/301|[from] item: Life Orb","|faint|p2a: Porygon-Z","|","|","|switch|p2a: Slaking|Slaking, F|441/441","|turn|19","|","|move|p2a: Slaking|Retaliate|p1a: FingerTrap","|-damage|p1a: FingerTrap|0 fnt","|faint|p1a: FingerTrap","|","|","|switch|p1a: Bulky ORB|Deoxys-Defense|304/304","|-ability|p1a: Bulky ORB|Pressure","|turn|20","|","|switch|p2a: Braviary|Braviary, M|404/404","|move|p1a: Bulky ORB|Cosmic Power|p1a: Bulky ORB","|-boost|p1a: Bulky ORB|def|1","|-boost|p1a: Bulky ORB|spd|1","|","|turn|21","|","|move|p1a: Bulky ORB|Cosmic Power|p1a: Bulky ORB","|-boost|p1a: Bulky ORB|def|1","|-boost|p1a: Bulky ORB|spd|1","|move|p2a: Braviary|Bulk Up|p2a: Braviary","|-boost|p2a: Braviary|atk|1","|-boost|p2a: Braviary|def|1","|","|turn|22","|","|move|p1a: Bulky ORB|Toxic|p2a: Braviary","|-status|p2a: Braviary|tox","|move|p2a: Braviary|Brave Bird|p1a: Bulky ORB","|-crit|p1a: Bulky ORB","|-damage|p1a: Bulky ORB|0 fnt","|-damage|p2a: Braviary|304/404 tox|[from] recoil|[of] p1a: Bulky ORB","|-damage|p2a: Braviary|264/404 tox|[from] item: Life Orb","|faint|p1a: Bulky ORB","|","|-damage|p2a: Braviary|239/404 tox|[from] psn","|","|switch|p1a: No Duh !!!|Slowbro, M|284/394","|turn|23","|","|move|p2a: Braviary|Brave Bird|p1a: No Duh !!!","|-damage|p1a: No Duh !!!|0 fnt","|-damage|p2a: Braviary|145/404 tox|[from] recoil|[of] p1a: No Duh !!!","|-damage|p2a: Braviary|105/404 tox|[from] item: Life Orb","|faint|p1a: No Duh !!!","|","|win|Apex✦Olivia"],"p1rating":{"entryid":"437770","serverid":"eos","formatid":"monotype","userid":"emggltesttech","username":"Emg GL Test Tech","w":"11","l":6,"t":"0","gxe":60.8,"r":"1543.9237951074","rd":"111.00780181906","sigma":"0","rptime":"1440579600","rpr":1584.5268457294,"rprd":74.230599051965,"rpsigma":"0","acre":1122.342514052,"lacre":1122.342514052,"oldacre":"1157.9868470773"},"p2rating":{"entryid":"478906","serverid":"eos","formatid":"monotype","userid":"apexolivia","username":"Apex✦Olivia","w":1,"l":"2","t":"0","gxe":48.4,"r":"1500","rd":"130","sigma":"0","rptime":"1440579600","rpr":1487.0438494626,"rprd":111.78815947976,"rpsigma":"0","acre":1057.0309328405,"lacre":1057.0309328405,"oldacre":"1000"},"endType":"normal"}