{"seed":[16636,36344,42262,52971],"turns":27,"p1":"Scrub172","p2":"Alliance - Moku","p1team":[{"name":"Venusaur","species":"Venusaur","item":"venusaurite","ability":"Chlorophyll","moves":["sludgebomb","gigadrain","hiddenpowerfire","synthesis"],"nature":"Modest","evs":{"hp":232,"atk":0,"def":0,"spa":252,"spd":0,"spe":24},"ivs":{"hp":31,"atk":0,"def":31,"spa":30,"spd":31,"spe":30}},{"name":"Ferrothorn","species":"Ferrothorn","item":"rockyhelmet","ability":"Iron Barbs","moves":["gyroball","stealthrock","spikes","leechseed"],"nature":"Relaxed","evs":{"hp":248,"atk":0,"def":252,"spa":0,"spd":8,"spe":0},"ivs":{"hp":31,"atk":31,"def":31,"spa":31,"spd":31,"spe":0}},{"name":"Cradily","species":"Cradily","item":"leftovers","ability":"Storm Drain","moves":["earthquake","rockslide","recover","curse"],"nature":"Careful","evs":{"hp":248,"atk":0,"def":8,"spa":0,"spd":252,"spe":0},"ivs":{"hp":31,"atk":31,"def":31,"spa":31,"spd":31,"spe":31}},{"name":"Whimsicott","species":"Whimsicott","item":"lifeorb","ability":"Prankster","moves":["gigadrain","moonblast","hiddenpowerfire","taunt"],"nature":"Timid","evs":{"hp":0,"atk":0,"def":0,"spa":252,"spd":4,"spe":252},"gender":"M","ivs":{"hp":31,"atk":30,"def":31,"spa":30,"spd":31,"spe":30},"shiny":true},{"name":"Celebi","species":"Celebi","item":"choicescarf","ability":"Natural Cure","moves":["psychic","earthpower","energyball","dazzlinggleam"],"nature":"Timid","evs":{"hp":0,"atk":0,"def":0,"spa":252,"spd":4,"spe":252},"ivs":{"hp":31,"atk":0,"def":31,"spa":31,"spd":31,"spe":31}},{"name":"Breloom","species":"Breloom","item":"focussash","ability":"Technician","moves":["machpunch","bulletseed","rocktomb","spore"],"nature":"Jolly","evs":{"hp":0,"atk":252,"def":0,"spa":0,"spd":4,"spe":252},"ivs":{"hp":31,"atk":31,"def":31,"spa":31,"spd":31,"spe":31}}],"p2team":[{"name":"Togekiss","species":"Togekiss","item":"leftovers","ability":"Serene Grace","moves":["airslash","healbell","dazzlinggleam","flamethrower"],"nature":"Timid","evs":{"hp":252,"atk":0,"def":0,"spa":0,"spd":80,"spe":176},"shiny":true,"ivs":{"hp":31,"atk":31,"def":31,"spa":31,"spd":31,"spe":31}},{"name":"Honchkrow","species":"Honchkrow","item":"lifeorb","ability":"Moxie","moves":["foulplay","bravebird","suckerpunch","superpower"],"nature":"Adamant","evs":{"hp":0,"atk":252,"def":4,"spa":0,"spd":0,"spe":252},"ivs":{"hp":31,"atk":31,"def":30,"spa":30,"spd":30,"spe":31}},{"name":"Charizard","species":"Charizard","item":"charizarditey","ability":"Blaze","moves":["flamethrower","roost","solarbeam","focusblast"],"nature":"Timid","evs":{"hp":0,"atk":0,"def":4,"spa":252,"spd":0,"spe":252},"ivs":{"hp":31,"atk":30,"def":30,"spa":31,"spd":31,"spe":31},"shiny":true},{"name":"Landorus-Therian","species":"Landorus-Therian","item":"choicescarf","ability":"Intimidate","moves":["earthquake","stoneedge","knockoff","uturn"],"nature":"Jolly","evs":{"hp":0,"atk":252,"def":0,"spa":0,"spd":0,"spe":252},"ivs":{"hp":31,"atk":31,"def":31,"spa":31,"spd":31,"spe":31}},{"name":"Skarmory","species":"Skarmory","item":"rockyhelmet","ability":"Sturdy","moves":["bravebird","stealthrock","defog","taunt"],"nature":"Impish","evs":{"hp":252,"atk":0,"def":252,"spa":0,"spd":0,"spe":0},"ivs":{"hp":31,"atk":31,"def":31,"spa":31,"spd":31,"spe":31}},{"name":"Thundurus-Therian","species":"Thundurus-Therian","item":"lifeorb","ability":"Volt Absorb","moves":["thunderbolt","hiddenpowerice","psychic","thunderwave"],"nature":"Timid","evs":{"hp":0,"atk":0,"def":4,"spa":252,"spd":0,"spe":252},"ivs":{"hp":31,"atk":30,"def":30,"spa":31,"spd":31,"spe":31}}],"log":["|player|p1|Scrub172|165","|player|p2|Alliance - Moku|121","|gametype|singles","|gen|6","|tier|Monotype","|rated","|rule|Baton Pass Clause: Limit one Baton Passer, can't pass Spe and other stats simultaneously","|rule|Swagger Clause: Swagger is banned","|rule|Same Type Clause: Pokémon in a team must share a type","|clearpoke","|poke|p1|Venusaur, F","|poke|p1|Ferrothorn, F","|poke|p1|Cradily, M","|poke|p1|Whimsicott, M, shiny","|poke|p1|Celebi","|poke|p1|Breloom, M","|poke|p2|Togekiss, M, shiny","|poke|p2|Honchkrow, F","|poke|p2|Charizard, F, shiny","|poke|p2|Landorus-Therian, M","|poke|p2|Skarmory, F","|poke|p2|Thundurus-Therian, M","|rule|Sleep Clause Mod: Limit one foe put to sleep","|rule|Species Clause: Limit one of each Pokémon","|rule|OHKO Clause: OHKO moves are banned","|rule|Moody Clause: Moody is banned","|rule|Evasion Moves Clause: Evasion moves are banned","|rule|Endless Battle Clause: Forcing endless battles is banned","|rule|HP Percentage Mod: HP is shown in percentages","|teampreview","|","|start","|switch|p1a: Whimsicott|Whimsicott, M, shiny|261/261","|switch|p2a: Charizard|Charizard, F, shiny|297/297","|turn|1","|","|detailschange|p2a: Charizard|Charizard-Mega-Y, F, shiny","|-mega|p2a: Charizard|Charizard|Charizardite Y","|-weather|SunnyDay","|move|p1a: Whimsicott|Taunt|p2a: Charizard","|-start|p2a: Charizard|move: Taunt","|move|p2a: Charizard|Flamethrower|p1a: Whimsicott","|-supereffective|p1a: Whimsicott","|-damage|p1a: Whimsicott|0 fnt","|faint|p1a: Whimsicott","|","|-weather|SunnyDay|[upkeep]","|","|switch|p1a: Breloom|Breloom, M|261/261","|turn|2","|","|move|p2a: Charizard|Flamethrower|p1a: Breloom","|-supereffective|p1a: Breloom","|-enditem|p1a: Breloom|Focus Sash","|-damage|p1a: Breloom|1/261","|move|p1a: Breloom|Rock Tomb|p2a: Charizard","|-supereffective|p2a: Charizard","|-damage|p2a: Charizard|0 fnt","|faint|p2a: Charizard","|","|-weather|SunnyDay|[upkeep]","|","|switch|p2a: Honchkrow|Honchkrow, F|341/341","|turn|3","|","|switch|p1a: Ferrothorn|Ferrothorn, F|351/351","|move|p2a: Honchkrow|Sucker Punch|p1a: Ferrothorn","|-fail|p2a: Honchkrow","|","|-weather|SunnyDay|[upkeep]","|turn|4","|","|switch|p2a: Skarmory|Skarmory, F|334/334","|move|p1a: Ferrothorn|Stealth Rock|p2a: Skarmory","|-sidestart|p2: Alliance - Moku|move: Stealth Rock","|","|-weather|SunnyDay|[upkeep]","|turn|5","|","|switch|p1a: Cradily|Cradily, M|375/375","|move|p2a: Skarmory|Taunt|p1a: Cradily","|-start|p1a: Cradily|move: Taunt","|","|-weather|none","|turn|6","|","|switch|p1a: Ferrothorn|Ferrothorn, F|351/351","|move|p2a: Skarmory|Defog|p1a: Ferrothorn","|-unboost|p1a: Ferrothorn|evasion|1","|-sideend|p2: Alliance - Moku|Stealth Rock|[from] move: Defog|[of] p2a: Skarmory","|","|turn|7","|","|switch|p1a: Venusaur|Venusaur, F|359/359","|move|p2a: Skarmory|Taunt|p1a: Venusaur","|-start|p1a: Venusaur|move: Taunt","|","|turn|8","|","|detailschange|p1a: Venusaur|Venusaur-Mega, F","|-mega|p1a: Venusaur|Venusaur|Venusaurite","|move|p1a: Venusaur|Hidden Power|p2a: Skarmory","|-supereffective|p2a: Skarmory","|-damage|p2a: Skarmory|126/334","|move|p2a: Skarmory|Brave Bird|p1a: Venusaur","|-supereffective|p1a: Venusaur","|-damage|p1a: Venusaur|177/359","|-damage|p2a: Skarmory|66/334|[from] recoil|[of] p1a: Venusaur","|","|turn|9","|","|switch|p2a: Togekiss|Togekiss, M, shiny|374/374","|move|p1a: Venusaur|Hidden Power|p2a: Togekiss","|-damage|p2a: Togekiss|311/374","|","|-heal|p2a: Togekiss|334/374|[from] item: Leftovers","|-end|p1a: Venusaur|move: Taunt","|turn|10","|","|switch|p1a: Cradily|Cradily, M|375/375","|move|p2a: Togekiss|Air Slash|p1a: Cradily","|-damage|p1a: Cradily|309/375","|","|-heal|p2a: Togekiss|357/374|[from] item: Leftovers","|-heal|p1a: Cradily|332/375|[from] item: Leftovers","|turn|11","|","|move|p2a: Togekiss|Air Slash|p1a: Cradily","|-damage|p1a: Cradily|260/375","|cant|p1a: Cradily|flinch","|","|-heal|p2a: Togekiss|374/374|[from] item: Leftovers","|-heal|p1a: Cradily|283/375|[from] item: Leftovers","|turn|12","|","|move|p2a: Togekiss|Air Slash|p1a: Cradily","|-damage|p1a: Cradily|211/375","|cant|p1a: Cradily|flinch","|","|-heal|p1a: Cradily|234/375|[from] item: Leftovers","|turn|13","|","|move|p2a: Togekiss|Air Slash|p1a: Cradily","|-damage|p1a: Cradily|162/375","|move|p1a: Cradily|Recover|p1a: Cradily","|-heal|p1a: Cradily|350/375","|","|-heal|p1a: Cradily|373/375|[from] item: Leftovers","|turn|14","|","|move|p2a: Togekiss|Air Slash|p1a: Cradily","|-damage|p1a: Cradily|306/375","|move|p1a: Cradily|Recover|p1a: Cradily","|-heal|p1a: Cradily|375/375","|","|turn|15","|","|switch|p2a: Honchkrow|Honchkrow, F|341/341","|move|p1a: Cradily|Curse|p1a: Cradily","|-unboost|p1a: Cradily|spe|1","|-boost|p1a: Cradily|atk|1","|-boost|p1a: Cradily|def|1","|","|turn|16","|","|move|p2a: Honchkrow|Superpower|p1a: Cradily","|-supereffective|p1a: Cradily","|-damage|p1a: Cradily|92/375","|-unboost|p2a: Honchkrow|atk|1","|-unboost|p2a: Honchkrow|def|1","|-damage|p2a: Honchkrow|307/341|[from] item: Life Orb","|move|p1a: Cradily|Curse|p1a: Cradily","|-unboost|p1a: Cradily|spe|1","|-boost|p1a: Cradily|atk|1","|-boost|p1a: Cradily|def|1","|","|-heal|p1a: Cradily|115/375|[from] item: Leftovers","|turn|17","|","|move|p2a: Honchkrow|Superpower|p1a: Cradily","|-supereffective|p1a: Cradily","|-damage|p1a: Cradily|0 fnt","|-unboost|p2a: Honchkrow|atk|1","|-unboost|p2a: Honchkrow|def|1","|-damage|p2a: Honchkrow|273/341|[from] item: Life Orb","|faint|p1a: Cradily","|-boost|p2a: Honchkrow|atk|1|[from] ability: Moxie","|","|","|switch|p1a: Breloom|Breloom, M|1/261","|turn|18","|","|move|p1a: Breloom|Mach Punch|p2a: Honchkrow","|-damage|p2a: Honchkrow|0 fnt","|faint|p2a: Honchkrow","|","|","|switch|p2a: Skarmory|Skarmory, F|66/334","|turn|19","|","|move|p1a: Breloom|Spore|p2a: Skarmory","|-status|p2a: Skarmory|slp","|cant|p2a: Skarmory|slp","|","|turn|20","|","|move|p1a: Breloom|Rock Tomb|p2a: Skarmory","|-damage|p2a: Skarmory|6/334 slp","|-unboost|p2a: Skarmory|spe|1","|cant|p2a: Skarmory|slp","|","|turn|21","|","|switch|p2a: Landorus-Therian|Landorus-Therian, M|319/319","|-ability|p2a: Landorus-Therian|Intimidate","|-unboost|p1a: Breloom|atk|1","|move|p1a: Breloom|Rock Tomb|p2a: Landorus-Therian","|-damage|p2a: Landorus-Therian|246/319","|-unboost|p2a: Landorus-Therian|spe|1","|","|turn|22","|","|switch|p1a: Ferrothorn|Ferrothorn, F|351/351","|move|p2a: Landorus-Therian|U-turn|p1a: Ferrothorn","|-damage|p1a: Ferrothorn|301/351","|-damage|p2a: Landorus-Therian|207/319|[from] ability: Iron Barbs|[of] p1a: Ferrothorn","|-damage|p2a: Landorus-Therian|154/319|[from] item: Rocky Helmet|[of] p1a: Ferrothorn","|","|switch|p2a: Togekiss|Togekiss, M, shiny|374/374","|","|turn|23","|","|move|p2a: Togekiss|Flamethrower|p1a: Ferrothorn","|-supereffective|p1a: Ferrothorn","|-damage|p1a: Ferrothorn|0 fnt","|faint|p1a: Ferrothorn","|","|","|switch|p1a: Breloom|Breloom, M|1/261","|turn|24","|","|move|p2a: Togekiss|Air Slash|p1a: Breloom","|-supereffective|p1a: Breloom","|-damage|p1a: Breloom|0 fnt","|faint|p1a: Breloom","|","|","|switch|p1a: Venusaur|Venusaur-Mega, F|177/359","|turn|25","|","|move|p2a: Togekiss|Air Slash|p1a: Venusaur","|-supereffective|p1a: Venusaur","|-damage|p1a: Venusaur|0 fnt","|faint|p1a: Venusaur","|","|","|switch|p1a: Celebi|Celebi|341/341","|turn|26","|","|move|p1a: Celebi|Psychic|p2a: Togekiss","|-damage|p2a: Togekiss|260/374","|move|p2a: Togekiss|Air Slash|p1a: Celebi","|-supereffective|p1a: Celebi","|-damage|p1a: Celebi|123/341","|","|-heal|p2a: Togekiss|283/374|[from] item: Leftovers","|turn|27","|","|move|p1a: Celebi|Psychic|p2a: Togekiss","|-damage|p2a: Togekiss|180/374","|move|p2a: Togekiss|Air Slash|p1a: Celebi","|-supereffective|p1a: Celebi","|-damage|p1a: Celebi|0 fnt","|faint|p1a: Celebi","|","|win|Alliance - Moku"],"p1rating":{"entryid":"498016","serverid":"eos","formatid":"monotype","userid":"scrub172","username":"Scrub172","w":"2","l":1,"t":"0","gxe":54.4,"r":"1500","rd":"130","sigma":"0","rptime":"1440579600","rpr":1534.4902876224,"rprd":111.21538223039,"rpsigma":"0","acre":1060.8163832606,"lacre":1060.8163832606,"oldacre":"1090.3623465923"},"p2rating":{"entryid":498610,"formatid":"monotype","userid":"alliancemoku","username":"Alliance - Moku","r":1500,"rd":130,"sigma":0,"rpr":1540.1606143388,"rprd":122.8583080769,"rpsigma":0,"rptime":1440579600,"w":1,"l":0,"t":0,"gxe":55,"acre":1050.1749542432,"lacre":1050.1749542432,"oldacre":1000},"endType":"normal"}