{"seed":[8879,48083,47518,23356],"turns":22,"p1":"DJ Gible","p2":"Marx-Bot","p1team":[{"name":"Conkeldurr","species":"Conkeldurr","item":"assaultvest","ability":"Iron Fist","moves":["icepunch","drainpunch","earthquake","machpunch"],"nature":"Adamant","evs":{"hp":248,"atk":252,"def":0,"spa":0,"spd":8,"spe":0},"ivs":{"hp":31,"atk":31,"def":31,"spa":31,"spd":31,"spe":31}},{"name":"Hawlucha","species":"Hawlucha","item":"powerherb","ability":"Unburden","moves":["acrobatics","roost","poisonjab","skyattack"],"nature":"Adamant","evs":{"hp":0,"atk":252,"def":0,"spa":0,"spd":4,"spe":252},"ivs":{"hp":31,"atk":31,"def":31,"spa":31,"spd":31,"spe":31}},{"name":"Keldeo","species":"Keldeo","item":"choicescarf","ability":"Justified","moves":["icywind","hydropump","secretsword","scald"],"nature":"Timid","evs":{"hp":0,"atk":0,"def":0,"spa":252,"spd":4,"spe":252},"ivs":{"hp":31,"atk":31,"def":31,"spa":31,"spd":31,"spe":31}},{"name":"Terrakion","species":"Terrakion","item":"choicescarf","ability":"Justified","moves":["closecombat","earthquake","rockslide","xscissor"],"nature":"Jolly","evs":{"hp":0,"atk":252,"def":0,"spa":0,"spd":4,"spe":252},"ivs":{"hp":31,"atk":31,"def":31,"spa":31,"spd":31,"spe":31}},{"name":"Lucario","species":"Lucario","item":"lifeorb","ability":"Justified","moves":["nastyplot","extremespeed","aurasphere","flashcannon"],"nature":"Hasty","evs":{"hp":0,"atk":4,"def":0,"spa":252,"spd":0,"spe":252},"ivs":{"hp":31,"atk":31,"def":31,"spa":31,"spd":31,"spe":31}},{"name":"Heracross","species":"Heracross","item":"heracronite","ability":"Moxie","moves":["megahorn","rockblast","closecombat","swordsdance"],"nature":"Adamant","evs":{"hp":248,"atk":252,"def":0,"spa":0,"spd":8,"spe":0},"ivs":{"hp":31,"atk":31,"def":31,"spa":31,"spd":31,"spe":31}}],"p2team":[{"name":"Ferrothorn","species":"Ferrothorn","item":"rockyhelmet","ability":"Iron Barbs","moves":["ironhead","thunderwave","leechseed","ingrain"],"nature":"Impish","evs":{"hp":248,"atk":8,"def":252,"spa":0,"spd":0,"spe":0},"ivs":{"hp":31,"atk":31,"def":31,"spa":31,"spd":31,"spe":31}},{"name":"Breloom","species":"Breloom","item":"focussash","ability":"Technician","moves":["bulletseed","machpunch","spore","rocktomb"],"nature":"Jolly","evs":{"hp":0,"atk":252,"def":0,"spa":0,"spd":4,"spe":252},"ivs":{"hp":31,"atk":31,"def":31,"spa":31,"spd":31,"spe":31}},{"name":"Venusaur","species":"Venusaur","item":"venusaurite","ability":"Overgrow","moves":["gigadrain","synthesis","sludgebomb","leechseed"],"nature":"Bold","evs":{"hp":248,"atk":0,"def":252,"spa":8,"spd":0,"spe":0},"ivs":{"hp":31,"atk":31,"def":31,"spa":31,"spd":31,"spe":31}},{"name":"Serperior","species":"Serperior","item":"lifeorb","ability":"Contrary","moves":["leafstorm","gigadrain","dragonpulse","hiddenpowerice"],"nature":"Timid","evs":{"hp":0,"atk":0,"def":0,"spa":252,"spd":4,"spe":252},"ivs":{"hp":31,"atk":30,"def":30,"spa":31,"spd":31,"spe":31}},{"name":"Whimsicott","species":"Whimsicott","item":"flameorb","ability":"Prankster","moves":["cottonguard","leechseed","gigadrain","switcheroo"],"nature":"Calm","evs":{"hp":248,"atk":0,"def":0,"spa":8,"spd":252,"spe":0},"ivs":{"hp":31,"atk":31,"def":31,"spa":31,"spd":31,"spe":31}},{"name":"Virizion","species":"Virizion","item":"assaultvest","ability":"Justified","moves":["gigadrain","sacredsword","stoneedge","xscissor"],"nature":"Lonely","evs":{"hp":248,"atk":252,"def":0,"spa":8,"spd":0,"spe":0},"ivs":{"hp":31,"atk":31,"def":31,"spa":31,"spd":31,"spe":31}}],"log":["|player|p1|DJ Gible|198","|player|p2|Marx-Bot|165","|gametype|singles","|gen|6","|tier|Monotype","|rated","|rule|Baton Pass Clause: Limit one Baton Passer, can't pass Spe and other stats simultaneously","|rule|Swagger Clause: Swagger is banned","|rule|Same Type Clause: Pokémon in a team must share a type","|clearpoke","|poke|p1|Conkeldurr, M","|poke|p1|Hawlucha, F","|poke|p1|Keldeo","|poke|p1|Terrakion","|poke|p1|Lucario, F","|poke|p1|Heracross, F","|poke|p2|Ferrothorn, M","|poke|p2|Breloom, F","|poke|p2|Venusaur, F","|poke|p2|Serperior, F","|poke|p2|Whimsicott, M","|poke|p2|Virizion","|rule|Sleep Clause Mod: Limit one foe put to sleep","|rule|Species Clause: Limit one of each Pokémon","|rule|OHKO Clause: OHKO moves are banned","|rule|Moody Clause: Moody is banned","|rule|Evasion Moves Clause: Evasion moves are banned","|rule|Endless Battle Clause: Forcing endless battles is banned","|rule|HP Percentage Mod: HP is shown in percentages","|teampreview","|","|start","|switch|p1a: Conkeldurr|Conkeldurr, M|413/413","|switch|p2a: Venusaur|Venusaur, F|363/363","|turn|1","|","|detailschange|p2a: Venusaur|Venusaur-Mega, F","|-mega|p2a: Venusaur|Venusaur|Venusaurite","|move|p2a: Venusaur|Leech Seed|p1a: Conkeldurr","|-start|p1a: Conkeldurr|move: Leech Seed","|move|p1a: Conkeldurr|Earthquake|p2a: Venusaur","|-damage|p2a: Venusaur|284/363","|","|-damage|p1a: Conkeldurr|362/413|[from] Leech Seed|[of] p2a: Venusaur","|-heal|p2a: Venusaur|335/363|[silent]","|turn|2","|","|switch|p1a: Heracross|Heracross, F|363/363","|move|p2a: Venusaur|Giga Drain|p1a: Heracross","|-resisted|p1a: Heracross","|-damage|p1a: Heracross|306/363","|-heal|p2a: Venusaur|363/363|[from] drain|[of] p1a: Heracross","|","|turn|3","|","|switch|p2a: Ferrothorn|Ferrothorn, M|351/351","|detailschange|p1a: Heracross|Heracross-Mega, F","|-mega|p1a: Heracross|Heracross|Heracronite","|move|p1a: Heracross|Swords Dance|p1a: Heracross","|-boost|p1a: Heracross|atk|2","|","|turn|4","|","|move|p1a: Heracross|Close Combat|p2a: Ferrothorn","|-crit|p2a: Ferrothorn","|-supereffective|p2a: Ferrothorn","|-damage|p2a: Ferrothorn|0 fnt","|-damage|p1a: Heracross|261/363|[from] ability: Iron Barbs|[of] p2a: Ferrothorn","|-damage|p1a: Heracross|201/363|[from] item: Rocky Helmet|[of] p2a: Ferrothorn","|-unboost|p1a: Heracross|def|1","|-unboost|p1a: Heracross|spd|1","|faint|p2a: Ferrothorn","|","|","|switch|p2a: Serperior|Serperior, F|291/291","|turn|5","|","|move|p2a: Serperior|Dragon Pulse|p1a: Heracross","|-damage|p1a: Heracross|63/363","|-damage|p2a: Serperior|262/291|[from] item: Life Orb","|move|p1a: Heracross|Megahorn|p2a: Serperior","|-supereffective|p2a: Serperior","|-damage|p2a: Serperior|0 fnt","|faint|p2a: Serperior","|","|","|switch|p2a: Breloom|Breloom, F|261/261","|turn|6","|","|move|p2a: Breloom|Mach Punch|p1a: Heracross","|-resisted|p1a: Heracross","|-damage|p1a: Heracross|0 fnt","|faint|p1a: Heracross","|","|","|switch|p1a: Conkeldurr|Conkeldurr, M|362/413","|turn|7","|","|move|p2a: Breloom|Spore|p1a: Conkeldurr","|-status|p1a: Conkeldurr|slp","|cant|p1a: Conkeldurr|slp","|","|turn|8","|","|move|p2a: Breloom|Rock Tomb|p1a: Conkeldurr","|-resisted|p1a: Conkeldurr","|-damage|p1a: Conkeldurr|301/413 slp","|-unboost|p1a: Conkeldurr|spe|1","|-curestatus|p1a: Conkeldurr|slp","|move|p1a: Conkeldurr|Ice Punch|p2a: Breloom","|-crit|p2a: Breloom","|-supereffective|p2a: Breloom","|-enditem|p2a: Breloom|Focus Sash","|-damage|p2a: Breloom|1/261","|","|turn|9","|","|move|p1a: Conkeldurr|Mach Punch|p2a: Breloom","|-damage|p2a: Breloom|0 fnt","|faint|p2a: Breloom","|","|","|switch|p2a: Venusaur|Venusaur-Mega, F|363/363","|turn|10","|","|move|p2a: Venusaur|Sludge Bomb|p1a: Conkeldurr","|-damage|p1a: Conkeldurr|189/413","|move|p1a: Conkeldurr|Ice Punch|p2a: Venusaur","|-supereffective|p2a: Venusaur","|-damage|p2a: Venusaur|291/363","|","|turn|11","|","|move|p2a: Venusaur|Sludge Bomb|p1a: Conkeldurr","|-damage|p1a: Conkeldurr|80/413","|move|p1a: Conkeldurr|Ice Punch|p2a: Venusaur","|-supereffective|p2a: Venusaur","|-damage|p2a: Venusaur|213/363","|","|turn|12","|","|move|p2a: Venusaur|Synthesis|p2a: Venusaur","|-heal|p2a: Venusaur|363/363","|move|p1a: Conkeldurr|Ice Punch|p2a: Venusaur","|-supereffective|p2a: Venusaur","|-damage|p2a: Venusaur|283/363","|-status|p2a: Venusaur|frz","|","|turn|13","|","|switch|p1a: Hawlucha|Hawlucha, F|297/297","|-curestatus|p2a: Venusaur|frz","|move|p2a: Venusaur|Leech Seed|p1a: Hawlucha","|-start|p1a: Hawlucha|move: Leech Seed","|","|-damage|p1a: Hawlucha|260/297|[from] Leech Seed|[of] p2a: Venusaur","|-heal|p2a: Venusaur|320/363|[silent]","|turn|14","|","|move|p1a: Hawlucha|Sky Attack|p2a: Venusaur|[still]","|-prepare|p1a: Hawlucha|Sky Attack|p2a: Venusaur","|-enditem|p1a: Hawlucha|Power Herb","|-anim|p1a: Hawlucha|Sky Attack|p2a: Venusaur","|-supereffective|p2a: Venusaur","|-damage|p2a: Venusaur|48/363","|move|p2a: Venusaur|Sludge Bomb|p1a: Hawlucha","|-damage|p1a: Hawlucha|65/297","|","|-damage|p1a: Hawlucha|28/297|[from] Leech Seed|[of] p2a: Venusaur","|-heal|p2a: Venusaur|85/363|[silent]","|turn|15","|","|move|p1a: Hawlucha|Acrobatics|p2a: Venusaur","|-supereffective|p2a: Venusaur","|-damage|p2a: Venusaur|0 fnt","|faint|p2a: Venusaur","|","|","|switch|p2a: Whimsicott|Whimsicott, M|323/323","|turn|16","|","|move|p2a: Whimsicott|Cotton Guard|p2a: Whimsicott","|-boost|p2a: Whimsicott|def|3","|move|p1a: Hawlucha|Roost|p1a: Hawlucha","|-heal|p1a: Hawlucha|177/297","|","|-damage|p1a: Hawlucha|140/297|[from] Leech Seed|[of] p2a: Whimsicott","|-status|p2a: Whimsicott|brn|[from] item: Flame Orb","|turn|17","|","|move|p2a: Whimsicott|Switcheroo|p1a: Hawlucha","|-activate|p2a: Whimsicott|move: Trick|[of] p1a: Hawlucha","|-item|p1a: Hawlucha|Flame Orb|[from] Trick","|move|p1a: Hawlucha|Poison Jab|p2a: Whimsicott","|-crit|p2a: Whimsicott","|-supereffective|p2a: Whimsicott","|-damage|p2a: Whimsicott|0 fnt","|faint|p2a: Whimsicott","|","|-status|p1a: Hawlucha|brn|[from] item: Flame Orb","|","|switch|p2a: Virizion|Virizion|385/385","|turn|18","|","|move|p1a: Hawlucha|Acrobatics|p2a: Virizion","|-supereffective|p2a: Virizion","|-damage|p2a: Virizion|143/385","|move|p2a: Virizion|Stone Edge|p1a: Hawlucha","|-damage|p1a: Hawlucha|10/297 brn","|","|-damage|p1a: Hawlucha|0 fnt|[from] Leech Seed|[of] p2a: Virizion","|-heal|p2a: Virizion|153/385|[silent]","|faint|p1a: Hawlucha","|","|switch|p1a: Keldeo|Keldeo|323/323","|turn|19","|","|move|p1a: Keldeo|Icy Wind|p2a: Virizion","|-supereffective|p2a: Virizion","|-damage|p2a: Virizion|79/385","|-unboost|p2a: Virizion|spe|1","|move|p2a: Virizion|Giga Drain|p1a: Keldeo","|-supereffective|p1a: Keldeo","|-damage|p1a: Keldeo|143/323","|-heal|p2a: Virizion|169/385|[from] drain|[of] p1a: Keldeo","|","|turn|20","|","|move|p1a: Keldeo|Icy Wind|p2a: Virizion","|-supereffective|p2a: Virizion","|-damage|p2a: Virizion|101/385","|-unboost|p2a: Virizion|spe|1","|move|p2a: Virizion|Giga Drain|p1a: Keldeo","|-supereffective|p1a: Keldeo","|-damage|p1a: Keldeo|0 fnt","|-heal|p2a: Virizion|173/385|[from] drain|[of] p1a: Keldeo","|faint|p1a: Keldeo","|","|","|switch|p1a: Conkeldurr|Conkeldurr, M|80/413","|turn|21","|","|move|p1a: Conkeldurr|Mach Punch|p2a: Virizion","|-damage|p2a: Virizion|40/385","|move|p2a: Virizion|Giga Drain|p1a: Conkeldurr","|-damage|p1a: Conkeldurr|10/413","|-heal|p2a: Virizion|75/385|[from] drain|[of] p1a: Conkeldurr","|","|turn|22","|","|move|p1a: Conkeldurr|Mach Punch|p2a: Virizion","|-damage|p2a: Virizion|0 fnt","|faint|p2a: Virizion","|","|win|DJ Gible"],"p1rating":{"entryid":"166635","serverid":"eos","formatid":"monotype","userid":"djgible","username":"DJ Gible","w":6,"l":"9","t":"0","gxe":43.1,"r":"1406.0192203225","rd":"81.824503395958","sigma":"0","rptime":"1440579600","rpr":1446.3851186234,"rprd":78.249382370559,"rpsigma":"0","acre":1105.4633479519,"lacre":1105.4633479519,"oldacre":"1075.8493629498"},"p2rating":{"entryid":"79213","serverid":"eos","formatid":"monotype","userid":"marxbot","username":"Marx-Bot","w":"7","l":9,"t":"0","gxe":46,"r":"1476.3086752794","rd":"95.840461940003","sigma":"0","rptime":"1440579600","rpr":1468.7718366222,"rprd":75.747294812454,"rpsigma":"0","acre":1063.9019536541,"lacre":1063.9019536541,"oldacre":"1087.8881668087"},"endType":"normal"}