{"seed":[23178,41489,14511,12415],"turns":20,"p1":"Shining Yin","p2":"GL♅Shinigami - ⓓⓔⓓ","p1team":[{"name":"Chansey","species":"Chansey","item":"eviolite","ability":"Natural Cure","moves":["thunderwave","softboiled","seismictoss","stealthrock"],"nature":"Bold","evs":{"hp":0,"atk":0,"def":252,"spa":0,"spd":252,"spe":4},"ivs":{"hp":31,"atk":0,"def":31,"spa":31,"spd":31,"spe":31}},{"name":"Porygon2","species":"Porygon2","item":"eviolite","ability":"Download","moves":["icebeam","hiddenpowerfire","recover","toxic"],"nature":"Calm","evs":{"hp":248,"atk":0,"def":204,"spa":0,"spd":56,"spe":0},"ivs":{"hp":31,"atk":30,"def":31,"spa":30,"spd":31,"spe":30}},{"name":"Pidgeot","species":"Pidgeot","item":"pidgeotite","ability":"Keen Eye","moves":["hurricane","heatwave","defog","roost"],"nature":"Timid","evs":{"hp":0,"atk":0,"def":0,"spa":252,"spd":4,"spe":252},"ivs":{"hp":31,"atk":0,"def":31,"spa":31,"spd":31,"spe":31}},{"name":"Staraptor","species":"Staraptor","item":"choicescarf","ability":"Reckless","moves":["bravebird","uturn","doubleedge","closecombat"],"nature":"Jolly","evs":{"hp":0,"atk":252,"def":0,"spa":0,"spd":4,"spe":252},"ivs":{"hp":31,"atk":31,"def":31,"spa":31,"spd":31,"spe":31}},{"name":"Diggersby","species":"Diggersby","item":"choiceband","ability":"Huge Power","moves":["return","earthquake","knockoff","quickattack"],"nature":"Jolly","evs":{"hp":0,"atk":252,"def":0,"spa":0,"spd":4,"spe":252},"ivs":{"hp":31,"atk":31,"def":31,"spa":31,"spd":31,"spe":31}},{"name":"Heliolisk","species":"Heliolisk","item":"lifeorb","ability":"Dry Skin","moves":["grassknot","thunderbolt","surf","voltswitch"],"nature":"Timid","evs":{"hp":0,"atk":0,"def":0,"spa":252,"spd":4,"spe":252},"ivs":{"hp":31,"atk":0,"def":31,"spa":31,"spd":31,"spe":31}}],"p2team":[{"name":"Evil Stitch","species":"gengar","item":"focussash","ability":"Levitate","moves":["destinybond","shadowball","dazzlinggleam","focusblast"],"nature":"Timid","evs":{"hp":0,"atk":0,"def":0,"spa":252,"spd":4,"spe":252},"ivs":{"hp":31,"atk":31,"def":31,"spa":31,"spd":31,"spe":31}},{"name":"Avant-Garde","species":"aegislash","item":"weaknesspolicy","ability":"Stance Change","moves":["kingsshield","swordsdance","shadowsneak","sacredsword"],"nature":"Adamant","evs":{"hp":248,"atk":252,"def":0,"spa":0,"spd":8,"spe":0},"shiny":true,"ivs":{"hp":31,"atk":31,"def":31,"spa":31,"spd":31,"spe":31}},{"name":"Climbin In Yo Wind","species":"drifblim","item":"sitrusberry","ability":"Unburden","moves":["substitute","shadowball","stockpile","batonpass"],"nature":"Timid","evs":{"hp":0,"atk":8,"def":0,"spa":252,"spd":218,"spe":30},"ivs":{"hp":31,"atk":31,"def":31,"spa":31,"spd":31,"spe":31}},{"name":"Sentinel","species":"sableye","item":"sablenite","ability":"Prankster","moves":["calmmind","willowisp","recover","darkpulse"],"nature":"Calm","evs":{"hp":248,"atk":0,"def":200,"spa":8,"spd":52,"spe":0},"ivs":{"hp":31,"atk":31,"def":31,"spa":31,"spd":31,"spe":31}},{"name":"Chappo The Great","species":"golurk","item":"focussash","ability":"No Guard","moves":["dynamicpunch","stealthrock","stoneedge","earthquake"],"nature":"Adamant","evs":{"hp":248,"atk":252,"def":0,"spa":0,"spd":8,"spe":0},"shiny":true,"ivs":{"hp":31,"atk":31,"def":31,"spa":31,"spd":31,"spe":31}},{"name":"Chandelure Bing","species":"chandelure","item":"choicescarf","ability":"Infiltrator","moves":["energyball","flamethrower","shadowball","clearsmog"],"nature":"Timid","evs":{"hp":0,"atk":0,"def":0,"spa":252,"spd":4,"spe":252},"ivs":{"hp":31,"atk":31,"def":31,"spa":31,"spd":31,"spe":31}}],"log":["|player|p1|Shining Yin|258","|player|p2|GL♅Shinigami - ⓓⓔⓓ|glshinigami.png","|gametype|singles","|gen|6","|tier|Monotype","|rated","|rule|Baton Pass Clause: Limit one Baton Passer, can't pass Spe and other stats simultaneously","|rule|Swagger Clause: Swagger is banned","|rule|Same Type Clause: Pokémon in a team must share a type","|clearpoke","|poke|p1|Chansey, F","|poke|p1|Porygon2","|poke|p1|Pidgeot, F","|poke|p1|Staraptor, F","|poke|p1|Diggersby, F","|poke|p1|Heliolisk, M","|poke|p2|Gengar, F","|poke|p2|Aegislash, F, shiny","|poke|p2|Drifblim, M","|poke|p2|Sableye, M","|poke|p2|Golurk, shiny","|poke|p2|Chandelure, M","|rule|Sleep Clause Mod: Limit one foe put to sleep","|rule|Species Clause: Limit one of each Pokémon","|rule|OHKO Clause: OHKO moves are banned","|rule|Moody Clause: Moody is banned","|rule|Evasion Moves Clause: Evasion moves are banned","|rule|Endless Battle Clause: Forcing endless battles is banned","|rule|HP Percentage Mod: HP is shown in percentages","|teampreview","|","|start","|switch|p1a: Pidgeot|Pidgeot, F|307/307","|switch|p2a: Chappo The Great|Golurk, shiny|381/381","|turn|1","|","|detailschange|p1a: Pidgeot|Pidgeot-Mega, F","|-mega|p1a: Pidgeot|Pidgeot|Pidgeotite","|move|p1a: Pidgeot|Hurricane|p2a: Chappo The Great","|-damage|p2a: Chappo The Great|141/381","|move|p2a: Chappo The Great|Stealth Rock|p1a: Pidgeot","|-sidestart|p1: Shining Yin|move: Stealth Rock","|","|turn|2","|","|move|p1a: Pidgeot|Hurricane|p2a: Chappo The Great","|-damage|p2a: Chappo The Great|0 fnt","|faint|p2a: Chappo The Great","|","|","|switch|p2a: Climbin In Yo Wind|Drifblim, M|441/441","|turn|3","|","|move|p1a: Pidgeot|Defog|p2a: Climbin In Yo Wind","|-unboost|p2a: Climbin In Yo Wind|evasion|1","|-sideend|p1: Shining Yin|Stealth Rock|[from] move: Defog|[of] p1a: Pidgeot","|move|p2a: Climbin In Yo Wind|Stockpile|p2a: Climbin In Yo Wind","|-start|p2a: Climbin In Yo Wind|stockpile1","|-boost|p2a: Climbin In Yo Wind|def|1","|-boost|p2a: Climbin In Yo Wind|spd|1","|","|turn|4","|","|switch|p1a: Heliolisk|Heliolisk, M|265/265","|move|p2a: Climbin In Yo Wind|Stockpile|p2a: Climbin In Yo Wind","|-start|p2a: Climbin In Yo Wind|stockpile2","|-boost|p2a: Climbin In Yo Wind|def|1","|-boost|p2a: Climbin In Yo Wind|spd|1","|","|turn|5","|","|move|p1a: Heliolisk|Thunderbolt|p2a: Climbin In Yo Wind","|-supereffective|p2a: Climbin In Yo Wind","|-damage|p2a: Climbin In Yo Wind|223/441","|-damage|p1a: Heliolisk|239/265|[from] item: Life Orb","|move|p2a: Climbin In Yo Wind|Substitute|p2a: Climbin In Yo Wind","|-start|p2a: Climbin In Yo Wind|Substitute","|-damage|p2a: Climbin In Yo Wind|113/441","|-enditem|p2a: Climbin In Yo Wind|Sitrus Berry|[eat]","|-heal|p2a: Climbin In Yo Wind|223/441|[from] item: Sitrus Berry","|","|turn|6","|","|move|p2a: Climbin In Yo Wind|Stockpile|p2a: Climbin In Yo Wind","|-start|p2a: Climbin In Yo Wind|stockpile3","|-boost|p2a: Climbin In Yo Wind|def|1","|-boost|p2a: Climbin In Yo Wind|spd|1","|move|p1a: Heliolisk|Thunderbolt|p2a: Climbin In Yo Wind","|-supereffective|p2a: Climbin In Yo Wind","|-end|p2a: Climbin In Yo Wind|Substitute","|-damage|p1a: Heliolisk|213/265|[from] item: Life Orb","|","|turn|7","|","|move|p2a: Climbin In Yo Wind|Baton Pass|p2a: Climbin In Yo Wind","|","|switch|p2a: Sentinel|Sableye, M|303/303","|move|p1a: Heliolisk|Thunderbolt|p2a: Sentinel","|-damage|p2a: Sentinel|209/303","|-damage|p1a: Heliolisk|187/265|[from] item: Life Orb","|","|turn|8","|","|move|p2a: Sentinel|Calm Mind|p2a: Sentinel","|-boost|p2a: Sentinel|spa|1","|-boost|p2a: Sentinel|spd|1","|move|p1a: Heliolisk|Thunderbolt|p2a: Sentinel","|-crit|p2a: Sentinel","|-damage|p2a: Sentinel|0 fnt","|-damage|p1a: Heliolisk|161/265|[from] item: Life Orb","|faint|p2a: Sentinel","|","|","|switch|p2a: Avant-Garde|Aegislash, F, shiny|323/323","|turn|9","|","|move|p1a: Heliolisk|Volt Switch|p2a: Avant-Garde","|-damage|p2a: Avant-Garde|226/323","|-damage|p1a: Heliolisk|135/265|[from] item: Life Orb","|","|switch|p1a: Pidgeot|Pidgeot-Mega, F|307/307","|move|p2a: Avant-Garde|Swords Dance|p2a: Avant-Garde","|-boost|p2a: Avant-Garde|atk|2","|","|turn|10","|","|move|p1a: Pidgeot|Heat Wave|p2a: Avant-Garde","|-supereffective|p2a: Avant-Garde","|-damage|p2a: Avant-Garde|52/323","|-enditem|p2a: Avant-Garde|Weakness Policy","|-boost|p2a: Avant-Garde|atk|2|[from] item: Weakness Policy","|-boost|p2a: Avant-Garde|spa|2|[from] item: Weakness Policy","|-formechange|p2a: Avant-Garde|Aegislash-Blade","|move|p2a: Avant-Garde|Sacred Sword|p1a: Pidgeot","|-damage|p1a: Pidgeot|0 fnt","|faint|p1a: Pidgeot","|","|","|switch|p1a: Heliolisk|Heliolisk, M|135/265","|turn|11","|","|move|p1a: Heliolisk|Volt Switch|p2a: Avant-Garde","|-damage|p2a: Avant-Garde|0 fnt","|-damage|p1a: Heliolisk|109/265|[from] item: Life Orb","|faint|p2a: Avant-Garde","|","|switch|p1a: Staraptor|Staraptor, F|311/311","|","|","|switch|p2a: Evil Stitch|Gengar, F|261/261","|turn|12","|","|move|p1a: Staraptor|U-turn|p2a: Evil Stitch","|-resisted|p2a: Evil Stitch","|-damage|p2a: Evil Stitch|230/261","|","|switch|p1a: Diggersby|Diggersby, F|311/311","|move|p2a: Evil Stitch|Dazzling Gleam|p1a: Diggersby","|-damage|p1a: Diggersby|183/311","|","|turn|13","|","|move|p2a: Evil Stitch|Focus Blast|p1a: Diggersby|[miss]","|-miss|p2a: Evil Stitch|p1a: Diggersby","|move|p1a: Diggersby|Knock Off|p2a: Evil Stitch","|-crit|p2a: Evil Stitch","|-supereffective|p2a: Evil Stitch","|-damage|p2a: Evil Stitch|0 fnt","|-enditem|p2a: Evil Stitch|Focus Sash|[from] move: Knock Off|[of] p1a: Diggersby","|faint|p2a: Evil Stitch","|","|","|switch|p2a: Chandelure Bing|Chandelure, M|261/261","|turn|14","|","|switch|p1a: Chansey|Chansey, F|641/641","|move|p2a: Chandelure Bing|Energy Ball|p1a: Chansey","|-damage|p1a: Chansey|578/641","|","|turn|15","|","|switch|p2a: Climbin In Yo Wind|Drifblim, M|223/441","|move|p1a: Chansey|Thunder Wave|p2a: Climbin In Yo Wind","|-status|p2a: Climbin In Yo Wind|par","|","|turn|16","|","|switch|p1a: Heliolisk|Heliolisk, M|109/265","|cant|p2a: Climbin In Yo Wind|par","|","|turn|17","|","|move|p1a: Heliolisk|Thunderbolt|p2a: Climbin In Yo Wind","|-supereffective|p2a: Climbin In Yo Wind","|-damage|p2a: Climbin In Yo Wind|0 fnt","|-damage|p1a: Heliolisk|83/265|[from] item: Life Orb","|faint|p2a: Climbin In Yo Wind","|","|","|switch|p2a: Chandelure Bing|Chandelure, M|261/261","|turn|18","|","|move|p2a: Chandelure Bing|Flamethrower|p1a: Heliolisk","|-damage|p1a: Heliolisk|0 fnt","|faint|p1a: Heliolisk","|","|","|switch|p1a: Staraptor|Staraptor, F|311/311","|turn|19","|","|move|p1a: Staraptor|Brave Bird|p2a: Chandelure Bing","|-damage|p2a: Chandelure Bing|15/261","|-damage|p1a: Staraptor|230/311|[from] recoil|[of] p2a: Chandelure Bing","|move|p2a: Chandelure Bing|Flamethrower|p1a: Staraptor","|-damage|p1a: Staraptor|0 fnt","|faint|p1a: Staraptor","|","|","|switch|p1a: Porygon2|Porygon2|373/373","|-boost|p1a: Porygon2|atk|1|[from] ability: Download","|turn|20","|","|move|p2a: Chandelure Bing|Flamethrower|p1a: Porygon2","|-damage|p1a: Porygon2|271/373","|move|p1a: Porygon2|Ice Beam|p2a: Chandelure Bing","|-resisted|p2a: Chandelure Bing","|-damage|p2a: Chandelure Bing|0 fnt","|faint|p2a: Chandelure Bing","|","|win|Shining Yin"],"p1rating":{"entryid":"71235","serverid":"eos","formatid":"monotype","userid":"shiningyin","username":"Shining Yin","w":59,"l":"30","t":"0","gxe":64.3,"r":"1601.3722672314","rd":"41.08457556178","sigma":"0","rptime":"1440493200","rpr":1611.0691699868,"rprd":39.913970420739,"rpsigma":"0","acre":1191.6558612224,"lacre":1191.6558612224,"oldacre":"1178.4763649109"},"p2rating":{"entryid":470149,"formatid":"monotype","userid":"glshinigami","username":"GL♅Shinigami - ⓓⓔⓓ","r":1500,"rd":130,"sigma":0,"rpr":1469.2431261176,"rprd":122.46978951419,"rpsigma":0,"rptime":1440493200,"w":0,"l":1,"t":0,"gxe":46.2,"acre":1000,"lacre":1000,"oldacre":1000},"endType":"normal"}