{"seed":[50226,19503,7555,39137],"turns":32,"p1":"Marx-Bot","p2":"Shining Yin","p1team":[{"name":"Chatot","species":"Chatot","item":"choicescarf","ability":"Big Pecks","moves":["boomburst","chatter","uturn","heatwave"],"nature":"Timid","evs":{"hp":0,"atk":0,"def":0,"spa":252,"spd":4,"spe":252},"ivs":{"hp":31,"atk":31,"def":31,"spa":31,"spd":31,"spe":31}},{"name":"Landorus","species":"Landorus","item":"choicescarf","ability":"Sheer Force","moves":["earthpower","psychic","focusblast","sludgewave"],"nature":"Timid","evs":{"hp":0,"atk":0,"def":0,"spa":252,"spd":4,"spe":252},"ivs":{"hp":31,"atk":31,"def":31,"spa":31,"spd":31,"spe":31}},{"name":"Defog","species":"skarmory","item":"rockyhelmet","ability":"Sturdy","moves":["bravebird","stealthrock","ironhead","defog"],"nature":"Adamant","evs":{"hp":232,"atk":252,"def":0,"spa":0,"spd":0,"spe":24},"ivs":{"hp":31,"atk":31,"def":31,"spa":31,"spd":31,"spe":31}},{"name":"Archeops","species":"Archeops","item":"choiceband","ability":"Defeatist","moves":["dragonclaw","earthquake","headsmash","uturn"],"nature":"Jolly","evs":{"hp":0,"atk":252,"def":0,"spa":0,"spd":4,"spe":252},"ivs":{"hp":31,"atk":31,"def":31,"spa":31,"spd":31,"spe":31}},{"name":"Thundurus-Therian","species":"Thundurus-Therian","item":"lifeorb","ability":"Volt Absorb","moves":["darkpulse","discharge","sludgewave","voltswitch"],"nature":"Timid","evs":{"hp":0,"atk":0,"def":0,"spa":252,"spd":4,"spe":252},"ivs":{"hp":31,"atk":31,"def":31,"spa":31,"spd":31,"spe":31}},{"name":"Murkrow","species":"Murkrow","item":"eviolite","ability":"Prankster","moves":["darkpulse","thunderwave","featherdance","roost"],"nature":"Calm","evs":{"hp":248,"atk":0,"def":0,"spa":8,"spd":252,"spe":0},"ivs":{"hp":31,"atk":31,"def":31,"spa":31,"spd":31,"spe":31}}],"p2team":[{"name":"Charizard","species":"Charizard","item":"charizarditey","ability":"Blaze","moves":["fireblast","solarbeam","dragonpulse","roost"],"nature":"Timid","evs":{"hp":0,"atk":0,"def":0,"spa":252,"spd":4,"spe":252},"ivs":{"hp":31,"atk":31,"def":31,"spa":31,"spd":31,"spe":31}},{"name":"Thundurus-Therian","species":"Thundurus-Therian","item":"choicescarf","ability":"Volt Absorb","moves":["uturn","thunderbolt","focusblast","hiddenpowerice"],"nature":"Timid","evs":{"hp":0,"atk":0,"def":0,"spa":252,"spd":4,"spe":252},"ivs":{"hp":31,"atk":30,"def":30,"spa":31,"spd":31,"spe":31}},{"name":"Landorus-Therian","species":"Landorus-Therian","item":"leftovers","ability":"Intimidate","moves":["stealthrock","earthquake","knockoff","uturn"],"nature":"Impish","evs":{"hp":248,"atk":0,"def":160,"spa":0,"spd":8,"spe":92},"ivs":{"hp":31,"atk":31,"def":31,"spa":31,"spd":31,"spe":31}},{"name":"Mandibuzz","species":"Mandibuzz","item":"rockyhelmet","ability":"Overcoat","moves":["foulplay","roost","taunt","defog"],"nature":"Calm","evs":{"hp":248,"atk":0,"def":132,"spa":0,"spd":108,"spe":16},"ivs":{"hp":31,"atk":0,"def":31,"spa":31,"spd":31,"spe":31}},{"name":"Togekiss","species":"Togekiss","item":"leftovers","ability":"Serene Grace","moves":["nastyplot","airslash","roost","fireblast"],"nature":"Timid","evs":{"hp":248,"atk":0,"def":76,"spa":0,"spd":4,"spe":180},"ivs":{"hp":31,"atk":0,"def":31,"spa":31,"spd":31,"spe":31}},{"name":"Hawlucha","species":"Hawlucha","item":"sitrusberry","ability":"Unburden","moves":["substitute","swordsdance","acrobatics","highjumpkick"],"nature":"Jolly","evs":{"hp":12,"atk":252,"def":0,"spa":0,"spd":0,"spe":244},"ivs":{"hp":31,"atk":31,"def":31,"spa":31,"spd":31,"spe":31}}],"log":["|player|p1|Marx-Bot|165","|player|p2|Shining Yin|258","|gametype|singles","|gen|6","|tier|Monotype","|rated","|rule|Baton Pass Clause: Limit one Baton Passer, can't pass Spe and other stats simultaneously","|rule|Swagger Clause: Swagger is banned","|rule|Same Type Clause: Pokémon in a team must share a type","|clearpoke","|poke|p1|Chatot, M","|poke|p1|Landorus, M","|poke|p1|Skarmory, M","|poke|p1|Archeops, F","|poke|p1|Thundurus-Therian, M","|poke|p1|Murkrow, M","|poke|p2|Charizard, F","|poke|p2|Thundurus-Therian, M","|poke|p2|Landorus-Therian, M","|poke|p2|Mandibuzz, F","|poke|p2|Togekiss, M","|poke|p2|Hawlucha, M","|rule|Sleep Clause Mod: Limit one foe put to sleep","|rule|Species Clause: Limit one of each Pokémon","|rule|OHKO Clause: OHKO moves are banned","|rule|Moody Clause: Moody is banned","|rule|Evasion Moves Clause: Evasion moves are banned","|rule|Endless Battle Clause: Forcing endless battles is banned","|rule|HP Percentage Mod: HP is shown in percentages","|teampreview","|","|start","|switch|p1a: Landorus|Landorus, M|319/319","|switch|p2a: Thundurus-Therian|Thundurus-Therian, M|299/299","|turn|1","|","|move|p1a: Landorus|Sludge Wave|p2a: Thundurus-Therian","|-damage|p2a: Thundurus-Therian|130/299","|move|p2a: Thundurus-Therian|Hidden Power|p1a: Landorus","|-supereffective|p1a: Landorus","|-damage|p1a: Landorus|0 fnt","|faint|p1a: Landorus","|","|","|switch|p1a: Archeops|Archeops, F|291/291","|turn|2","|","|switch|p2a: Landorus-Therian|Landorus-Therian, M|381/381","|-ability|p2a: Landorus-Therian|Intimidate","|-unboost|p1a: Archeops|atk|1","|move|p1a: Archeops|Head Smash|p2a: Landorus-Therian","|-damage|p2a: Landorus-Therian|159/381","|-damage|p1a: Archeops|180/291|[from] recoil|[of] p2a: Landorus-Therian","|","|-heal|p2a: Landorus-Therian|182/381|[from] item: Leftovers","|turn|3","|","|switch|p2a: Hawlucha|Hawlucha, M|300/300","|move|p1a: Archeops|Head Smash|p2a: Hawlucha","|-crit|p2a: Hawlucha","|-damage|p2a: Hawlucha|0 fnt","|-damage|p1a: Archeops|30/291|[from] recoil|[of] p2a: Hawlucha","|faint|p2a: Hawlucha","|","|","|switch|p2a: Mandibuzz|Mandibuzz, F|423/423","|turn|4","|","|move|p1a: Archeops|Head Smash|p2a: Mandibuzz","|-supereffective|p2a: Mandibuzz","|-damage|p2a: Mandibuzz|183/423","|-damage|p1a: Archeops|0 fnt|[from] item: Rocky Helmet|[of] p2a: Mandibuzz","|faint|p1a: Archeops","|move|p2a: Mandibuzz|Roost|p2a: Mandibuzz","|-heal|p2a: Mandibuzz|395/423","|","|","|switch|p1a: Chatot|Chatot, M|293/293","|turn|5","|","|move|p1a: Chatot|Boomburst|p2a: Mandibuzz","|-damage|p2a: Mandibuzz|239/423","|move|p2a: Mandibuzz|Foul Play|p1a: Chatot","|-crit|p1a: Chatot","|-damage|p1a: Chatot|97/293","|","|turn|6","|","|move|p1a: Chatot|Boomburst|p2a: Mandibuzz","|-damage|p2a: Mandibuzz|74/423","|move|p2a: Mandibuzz|Roost|p2a: Mandibuzz","|-heal|p2a: Mandibuzz|286/423","|","|turn|7","|","|move|p1a: Chatot|Boomburst|p2a: Mandibuzz","|-damage|p2a: Mandibuzz|117/423","|move|p2a: Mandibuzz|Roost|p2a: Mandibuzz","|-heal|p2a: Mandibuzz|329/423","|","|turn|8","|","|move|p1a: Chatot|Boomburst|p2a: Mandibuzz","|-damage|p2a: Mandibuzz|158/423","|move|p2a: Mandibuzz|Roost|p2a: Mandibuzz","|-heal|p2a: Mandibuzz|370/423","|","|turn|9","|","|switch|p1a: Murkrow|Murkrow, M|323/323","|move|p2a: Mandibuzz|Roost|p2a: Mandibuzz","|-heal|p2a: Mandibuzz|423/423","|","|turn|10","|","|move|p1a: Murkrow|Thunder Wave|p2a: Mandibuzz","|-status|p2a: Mandibuzz|par","|move|p2a: Mandibuzz|Taunt|p1a: Murkrow","|-start|p1a: Murkrow|move: Taunt","|","|turn|11","|","|switch|p1a: Defog|Skarmory, M|329/329","|move|p2a: Mandibuzz|Foul Play|p1a: Defog","|-damage|p1a: Defog|223/329","|-damage|p2a: Mandibuzz|353/423 par|[from] item: Rocky Helmet|[of] p1a: Defog","|","|turn|12","|","|move|p1a: Defog|Stealth Rock|p2a: Mandibuzz","|-sidestart|p2: Shining Yin|move: Stealth Rock","|move|p2a: Mandibuzz|Taunt|p1a: Defog","|-start|p1a: Defog|move: Taunt","|","|turn|13","|","|switch|p1a: Chatot|Chatot, M|97/293","|move|p2a: Mandibuzz|Defog|p1a: Chatot","|-unboost|p1a: Chatot|evasion|1","|-sideend|p2: Shining Yin|Stealth Rock|[from] move: Defog|[of] p2a: Mandibuzz","|","|turn|14","|","|move|p1a: Chatot|Chatter|p2a: Mandibuzz","|-damage|p2a: Mandibuzz|280/423 par","|-start|p2a: Mandibuzz|confusion","|-activate|p2a: Mandibuzz|confusion","|cant|p2a: Mandibuzz|par","|","|turn|15","|","|switch|p1a: Defog|Skarmory, M|223/329","|-end|p2a: Mandibuzz|confusion","|cant|p2a: Mandibuzz|par","|","|turn|16","|","|move|p1a: Defog|Stealth Rock|p2a: Mandibuzz","|-sidestart|p2: Shining Yin|move: Stealth Rock","|move|p2a: Mandibuzz|Taunt|p1a: Defog","|-start|p1a: Defog|move: Taunt","|","|turn|17","|","|switch|p1a: Murkrow|Murkrow, M|323/323","|move|p2a: Mandibuzz|Defog|p1a: Murkrow","|-unboost|p1a: Murkrow|evasion|1","|-sideend|p2: Shining Yin|Stealth Rock|[from] move: Defog|[of] p2a: Mandibuzz","|","|turn|18","|","|move|p1a: Murkrow|Feather Dance|p2a: Mandibuzz","|-unboost|p2a: Mandibuzz|atk|2","|move|p2a: Mandibuzz|Foul Play|p1a: Murkrow","|-resisted|p1a: Murkrow","|-damage|p1a: Murkrow|267/323","|","|turn|19","|","|move|p1a: Murkrow|Feather Dance|p2a: Mandibuzz","|-unboost|p2a: Mandibuzz|atk|2","|move|p2a: Mandibuzz|Foul Play|p1a: Murkrow","|-resisted|p1a: Murkrow","|-damage|p1a: Murkrow|213/323","|","|turn|20","|","|move|p1a: Murkrow|Roost|p1a: Murkrow","|-heal|p1a: Murkrow|323/323","|move|p2a: Mandibuzz|Roost|p2a: Mandibuzz","|-heal|p2a: Mandibuzz|423/423 par","|","|turn|21","|","|switch|p1a: Thundurus-Therian|Thundurus-Therian, M|299/299","|move|p2a: Mandibuzz|Foul Play|p1a: Thundurus-Therian","|-damage|p1a: Thundurus-Therian|169/299","|","|turn|22","|","|move|p1a: Thundurus-Therian|Discharge|p2a: Mandibuzz","|-supereffective|p2a: Mandibuzz","|-damage|p2a: Mandibuzz|95/423 par","|-damage|p1a: Thundurus-Therian|140/299|[from] item: Life Orb","|move|p2a: Mandibuzz|Foul Play|p1a: Thundurus-Therian","|-damage|p1a: Thundurus-Therian|0 fnt","|faint|p1a: Thundurus-Therian","|","|","|switch|p1a: Chatot|Chatot, M|97/293","|turn|23","|","|move|p1a: Chatot|Boomburst|p2a: Mandibuzz","|-damage|p2a: Mandibuzz|0 fnt","|faint|p2a: Mandibuzz","|","|","|switch|p2a: Thundurus-Therian|Thundurus-Therian, M|130/299","|turn|24","|","|move|p2a: Thundurus-Therian|Thunderbolt|p1a: Chatot","|-supereffective|p1a: Chatot","|-damage|p1a: Chatot|0 fnt","|faint|p1a: Chatot","|","|","|switch|p1a: Murkrow|Murkrow, M|323/323","|turn|25","|","|move|p1a: Murkrow|Roost|p1a: Murkrow","|-fail|p1a: Murkrow","|move|p2a: Thundurus-Therian|Thunderbolt|p1a: Murkrow","|-supereffective|p1a: Murkrow","|-damage|p1a: Murkrow|35/323","|","|turn|26","|","|move|p1a: Murkrow|Roost|p1a: Murkrow","|-heal|p1a: Murkrow|197/323","|move|p2a: Thundurus-Therian|Thunderbolt|p1a: Murkrow","|-damage|p1a: Murkrow|58/323","|","|turn|27","|","|switch|p2a: Charizard|Charizard, F|297/297","|move|p1a: Murkrow|Roost|p1a: Murkrow","|-heal|p1a: Murkrow|220/323","|","|turn|28","|","|detailschange|p2a: Charizard|Charizard-Mega-Y, F","|-mega|p2a: Charizard|Charizard|Charizardite Y","|-weather|SunnyDay","|move|p1a: Murkrow|Thunder Wave|p2a: Charizard","|-status|p2a: Charizard|par","|move|p2a: Charizard|Fire Blast|p1a: Murkrow","|-crit|p1a: Murkrow","|-damage|p1a: Murkrow|0 fnt","|faint|p1a: Murkrow","|","|-weather|SunnyDay|[upkeep]","|","|switch|p1a: Defog|Skarmory, M|223/329","|turn|29","|","|move|p1a: Defog|Brave Bird|p2a: Charizard","|-damage|p2a: Charizard|101/297 par","|-damage|p1a: Defog|158/329|[from] recoil|[of] p2a: Charizard","|move|p2a: Charizard|Fire Blast|p1a: Defog|[miss]","|-miss|p2a: Charizard|p1a: Defog","|","|-weather|SunnyDay|[upkeep]","|turn|30","|","|switch|p2a: Landorus-Therian|Landorus-Therian, M|182/381","|-ability|p2a: Landorus-Therian|Intimidate","|-unboost|p1a: Defog|atk|1","|move|p1a: Defog|Brave Bird|p2a: Landorus-Therian","|-damage|p2a: Landorus-Therian|91/381","|-damage|p1a: Defog|128/329|[from] recoil|[of] p2a: Landorus-Therian","|","|-weather|SunnyDay|[upkeep]","|-heal|p2a: Landorus-Therian|114/381|[from] item: Leftovers","|turn|31","|","|move|p2a: Landorus-Therian|U-turn|p1a: Defog","|-resisted|p1a: Defog","|-damage|p1a: Defog|114/329","|-damage|p2a: Landorus-Therian|51/381|[from] item: Rocky Helmet|[of] p1a: Defog","|","|switch|p2a: Togekiss|Togekiss, M|373/373","|move|p1a: Defog|Brave Bird|p2a: Togekiss","|-damage|p2a: Togekiss|261/373","|-damage|p1a: Defog|77/329|[from] recoil|[of] p2a: Togekiss","|","|-weather|SunnyDay|[upkeep]","|-heal|p2a: Togekiss|284/373|[from] item: Leftovers","|turn|32","|","|move|p2a: Togekiss|Fire Blast|p1a: Defog","|-supereffective|p1a: Defog","|-damage|p1a: Defog|0 fnt","|faint|p1a: Defog","|","|win|Shining Yin"],"p1rating":{"entryid":"79213","serverid":"eos","formatid":"monotype","userid":"marxbot","username":"Marx-Bot","w":"6","l":7,"t":"0","gxe":47.9,"r":"1476.3086752794","rd":"95.840461940003","sigma":"0","rptime":"1440579600","rpr":1483.5067175039,"rprd":80.922982756636,"rpsigma":"0","acre":1086.0171259451,"lacre":1086.0171259451,"oldacre":"1097.392059308"},"p2rating":{"entryid":"71235","serverid":"eos","formatid":"monotype","userid":"shiningyin","username":"Shining Yin","w":69,"l":"31","t":"0","gxe":67.1,"r":"1611.0691699868","rd":"39.913970420739","sigma":"0","rptime":"1440579600","rpr":1634.9564290404,"rprd":37.733999357907,"rpsigma":"0","acre":1315.4498922718,"lacre":1315.4498922718,"oldacre":"1306.2052893242"},"endType":"normal"}