{"seed":[47003,53256,15929,40090],"turns":27,"p1":"Union WillWolf","p2":"Union Entropy","p1team":[{"name":"Weavile","species":"Weavile","item":"lifeorb","ability":"Pressure","moves":["knockoff","iceshard","iciclecrash","poisonjab"],"nature":"Jolly","evs":{"hp":0,"atk":252,"def":4,"spa":0,"spd":0,"spe":252},"ivs":{"hp":31,"atk":31,"def":31,"spa":31,"spd":31,"spe":31}},{"name":"Bisharp","species":"Bisharp","item":"lifeorb","ability":"Defiant","moves":["suckerpunch","ironhead","knockoff","swordsdance"],"nature":"Adamant","evs":{"hp":252,"atk":252,"def":4,"spa":0,"spd":0,"spe":0},"ivs":{"hp":31,"atk":31,"def":31,"spa":31,"spd":31,"spe":31}},{"name":"Honchkrow","species":"Honchkrow","item":"choicescarf","ability":"Moxie","moves":["bravebird","superpower","nightslash","thunderwave"],"nature":"Jolly","evs":{"hp":0,"atk":252,"def":0,"spa":0,"spd":4,"spe":252},"ivs":{"hp":31,"atk":31,"def":31,"spa":31,"spd":31,"spe":31}},{"name":"Hydreigon","species":"Hydreigon","item":"lifeorb","ability":"Levitate","moves":["darkpulse","irontail","flamethrower","dracometeor"],"nature":"Hasty","evs":{"hp":0,"atk":4,"def":0,"spa":252,"spd":0,"spe":252},"ivs":{"hp":31,"atk":31,"def":31,"spa":31,"spd":31,"spe":31}},{"name":"Absol","species":"Absol","item":"absolite","ability":"Super Luck","moves":["swordsdance","suckerpunch","zenheadbutt","knockoff"],"nature":"Jolly","evs":{"hp":0,"atk":252,"def":0,"spa":0,"spd":4,"spe":252},"ivs":{"hp":31,"atk":31,"def":31,"spa":31,"spd":31,"spe":31}},{"name":"Drapion","species":"Drapion","item":"blacksludge","ability":"Sniper","moves":["poisonjab","earthquake","knockoff","firefang"],"nature":"Impish","evs":{"hp":252,"atk":4,"def":252,"spa":0,"spd":0,"spe":0},"ivs":{"hp":31,"atk":31,"def":31,"spa":31,"spd":31,"spe":31}}],"p2team":[{"name":"Cofagrigus","species":"Cofagrigus","item":"leftovers","ability":"Mummy","moves":["shadowball","trickroom","destinybond","willowisp"],"nature":"Sassy","evs":{"hp":252,"atk":0,"def":0,"spa":4,"spd":252,"spe":0},"ivs":{"hp":31,"atk":31,"def":31,"spa":31,"spd":31,"spe":0}},{"name":"Aegislash","species":"Aegislash","item":"weaknesspolicy","ability":"Stance Change","moves":["shadowball","sacredsword","kingsshield","shadowsneak"],"nature":"Gentle","evs":{"hp":248,"atk":8,"def":0,"spa":0,"spd":252,"spe":0},"ivs":{"hp":31,"atk":31,"def":31,"spa":31,"spd":31,"spe":31}},{"name":"Trevenant","species":"Trevenant","item":"sitrusberry","ability":"Harvest","moves":["hornleech","substitute","willowisp","leechseed"],"nature":"Careful","evs":{"hp":252,"atk":4,"def":0,"spa":0,"spd":252,"spe":0},"ivs":{"hp":31,"atk":31,"def":31,"spa":31,"spd":31,"spe":31}},{"name":"Jellicent","species":"Jellicent","item":"leftovers","ability":"Cursed Body","moves":["trickroom","scald","recover","toxic"],"nature":"Relaxed","evs":{"hp":252,"atk":0,"def":252,"spa":0,"spd":4,"spe":0},"ivs":{"hp":31,"atk":31,"def":31,"spa":31,"spd":31,"spe":0}},{"name":"Sableye","species":"Sableye","item":"sablenite","ability":"Prankster","moves":["calmmind","darkpulse","willowisp","recover"],"nature":"Calm","evs":{"hp":248,"atk":0,"def":0,"spa":8,"spd":252,"spe":0},"ivs":{"hp":31,"atk":31,"def":31,"spa":31,"spd":31,"spe":31}},{"name":"Hoopa","species":"Hoopa","item":"choicespecs","ability":"Magician","moves":["hyperspacehole","shadowball","focusblast","psyshock"],"nature":"Quiet","evs":{"hp":248,"atk":0,"def":0,"spa":252,"spd":8,"spe":0},"ivs":{"hp":31,"atk":31,"def":31,"spa":31,"spd":31,"spe":0}}],"log":["|player|p1|Union WillWolf|54","|player|p2|Union Entropy|144","|gametype|singles","|gen|6","|tier|Monotype","|rated","|rule|Baton Pass Clause: Limit one Baton Passer, can't pass Spe and other stats simultaneously","|rule|Swagger Clause: Swagger is banned","|rule|Same Type Clause: Pokémon in a team must share a type","|clearpoke","|poke|p1|Weavile, M","|poke|p1|Bisharp, M","|poke|p1|Honchkrow, M","|poke|p1|Hydreigon, M","|poke|p1|Absol, M","|poke|p1|Drapion, F","|poke|p2|Cofagrigus, M","|poke|p2|Aegislash, F","|poke|p2|Trevenant, F","|poke|p2|Jellicent, M","|poke|p2|Sableye, F","|poke|p2|Hoopa","|rule|Sleep Clause Mod: Limit one foe put to sleep","|rule|Species Clause: Limit one of each Pokémon","|rule|OHKO Clause: OHKO moves are banned","|rule|Moody Clause: Moody is banned","|rule|Evasion Moves Clause: Evasion moves are banned","|rule|Endless Battle Clause: Forcing endless battles is banned","|rule|HP Percentage Mod: HP is shown in percentages","|teampreview","|","|start","|switch|p1a: Absol|Absol, M|271/271","|switch|p2a: Cofagrigus|Cofagrigus, M|320/320","|turn|1","|","|detailschange|p1a: Absol|Absol-Mega, M","|-mega|p1a: Absol|Absol|Absolite","|move|p1a: Absol|Knock Off|p2a: Cofagrigus","|-supereffective|p2a: Cofagrigus","|-damage|p2a: Cofagrigus|36/320","|-activate|p2a: Cofagrigus|ability: Mummy|magicbounce|[of] p1a: Absol","|-enditem|p2a: Cofagrigus|Leftovers|[from] move: Knock Off|[of] p1a: Absol","|move|p2a: Cofagrigus|Trick Room|p2a: Cofagrigus","|-fieldstart|move: Trick Room|[of] p2a: Cofagrigus","|","|turn|2","|","|move|p2a: Cofagrigus|Destiny Bond|p2a: Cofagrigus","|-singlemove|p2a: Cofagrigus|Destiny Bond","|move|p1a: Absol|Knock Off|p2a: Cofagrigus","|-supereffective|p2a: Cofagrigus","|-damage|p2a: Cofagrigus|0 fnt","|faint|p2a: Cofagrigus","|-activate|p2a: Cofagrigus|Destiny Bond","|faint|p1a: Absol","|","|","|switch|p1a: Drapion|Drapion, F|344/344","|switch|p2a: Hoopa|Hoopa|363/363","|turn|3","|","|move|p2a: Hoopa|Focus Blast|p1a: Drapion","|-damage|p1a: Drapion|33/344","|move|p1a: Drapion|Knock Off|p2a: Hoopa","|-supereffective|p2a: Hoopa","|-damage|p2a: Hoopa|0 fnt","|-enditem|p2a: Hoopa|Choice Specs|[from] move: Knock Off|[of] p1a: Drapion","|faint|p2a: Hoopa","|","|-heal|p1a: Drapion|54/344|[from] item: Black Sludge","|","|switch|p2a: Sableye|Sableye, F|303/303","|turn|4","|","|detailschange|p2a: Sableye|Sableye-Mega, F","|-mega|p2a: Sableye|Sableye|Sablenite","|move|p2a: Sableye|Calm Mind|p2a: Sableye","|-boost|p2a: Sableye|spa|1","|-boost|p2a: Sableye|spd|1","|move|p1a: Drapion|Knock Off|p2a: Sableye","|-damage|p2a: Sableye|246/303","|","|-heal|p1a: Drapion|75/344|[from] item: Black Sludge","|turn|5","|","|move|p2a: Sableye|Recover|p2a: Sableye","|-heal|p2a: Sableye|303/303","|move|p1a: Drapion|Poison Jab|p2a: Sableye","|-resisted|p2a: Sableye","|-damage|p2a: Sableye|267/303","|","|-heal|p1a: Drapion|96/344|[from] item: Black Sludge","|-fieldend|move: Trick Room","|turn|6","|","|move|p1a: Drapion|Fire Fang|p2a: Sableye","|-damage|p2a: Sableye|229/303","|cant|p2a: Sableye|flinch","|","|-heal|p1a: Drapion|117/344|[from] item: Black Sludge","|turn|7","|","|move|p1a: Drapion|Fire Fang|p2a: Sableye","|-damage|p2a: Sableye|191/303","|move|p2a: Sableye|Recover|p2a: Sableye","|-heal|p2a: Sableye|303/303","|","|-heal|p1a: Drapion|138/344|[from] item: Black Sludge","|turn|8","|","|move|p1a: Drapion|Fire Fang|p2a: Sableye","|-damage|p2a: Sableye|266/303","|move|p2a: Sableye|Dark Pulse|p1a: Drapion","|-resisted|p1a: Drapion","|-damage|p1a: Drapion|61/344","|","|-heal|p1a: Drapion|82/344|[from] item: Black Sludge","|turn|9","|","|move|p1a: Drapion|Fire Fang|p2a: Sableye","|-damage|p2a: Sableye|224/303","|move|p2a: Sableye|Dark Pulse|p1a: Drapion","|-resisted|p1a: Drapion","|-damage|p1a: Drapion|1/344","|","|-heal|p1a: Drapion|22/344|[from] item: Black Sludge","|turn|10","|","|move|p1a: Drapion|Fire Fang|p2a: Sableye","|-damage|p2a: Sableye|184/303","|move|p2a: Sableye|Recover|p2a: Sableye","|-heal|p2a: Sableye|303/303","|","|-heal|p1a: Drapion|43/344|[from] item: Black Sludge","|turn|11","|","|move|p1a: Drapion|Fire Fang|p2a: Sableye","|-damage|p2a: Sableye|264/303","|move|p2a: Sableye|Dark Pulse|p1a: Drapion","|-resisted|p1a: Drapion","|-damage|p1a: Drapion|0 fnt","|faint|p1a: Drapion","|","|","|switch|p1a: Weavile|Weavile, M|281/281","|-ability|p1a: Weavile|Pressure","|turn|12","|","|move|p1a: Weavile|Icicle Crash|p2a: Sableye","|-crit|p2a: Sableye","|-damage|p2a: Sableye|21/303","|-damage|p1a: Weavile|253/281|[from] item: Life Orb","|move|p2a: Sableye|Will-O-Wisp|p1a: Weavile|[miss]","|-miss|p2a: Sableye|p1a: Weavile","|","|turn|13","|","|move|p1a: Weavile|Ice Shard|p2a: Sableye","|-damage|p2a: Sableye|0 fnt","|-damage|p1a: Weavile|225/281|[from] item: Life Orb","|faint|p2a: Sableye","|","|","|switch|p2a: Aegislash|Aegislash, F|323/323","|turn|14","|","|move|p1a: Weavile|Knock Off|p2a: Aegislash","|-supereffective|p2a: Aegislash","|-damage|p2a: Aegislash|16/323","|-enditem|p2a: Aegislash|Weakness Policy","|-boost|p2a: Aegislash|atk|2|[from] item: Weakness Policy","|-boost|p2a: Aegislash|spa|2|[from] item: Weakness Policy","|-damage|p1a: Weavile|197/281|[from] item: Life Orb","|-formechange|p2a: Aegislash|Aegislash-Blade","|move|p2a: Aegislash|Sacred Sword|p1a: Weavile","|-supereffective|p1a: Weavile","|-damage|p1a: Weavile|0 fnt","|faint|p1a: Weavile","|","|","|switch|p1a: Honchkrow|Honchkrow, M|341/341","|turn|15","|","|move|p1a: Honchkrow|Night Slash|p2a: Aegislash","|-supereffective|p2a: Aegislash","|-damage|p2a: Aegislash|0 fnt","|faint|p2a: Aegislash","|-boost|p1a: Honchkrow|atk|1|[from] ability: Moxie","|","|","|switch|p2a: Jellicent|Jellicent, M|404/404","|turn|16","|","|move|p1a: Honchkrow|Night Slash|p2a: Jellicent","|-supereffective|p2a: Jellicent","|-damage|p2a: Jellicent|98/404","|move|p2a: Jellicent|Trick Room|p2a: Jellicent","|-fieldstart|move: Trick Room|[of] p2a: Jellicent","|","|-heal|p2a: Jellicent|123/404|[from] item: Leftovers","|turn|17","|","|move|p2a: Jellicent|Toxic|p1a: Honchkrow","|-status|p1a: Honchkrow|tox","|move|p1a: Honchkrow|Night Slash|p2a: Jellicent","|-supereffective|p2a: Jellicent","|-damage|p2a: Jellicent|0 fnt","|-start|p1a: Honchkrow|Disable|Night Slash","|faint|p2a: Jellicent","|-boost|p1a: Honchkrow|atk|1|[from] ability: Moxie","|","|-damage|p1a: Honchkrow|320/341 tox|[from] psn","|","|switch|p2a: Trevenant|Trevenant, F|374/374","|turn|18","|","|switch|p1a: Hydreigon|Hydreigon, M|325/325","|move|p2a: Trevenant|Substitute|p2a: Trevenant","|-start|p2a: Trevenant|Substitute","|-damage|p2a: Trevenant|281/374","|","|turn|19","|","|switch|p1a: Honchkrow|Honchkrow, M|320/341 tox","|move|p2a: Trevenant|Leech Seed|p1a: Honchkrow","|-start|p1a: Honchkrow|move: Leech Seed","|","|-damage|p1a: Honchkrow|278/341 tox|[from] Leech Seed|[of] p2a: Trevenant","|-heal|p2a: Trevenant|323/374|[silent]","|-damage|p1a: Honchkrow|257/341 tox|[from] psn","|turn|20","|","|switch|p1a: Hydreigon|Hydreigon, M|325/325","|move|p2a: Trevenant|Will-O-Wisp|p1a: Hydreigon","|-status|p1a: Hydreigon|brn","|","|-damage|p1a: Hydreigon|285/325 brn|[from] brn","|-fieldend|move: Trick Room","|turn|21","|","|move|p1a: Hydreigon|Dark Pulse|p2a: Trevenant","|-crit|p2a: Trevenant","|-supereffective|p2a: Trevenant","|-end|p2a: Trevenant|Substitute","|-damage|p1a: Hydreigon|253/325 brn|[from] item: Life Orb","|move|p2a: Trevenant|Substitute|p2a: Trevenant","|-start|p2a: Trevenant|Substitute","|-damage|p2a: Trevenant|230/374","|","|-damage|p1a: Hydreigon|213/325 brn|[from] brn","|turn|22","|","|move|p1a: Hydreigon|Dark Pulse|p2a: Trevenant","|-supereffective|p2a: Trevenant","|-end|p2a: Trevenant|Substitute","|-damage|p1a: Hydreigon|181/325 brn|[from] item: Life Orb","|move|p2a: Trevenant|Substitute|p2a: Trevenant","|-start|p2a: Trevenant|Substitute","|-damage|p2a: Trevenant|137/374","|-enditem|p2a: Trevenant|Sitrus Berry|[eat]","|-heal|p2a: Trevenant|230/374|[from] item: Sitrus Berry","|","|-damage|p1a: Hydreigon|141/325 brn|[from] brn","|turn|23","|","|move|p1a: Hydreigon|Dark Pulse|p2a: Trevenant","|-supereffective|p2a: Trevenant","|-end|p2a: Trevenant|Substitute","|-damage|p1a: Hydreigon|109/325 brn|[from] item: Life Orb","|move|p2a: Trevenant|Substitute|p2a: Trevenant","|-start|p2a: Trevenant|Substitute","|-damage|p2a: Trevenant|137/374","|","|-damage|p1a: Hydreigon|69/325 brn|[from] brn","|-item|p2a: Trevenant|Sitrus Berry|[from] ability: Harvest","|-enditem|p2a: Trevenant|Sitrus Berry|[eat]","|-heal|p2a: Trevenant|230/374|[from] item: Sitrus Berry","|turn|24","|","|move|p1a: Hydreigon|Dark Pulse|p2a: Trevenant","|-supereffective|p2a: Trevenant","|-end|p2a: Trevenant|Substitute","|-damage|p1a: Hydreigon|37/325 brn|[from] item: Life Orb","|move|p2a: Trevenant|Substitute|p2a: Trevenant","|-start|p2a: Trevenant|Substitute","|-damage|p2a: Trevenant|137/374","|","|-damage|p1a: Hydreigon|0 fnt|[from] brn","|faint|p1a: Hydreigon","|","|switch|p1a: Honchkrow|Honchkrow, M|257/341 tox","|turn|25","|","|move|p1a: Honchkrow|Night Slash|p2a: Trevenant","|-supereffective|p2a: Trevenant","|-end|p2a: Trevenant|Substitute","|move|p2a: Trevenant|Substitute|p2a: Trevenant","|-start|p2a: Trevenant|Substitute","|-damage|p2a: Trevenant|44/374","|","|-damage|p1a: Honchkrow|236/341 tox|[from] psn","|turn|26","|","|move|p1a: Honchkrow|Night Slash|p2a: Trevenant","|-supereffective|p2a: Trevenant","|-end|p2a: Trevenant|Substitute","|move|p2a: Trevenant|Will-O-Wisp|p1a: Honchkrow","|-fail|p1a: Honchkrow","|","|-damage|p1a: Honchkrow|194/341 tox|[from] psn","|turn|27","|","|move|p1a: Honchkrow|Night Slash|p2a: Trevenant","|-supereffective|p2a: Trevenant","|-damage|p2a: Trevenant|0 fnt","|faint|p2a: Trevenant","|-boost|p1a: Honchkrow|atk|1|[from] ability: Moxie","|","|win|Union WillWolf"],"p1rating":{"entryid":506614,"formatid":"monotype","userid":"unionwillwolf","username":"Union WillWolf","r":1500,"rd":130,"sigma":0,"rpr":1529.7151885877,"rprd":122.93764052627,"rpsigma":0,"rptime":1440579600,"w":1,"l":0,"t":0,"gxe":53.7,"acre":1042.7634113926,"lacre":1042.7634113926,"oldacre":1000},"p2rating":{"entryid":"154436","serverid":"eos","formatid":"monotype","userid":"unionentropy","username":"Union Entropy","w":"2","l":10,"t":"0","gxe":31.6,"r":"1392.6550137207","rd":"92.530116769873","sigma":"0","rptime":"1440579600","rpr":1350.6046367376,"rprd":85.512270712319,"rpsigma":"0","acre":1009.4948506379,"lacre":1009.4948506379,"oldacre":"1024.0409825947"},"endType":"normal"}