{"seed":[10627,5832,9563,27349],"turns":37,"p1":"Logic","p2":"Gym Ldr Mitsuka∆","p1team":[{"name":"Manaphy","species":"Manaphy","item":"leftovers","ability":"Hydration","moves":["calmmind","raindance","rest","scald"],"nature":"Bold","evs":{"hp":240,"atk":0,"def":148,"spa":0,"spd":0,"spe":120},"ivs":{"hp":31,"atk":0,"def":31,"spa":31,"spd":31,"spe":31}},{"name":"Manectric","species":"Manectric","item":"manectite","ability":"Static","moves":["thunderbolt","hiddenpowerice","flamethrower","voltswitch"],"nature":"Timid","evs":{"hp":0,"atk":0,"def":0,"spa":252,"spd":4,"spe":252},"ivs":{"hp":31,"atk":30,"def":30,"spa":31,"spd":31,"spe":31}},{"name":"Latios","species":"Latios","item":"lifeorb","ability":"Levitate","moves":["dracometeor","psyshock","recover","defog"],"nature":"Timid","evs":{"hp":0,"atk":0,"def":0,"spa":252,"spd":4,"spe":252},"ivs":{"hp":29,"atk":0,"def":31,"spa":31,"spd":31,"spe":31}},{"name":"Ferrothorn","species":"Ferrothorn","item":"leftovers","ability":"Iron Barbs","moves":["stealthrock","leechseed","powerwhip","gyroball"],"nature":"Relaxed","evs":{"hp":252,"atk":0,"def":148,"spa":0,"spd":108,"spe":0},"ivs":{"hp":31,"atk":31,"def":31,"spa":31,"spd":31,"spe":0}},{"name":"Landorus-Therian","species":"Landorus-Therian","item":"leftovers","ability":"Intimidate","moves":["rockpolish","swordsdance","stoneedge","earthquake"],"nature":"Adamant","evs":{"hp":168,"atk":84,"def":0,"spa":0,"spd":24,"spe":232},"ivs":{"hp":31,"atk":31,"def":31,"spa":31,"spd":31,"spe":31}},{"name":"Clefable","species":"Clefable","item":"leftovers","ability":"Magic Guard","moves":["thunderwave","calmmind","moonblast","softboiled"],"nature":"Sassy","evs":{"hp":252,"atk":0,"def":188,"spa":0,"spd":68,"spe":0},"gender":"F","ivs":{"hp":31,"atk":31,"def":31,"spa":31,"spd":31,"spe":16}}],"p2team":[{"name":"Venusaur","species":"Venusaur","item":"venusaurite","ability":"Chlorophyll","moves":["synthesis","gigadrain","sludgebomb","leechseed"],"nature":"Bold","evs":{"hp":252,"atk":0,"def":164,"spa":0,"spd":92,"spe":0},"ivs":{"hp":31,"atk":31,"def":31,"spa":31,"spd":31,"spe":31}},{"name":"Cradily","species":"Cradily","item":"leftovers","ability":"Storm Drain","moves":["recover","mirrorcoat","earthpower","ancientpower"],"nature":"Calm","evs":{"hp":252,"atk":0,"def":40,"spa":0,"spd":216,"spe":0},"ivs":{"hp":31,"atk":31,"def":31,"spa":31,"spd":31,"spe":31}},{"name":"Ferrothorn","species":"Ferrothorn","item":"occaberry","ability":"Iron Barbs","moves":["stealthrock","gyroball","leechseed","knockoff"],"nature":"Relaxed","evs":{"hp":248,"atk":8,"def":252,"spa":0,"spd":0,"spe":0},"ivs":{"hp":31,"atk":31,"def":31,"spa":31,"spd":31,"spe":0}},{"name":"Breloom","species":"Breloom","item":"focussash","ability":"Technician","moves":["spore","machpunch","poweruppunch","rocktomb"],"nature":"Jolly","evs":{"hp":0,"atk":252,"def":0,"spa":0,"spd":4,"spe":252},"ivs":{"hp":31,"atk":31,"def":31,"spa":31,"spd":31,"spe":31}},{"name":"Victreebel","species":"Victreebel","item":"sitrusberry","ability":"Chlorophyll","moves":["stockpile","swordsdance","powerwhip","synthesis"],"nature":"Careful","evs":{"hp":216,"atk":0,"def":160,"spa":0,"spd":132,"spe":0},"ivs":{"hp":31,"atk":31,"def":31,"spa":31,"spd":31,"spe":31}},{"name":"Celebi","species":"Celebi","item":"choicescarf","ability":"Natural Cure","moves":["trick","hiddenpowerfire","gigadrain","psychic"],"nature":"Timid","evs":{"hp":4,"atk":0,"def":0,"spa":252,"spd":0,"spe":252},"ivs":{"hp":31,"atk":30,"def":31,"spa":30,"spd":31,"spe":30}}],"log":["|player|p1|Logic|logic.gif","|player|p2|Gym Ldr Mitsuka∆|265","|gametype|singles","|gen|6","|tier|OU","|rated","|clearpoke","|poke|p1|Manaphy","|poke|p1|Manectric, F","|poke|p1|Latios, M","|poke|p1|Ferrothorn, M","|poke|p1|Landorus-Therian, M","|poke|p1|Clefable, F","|poke|p2|Venusaur, M","|poke|p2|Cradily, M","|poke|p2|Ferrothorn, F","|poke|p2|Breloom, F","|poke|p2|Victreebel, F","|poke|p2|Celebi","|rule|Swagger Clause: Swagger is banned","|rule|Baton Pass Clause: Limit one Baton Passer, can't pass Spe and other stats simultaneously","|rule|Sleep Clause Mod: Limit one foe put to sleep","|rule|Species Clause: Limit one of each Pokémon","|rule|OHKO Clause: OHKO moves are banned","|rule|Moody Clause: Moody is banned","|rule|Evasion Moves Clause: Evasion moves are banned","|rule|Endless Battle Clause: Forcing endless battles is banned","|rule|HP Percentage Mod: HP is shown in percentages","|teampreview","|","|start","|switch|p1a: Manectric|Manectric, F|281/281","|switch|p2a: Celebi|Celebi|342/342","|turn|1","|","|switch|p2a: Cradily|Cradily, M|376/376","|detailschange|p1a: Manectric|Manectric-Mega, F","|-mega|p1a: Manectric|Manectric|Manectite","|-ability|p1a: Manectric|Intimidate","|-unboost|p2a: Cradily|atk|1","|move|p1a: Manectric|Flamethrower|p2a: Cradily","|-damage|p2a: Cradily|294/376","|","|-heal|p2a: Cradily|317/376|[from] item: Leftovers","|turn|2","|","|move|p1a: Manectric|Volt Switch|p2a: Cradily","|-resisted|p2a: Cradily","|-damage|p2a: Cradily|272/376","|","|switch|p1a: Ferrothorn|Ferrothorn, M|352/352","|move|p2a: Cradily|Mirror Coat|p1a: Ferrothorn","|-damage|p1a: Ferrothorn|262/352","|","|-heal|p2a: Cradily|295/376|[from] item: Leftovers","|-heal|p1a: Ferrothorn|284/352|[from] item: Leftovers","|turn|3","|","|switch|p2a: Celebi|Celebi|342/342","|move|p1a: Ferrothorn|Stealth Rock|p2a: Celebi","|-sidestart|p2: Gym Ldr Mitsuka∆|move: Stealth Rock","|","|-heal|p1a: Ferrothorn|306/352|[from] item: Leftovers","|turn|4","|","|switch|p1a: Manectric|Manectric-Mega, F|281/281","|-ability|p1a: Manectric|Intimidate","|-unboost|p2a: Celebi|atk|1","|move|p2a: Celebi|Trick|p1a: Manectric","|-fail|p1a: Manectric","|","|turn|5","|","|switch|p2a: Cradily|Cradily, M|295/376","|-damage|p2a: Cradily|248/376|[from] Stealth Rock","|move|p1a: Manectric|Volt Switch|p2a: Cradily","|-resisted|p2a: Cradily","|-damage|p2a: Cradily|204/376","|","|switch|p1a: Latios|Latios, M|299/299","|","|-heal|p2a: Cradily|227/376|[from] item: Leftovers","|turn|6","|","|switch|p1a: Ferrothorn|Ferrothorn, M|306/352","|move|p2a: Cradily|Mirror Coat|p1a: Ferrothorn","|-fail|p1a: Ferrothorn","|","|-heal|p2a: Cradily|250/376|[from] item: Leftovers","|-heal|p1a: Ferrothorn|328/352|[from] item: Leftovers","|turn|7","|","|switch|p2a: Celebi|Celebi|342/342","|-damage|p2a: Celebi|300/342|[from] Stealth Rock","|move|p1a: Ferrothorn|Gyro Ball|p2a: Celebi","|-damage|p2a: Celebi|122/342","|","|-heal|p1a: Ferrothorn|350/352|[from] item: Leftovers","|turn|8","|","|switch|p1a: Manectric|Manectric-Mega, F|281/281","|-ability|p1a: Manectric|Intimidate","|-unboost|p2a: Celebi|atk|1","|move|p2a: Celebi|Hidden Power|p1a: Manectric","|-damage|p1a: Manectric|212/281","|","|turn|9","|","|switch|p2a: Cradily|Cradily, M|250/376","|-damage|p2a: Cradily|203/376|[from] Stealth Rock","|move|p1a: Manectric|Volt Switch|p2a: Cradily","|-resisted|p2a: Cradily","|-damage|p2a: Cradily|158/376","|","|switch|p1a: Latios|Latios, M|299/299","|","|-heal|p2a: Cradily|181/376|[from] item: Leftovers","|turn|10","|","|move|p1a: Latios|Draco Meteor|p2a: Cradily","|-damage|p2a: Cradily|0 fnt","|-unboost|p1a: Latios|spa|2","|-damage|p1a: Latios|270/299|[from] item: Life Orb","|faint|p2a: Cradily","|","|","|switch|p2a: Victreebel|Victreebel, F|355/355","|-damage|p2a: Victreebel|311/355|[from] Stealth Rock","|turn|11","|","|switch|p1a: Ferrothorn|Ferrothorn, M|350/352","|move|p2a: Victreebel|Stockpile|p2a: Victreebel","|-start|p2a: Victreebel|stockpile1","|-boost|p2a: Victreebel|def|1","|-boost|p2a: Victreebel|spd|1","|","|-heal|p1a: Ferrothorn|352/352|[from] item: Leftovers","|turn|12","|","|move|p2a: Victreebel|Stockpile|p2a: Victreebel","|-start|p2a: Victreebel|stockpile2","|-boost|p2a: Victreebel|def|1","|-boost|p2a: Victreebel|spd|1","|move|p1a: Ferrothorn|Gyro Ball|p2a: Victreebel","|-damage|p2a: Victreebel|242/355","|","|turn|13","|","|move|p2a: Victreebel|Stockpile|p2a: Victreebel","|-start|p2a: Victreebel|stockpile3","|-boost|p2a: Victreebel|def|1","|-boost|p2a: Victreebel|spd|1","|move|p1a: Ferrothorn|Gyro Ball|p2a: Victreebel","|-damage|p2a: Victreebel|181/355","|","|turn|14","|","|move|p2a: Victreebel|Swords Dance|p2a: Victreebel","|-boost|p2a: Victreebel|atk|2","|move|p1a: Ferrothorn|Gyro Ball|p2a: Victreebel","|-damage|p2a: Victreebel|127/355","|-enditem|p2a: Victreebel|Sitrus Berry|[eat]","|-heal|p2a: Victreebel|215/355|[from] item: Sitrus Berry","|","|turn|15","|","|move|p2a: Victreebel|Swords Dance|p2a: Victreebel","|-boost|p2a: Victreebel|atk|2","|move|p1a: Ferrothorn|Gyro Ball|p2a: Victreebel","|-damage|p2a: Victreebel|158/355","|","|turn|16","|","|move|p2a: Victreebel|Swords Dance|p2a: Victreebel","|-boost|p2a: Victreebel|atk|2","|move|p1a: Ferrothorn|Gyro Ball|p2a: Victreebel","|-damage|p2a: Victreebel|100/355","|","|turn|17","|","|move|p2a: Victreebel|Synthesis|p2a: Victreebel","|-heal|p2a: Victreebel|277/355","|move|p1a: Ferrothorn|Gyro Ball|p2a: Victreebel","|-damage|p2a: Victreebel|223/355","|","|turn|18","|","|move|p2a: Victreebel|Synthesis|p2a: Victreebel","|-heal|p2a: Victreebel|355/355","|move|p1a: Ferrothorn|Gyro Ball|p2a: Victreebel","|-damage|p2a: Victreebel|295/355","|","|turn|19","|","|move|p2a: Victreebel|Synthesis|p2a: Victreebel","|-heal|p2a: Victreebel|355/355","|move|p1a: Ferrothorn|Power Whip|p2a: Victreebel","|-resisted|p2a: Victreebel","|-damage|p2a: Victreebel|339/355","|","|turn|20","|","|move|p2a: Victreebel|Stockpile|p2a: Victreebel","|-fail|p2a: Victreebel","|move|p1a: Ferrothorn|Power Whip|p2a: Victreebel","|-resisted|p2a: Victreebel","|-damage|p2a: Victreebel|324/355","|","|turn|21","|","|move|p2a: Victreebel|Stockpile|p2a: Victreebel","|-fail|p2a: Victreebel","|move|p1a: Ferrothorn|Power Whip|p2a: Victreebel","|-crit|p2a: Victreebel","|-resisted|p2a: Victreebel","|-damage|p2a: Victreebel|269/355","|","|turn|22","|","|switch|p1a: Clefable|Clefable, F|394/394","|move|p2a: Victreebel|Synthesis|p2a: Victreebel","|-heal|p2a: Victreebel|355/355","|","|turn|23","|","|switch|p1a: Ferrothorn|Ferrothorn, M|352/352","|move|p2a: Victreebel|Power Whip|p1a: Ferrothorn","|-resisted|p1a: Ferrothorn","|-damage|p1a: Ferrothorn|258/352","|-damage|p2a: Victreebel|311/355|[from] ability: Iron Barbs|[of] p1a: Ferrothorn","|","|-heal|p1a: Ferrothorn|280/352|[from] item: Leftovers","|turn|24","|","|switch|p1a: Latios|Latios, M|270/299","|move|p2a: Victreebel|Stockpile|p2a: Victreebel","|-fail|p2a: Victreebel","|","|turn|25","|","|move|p1a: Latios|Psyshock|p2a: Victreebel","|-supereffective|p2a: Victreebel","|-damage|p2a: Victreebel|145/355","|-damage|p1a: Latios|241/299|[from] item: Life Orb","|move|p2a: Victreebel|Power Whip|p1a: Latios","|-resisted|p1a: Latios","|-damage|p1a: Latios|0 fnt","|faint|p1a: Latios","|","|","|switch|p1a: Landorus-Therian|Landorus-Therian, M|361/361","|-ability|p1a: Landorus-Therian|Intimidate","|-unboost|p2a: Victreebel|atk|1","|turn|26","|","|move|p1a: Landorus-Therian|Swords Dance|p1a: Landorus-Therian","|-boost|p1a: Landorus-Therian|atk|2","|move|p2a: Victreebel|Synthesis|p2a: Victreebel","|-heal|p2a: Victreebel|322/355","|","|turn|27","|","|move|p1a: Landorus-Therian|Earthquake|p2a: Victreebel","|-damage|p2a: Victreebel|154/355","|move|p2a: Victreebel|Power Whip|p1a: Landorus-Therian|[miss]","|-miss|p2a: Victreebel|p1a: Landorus-Therian","|","|turn|28","|","|move|p1a: Landorus-Therian|Earthquake|p2a: Victreebel","|-damage|p2a: Victreebel|0 fnt","|faint|p2a: Victreebel","|","|","|switch|p2a: Venusaur|Venusaur, M|364/364","|-damage|p2a: Venusaur|319/364|[from] Stealth Rock","|turn|29","|","|detailschange|p2a: Venusaur|Venusaur-Mega, M","|-mega|p2a: Venusaur|Venusaur|Venusaurite","|move|p1a: Landorus-Therian|Earthquake|p2a: Venusaur","|-damage|p2a: Venusaur|79/364","|move|p2a: Venusaur|Giga Drain|p1a: Landorus-Therian","|-damage|p1a: Landorus-Therian|228/361","|-heal|p2a: Venusaur|146/364|[from] drain|[of] p1a: Landorus-Therian","|","|-heal|p1a: Landorus-Therian|250/361|[from] item: Leftovers","|turn|30","|","|move|p1a: Landorus-Therian|Earthquake|p2a: Venusaur","|-damage|p2a: Venusaur|0 fnt","|faint|p2a: Venusaur","|","|-heal|p1a: Landorus-Therian|272/361|[from] item: Leftovers","|","|switch|p2a: Celebi|Celebi|122/342","|-damage|p2a: Celebi|80/342|[from] Stealth Rock","|turn|31","|","|move|p2a: Celebi|Psychic|p1a: Landorus-Therian","|-damage|p1a: Landorus-Therian|106/361","|move|p1a: Landorus-Therian|Earthquake|p2a: Celebi","|-resisted|p2a: Celebi","|-damage|p2a: Celebi|0 fnt","|faint|p2a: Celebi","|","|-heal|p1a: Landorus-Therian|128/361|[from] item: Leftovers","|","|switch|p2a: Breloom|Breloom, F|261/261","|-damage|p2a: Breloom|245/261|[from] Stealth Rock","|turn|32","|","|move|p1a: Landorus-Therian|Earthquake|p2a: Breloom","|-resisted|p2a: Breloom","|-damage|p2a: Breloom|22/261","|move|p2a: Breloom|Spore|p1a: Landorus-Therian","|-status|p1a: Landorus-Therian|slp","|","|-heal|p1a: Landorus-Therian|150/361 slp|[from] item: Leftovers","|turn|33","|","|switch|p1a: Manectric|Manectric-Mega, F|212/281","|-ability|p1a: Manectric|Intimidate","|-unboost|p2a: Breloom|atk|1","|move|p2a: Breloom|Rock Tomb|p1a: Manectric","|-damage|p1a: Manectric|120/281","|-unboost|p1a: Manectric|spe|1","|","|turn|34","|","|switch|p1a: Ferrothorn|Ferrothorn, M|280/352","|move|p2a: Breloom|Mach Punch|p1a: Ferrothorn","|-supereffective|p1a: Ferrothorn","|-damage|p1a: Ferrothorn|178/352","|-damage|p2a: Breloom|0 fnt|[from] ability: Iron Barbs|[of] p1a: Ferrothorn","|faint|p2a: Breloom","|","|-heal|p1a: Ferrothorn|200/352|[from] item: Leftovers","|","|switch|p2a: Ferrothorn|Ferrothorn, F|351/351","|-damage|p2a: Ferrothorn|330/351|[from] Stealth Rock","|turn|35","|","|switch|p1a: Manectric|Manectric-Mega, F|120/281","|-ability|p1a: Manectric|Intimidate","|-unboost|p2a: Ferrothorn|atk|1","|move|p2a: Ferrothorn|Stealth Rock|p1a: Manectric","|-sidestart|p1: Logic|move: Stealth Rock","|","|turn|36","|","|move|p1a: Manectric|Flamethrower|p2a: Ferrothorn","|-supereffective|p2a: Ferrothorn","|-enditem|p2a: Ferrothorn|Occa Berry|[eat]","|-damage|p2a: Ferrothorn|142/351","|move|p2a: Ferrothorn|Leech Seed|p1a: Manectric","|-start|p1a: Manectric|move: Leech Seed","|","|-damage|p1a: Manectric|85/281|[from] Leech Seed|[of] p2a: Ferrothorn","|-heal|p2a: Ferrothorn|177/351|[silent]","|turn|37","|","|move|p1a: Manectric|Flamethrower|p2a: Ferrothorn","|-supereffective|p2a: Ferrothorn","|-damage|p2a: Ferrothorn|0 fnt","|faint|p2a: Ferrothorn","|","|win|Logic"],"p1rating":{"entryid":"2182","serverid":"eos","formatid":"ou","userid":"logic","username":"Logic","w":12,"l":"5","t":"0","gxe":63.3,"r":"1593.0478207515","rd":"80.122615394688","sigma":"0","rptime":"1441270800","rpr":1605.4534664744,"rprd":78.462256589499,"rpsigma":"0","acre":1136.3744239187,"lacre":1136.3744239187,"oldacre":"1119.6595985534"},"p2rating":{"entryid":814389,"formatid":"ou","userid":"gymldrmitsuka","username":"Gym Ldr Mitsuka∆","r":1500,"rd":130,"sigma":0,"rpr":1468.6795791426,"rprd":122.67292398817,"rpsigma":0,"rptime":1441270800,"w":0,"l":1,"t":0,"gxe":46.1,"acre":1000,"lacre":1000,"oldacre":1000},"endType":"normal"}