{"seed":[63932,53529,28442,35111],"turns":39,"p1":"Gym Ldr Mitsuka∆","p2":"Imp Gealt","p1team":[{"name":"Venusaur","species":"Venusaur","item":"venusaurite","ability":"Chlorophyll","moves":["synthesis","gigadrain","sludgebomb","leechseed"],"nature":"Bold","evs":{"hp":252,"atk":0,"def":164,"spa":0,"spd":92,"spe":0},"ivs":{"hp":31,"atk":31,"def":31,"spa":31,"spd":31,"spe":31}},{"name":"Cradily","species":"Cradily","item":"leftovers","ability":"Storm Drain","moves":["recover","mirrorcoat","earthpower","ancientpower"],"nature":"Calm","evs":{"hp":252,"atk":0,"def":40,"spa":0,"spd":216,"spe":0},"ivs":{"hp":31,"atk":31,"def":31,"spa":31,"spd":31,"spe":31}},{"name":"Ferrothorn","species":"Ferrothorn","item":"occaberry","ability":"Iron Barbs","moves":["stealthrock","gyroball","leechseed","knockoff"],"nature":"Relaxed","evs":{"hp":248,"atk":8,"def":252,"spa":0,"spd":0,"spe":0},"ivs":{"hp":31,"atk":31,"def":31,"spa":31,"spd":31,"spe":0}},{"name":"Breloom","species":"Breloom","item":"focussash","ability":"Technician","moves":["spore","machpunch","poweruppunch","rocktomb"],"nature":"Jolly","evs":{"hp":0,"atk":252,"def":0,"spa":0,"spd":4,"spe":252},"ivs":{"hp":31,"atk":31,"def":31,"spa":31,"spd":31,"spe":31}},{"name":"Victreebel","species":"Victreebel","item":"sitrusberry","ability":"Chlorophyll","moves":["stockpile","swordsdance","powerwhip","synthesis"],"nature":"Careful","evs":{"hp":216,"atk":0,"def":160,"spa":0,"spd":132,"spe":0},"ivs":{"hp":31,"atk":31,"def":31,"spa":31,"spd":31,"spe":31}},{"name":"Celebi","species":"Celebi","item":"choicescarf","ability":"Natural Cure","moves":["trick","hiddenpowerfire","gigadrain","psychic"],"nature":"Timid","evs":{"hp":4,"atk":0,"def":0,"spa":252,"spd":0,"spe":252},"ivs":{"hp":31,"atk":30,"def":31,"spa":30,"spd":31,"spe":30}}],"p2team":[{"name":"Bully","species":"granbull","item":"rockyhelmet","ability":"Intimidate","moves":["healbell","closecombat","playrough","outrage"],"nature":"Adamant","evs":{"hp":252,"atk":252,"def":0,"spa":0,"spd":4,"spe":0},"gender":"M","ivs":{"hp":31,"atk":31,"def":31,"spa":31,"spd":31,"spe":31}},{"name":"Tesla","species":"manectric","item":"manectite","ability":"Static","moves":["flamethrower","roar","thunderbolt","voltswitch"],"nature":"Timid","evs":{"hp":0,"atk":0,"def":0,"spa":252,"spd":4,"spe":252},"gender":"M","ivs":{"hp":31,"atk":31,"def":31,"spa":31,"spd":31,"spe":31}},{"name":"Garavogue","species":"vaporeon","item":"leftovers","ability":"Water Absorb","moves":["wish","protect","scald","icebeam"],"nature":"Bold","evs":{"hp":252,"atk":0,"def":252,"spa":4,"spd":0,"spe":0},"ivs":{"hp":31,"atk":31,"def":31,"spa":31,"spd":31,"spe":31}},{"name":"Cerberus","species":"houndoom","item":"lifeorb","ability":"Flash Fire","moves":["sunnyday","suckerpunch","fireblast","solarbeam"],"nature":"Hasty","evs":{"hp":0,"atk":4,"def":0,"spa":252,"spd":0,"spe":252},"ivs":{"hp":31,"atk":31,"def":31,"spa":31,"spd":31,"spe":31}},{"name":"Arthur","species":"smeargle","item":"focussash","ability":"Own Tempo","moves":["spikes","spore","magiccoat","whirlwind"],"nature":"Timid","evs":{"hp":252,"atk":0,"def":0,"spa":0,"spd":4,"spe":252},"ivs":{"hp":31,"atk":31,"def":31,"spa":31,"spd":31,"spe":31}},{"name":"Cuchulann","species":"lucario","item":"lifeorb","ability":"Inner Focus","moves":["swordsdance","closecombat","extremespeed","crunch"],"nature":"Adamant","evs":{"hp":0,"atk":252,"def":0,"spa":0,"spd":4,"spe":252},"ivs":{"hp":31,"atk":31,"def":31,"spa":31,"spd":31,"spe":31}}],"log":["|player|p1|Gym Ldr Mitsuka∆|265","|player|p2|Imp Gealt|196","|gametype|singles","|gen|6","|tier|OU","|rated","|clearpoke","|poke|p1|Venusaur, F","|poke|p1|Cradily, M","|poke|p1|Ferrothorn, F","|poke|p1|Breloom, F","|poke|p1|Victreebel, M","|poke|p1|Celebi","|poke|p2|Granbull, M","|poke|p2|Manectric, M","|poke|p2|Vaporeon, F","|poke|p2|Houndoom, F","|poke|p2|Smeargle, F","|poke|p2|Lucario, F","|rule|Swagger Clause: Swagger is banned","|rule|Baton Pass Clause: Limit one Baton Passer, can't pass Spe and other stats simultaneously","|rule|Sleep Clause Mod: Limit one foe put to sleep","|rule|Species Clause: Limit one of each Pokémon","|rule|OHKO Clause: OHKO moves are banned","|rule|Moody Clause: Moody is banned","|rule|Evasion Moves Clause: Evasion moves are banned","|rule|Endless Battle Clause: Forcing endless battles is banned","|rule|HP Percentage Mod: HP is shown in percentages","|teampreview","|","|start","|switch|p1a: Victreebel|Victreebel, M|355/355","|switch|p2a: Arthur|Smeargle, F|314/314","|turn|1","|","|move|p2a: Arthur|Magic Coat|p2a: Arthur","|-singleturn|p2a: Arthur|move: Magic Coat","|move|p1a: Victreebel|Stockpile|p1a: Victreebel","|-start|p1a: Victreebel|stockpile1","|-boost|p1a: Victreebel|def|1","|-boost|p1a: Victreebel|spd|1","|","|turn|2","|","|move|p2a: Arthur|Spikes|p1a: Victreebel","|-sidestart|p1: Gym Ldr Mitsuka∆|Spikes","|move|p1a: Victreebel|Stockpile|p1a: Victreebel","|-start|p1a: Victreebel|stockpile2","|-boost|p1a: Victreebel|def|1","|-boost|p1a: Victreebel|spd|1","|","|turn|3","|","|move|p2a: Arthur|Spikes|p1a: Victreebel","|-sidestart|p1: Gym Ldr Mitsuka∆|Spikes","|move|p1a: Victreebel|Swords Dance|p1a: Victreebel","|-boost|p1a: Victreebel|atk|2","|","|turn|4","|","|move|p1a: Victreebel|Stockpile|p1a: Victreebel","|-start|p1a: Victreebel|stockpile3","|-boost|p1a: Victreebel|def|1","|-boost|p1a: Victreebel|spd|1","|move|p2a: Arthur|Whirlwind|p1a: Victreebel","|drag|p1a: Breloom|Breloom, F|261/261","|-damage|p1a: Breloom|218/261|[from] Spikes","|","|turn|5","|","|move|p1a: Breloom|Power-Up Punch|p2a: Arthur","|-supereffective|p2a: Arthur","|-enditem|p2a: Arthur|Focus Sash","|-damage|p2a: Arthur|1/314","|-boost|p1a: Breloom|atk|1","|move|p2a: Arthur|Whirlwind|p1a: Breloom","|drag|p1a: Venusaur|Venusaur, F|364/364","|-damage|p1a: Venusaur|304/364|[from] Spikes","|","|turn|6","|","|detailschange|p1a: Venusaur|Venusaur-Mega, F","|-mega|p1a: Venusaur|Venusaur|Venusaurite","|move|p2a: Arthur|Magic Coat|p2a: Arthur","|-singleturn|p2a: Arthur|move: Magic Coat","|move|p1a: Venusaur|Giga Drain|p2a: Arthur","|-damage|p2a: Arthur|0 fnt","|-heal|p1a: Venusaur|305/364|[from] drain|[of] p2a: Arthur","|faint|p2a: Arthur","|","|","|switch|p2a: Cerberus|Houndoom, F|291/291","|turn|7","|","|move|p2a: Cerberus|Sunny Day|p2a: Cerberus","|-weather|SunnyDay","|move|p1a: Venusaur|Sludge Bomb|p2a: Cerberus","|-damage|p2a: Cerberus|134/291","|","|-weather|SunnyDay|[upkeep]","|turn|8","|","|move|p2a: Cerberus|Fire Blast|p1a: Venusaur","|-supereffective|p1a: Venusaur","|-damage|p1a: Venusaur|22/364","|-damage|p2a: Cerberus|105/291|[from] item: Life Orb","|move|p1a: Venusaur|Synthesis|p1a: Venusaur","|-heal|p1a: Venusaur|265/364","|","|-weather|SunnyDay|[upkeep]","|turn|9","|","|switch|p1a: Cradily|Cradily, M|376/376","|-damage|p1a: Cradily|314/376|[from] Spikes","|move|p2a: Cerberus|Fire Blast|p1a: Cradily","|-damage|p1a: Cradily|72/376","|-damage|p2a: Cerberus|76/291|[from] item: Life Orb","|","|-weather|SunnyDay|[upkeep]","|-heal|p1a: Cradily|95/376|[from] item: Leftovers","|turn|10","|","|move|p2a: Cerberus|Fire Blast|p1a: Cradily|[miss]","|-miss|p2a: Cerberus|p1a: Cradily","|move|p1a: Cradily|Recover|p1a: Cradily","|-heal|p1a: Cradily|283/376","|","|-weather|SunnyDay|[upkeep]","|-heal|p1a: Cradily|306/376|[from] item: Leftovers","|turn|11","|","|move|p2a: Cerberus|Fire Blast|p1a: Cradily","|-crit|p1a: Cradily","|-damage|p1a: Cradily|0 fnt","|-damage|p2a: Cerberus|47/291|[from] item: Life Orb","|faint|p1a: Cradily","|","|-weather|none","|","|switch|p1a: Celebi|Celebi|342/342","|-damage|p1a: Celebi|285/342|[from] Spikes","|turn|12","|","|move|p2a: Cerberus|Sucker Punch|p1a: Celebi","|-supereffective|p1a: Celebi","|-damage|p1a: Celebi|48/342","|-damage|p2a: Cerberus|18/291|[from] item: Life Orb","|move|p1a: Celebi|Giga Drain|p2a: Cerberus","|-resisted|p2a: Cerberus","|-damage|p2a: Cerberus|0 fnt","|-heal|p1a: Celebi|57/342|[from] drain|[of] p2a: Cerberus","|faint|p2a: Cerberus","|","|","|switch|p2a: Tesla|Manectric, M|281/281","|turn|13","|","|detailschange|p2a: Tesla|Manectric-Mega, M","|-mega|p2a: Tesla|Manectric|Manectite","|-ability|p2a: Tesla|Intimidate","|-unboost|p1a: Celebi|atk|1","|move|p1a: Celebi|Giga Drain|p2a: Tesla","|-damage|p2a: Tesla|142/281","|-heal|p1a: Celebi|127/342|[from] drain|[of] p2a: Tesla","|move|p2a: Tesla|Flamethrower|p1a: Celebi","|-supereffective|p1a: Celebi","|-damage|p1a: Celebi|0 fnt","|faint|p1a: Celebi","|","|","|switch|p1a: Venusaur|Venusaur-Mega, F|265/364","|-damage|p1a: Venusaur|205/364|[from] Spikes","|turn|14","|","|move|p1a: Venusaur|Synthesis|p1a: Venusaur","|-heal|p1a: Venusaur|364/364","|move|p2a: Tesla|Roar|p1a: Venusaur","|drag|p1a: Ferrothorn|Ferrothorn, F|351/351","|-damage|p1a: Ferrothorn|293/351|[from] Spikes","|","|turn|15","|","|move|p2a: Tesla|Flamethrower|p1a: Ferrothorn","|-supereffective|p1a: Ferrothorn","|-enditem|p1a: Ferrothorn|Occa Berry|[eat]","|-damage|p1a: Ferrothorn|87/351","|-status|p1a: Ferrothorn|brn","|move|p1a: Ferrothorn|Gyro Ball|p2a: Tesla","|-resisted|p2a: Tesla","|-damage|p2a: Tesla|96/281","|","|-damage|p1a: Ferrothorn|44/351 brn|[from] brn","|turn|16","|","|move|p2a: Tesla|Volt Switch|p1a: Ferrothorn","|-resisted|p1a: Ferrothorn","|-damage|p1a: Ferrothorn|0 fnt","|faint|p1a: Ferrothorn","|","|switch|p2a: Garavogue|Vaporeon, F|464/464","|","|","|switch|p1a: Victreebel|Victreebel, M|355/355","|-damage|p1a: Victreebel|296/355|[from] Spikes","|turn|17","|","|move|p1a: Victreebel|Stockpile|p1a: Victreebel","|-start|p1a: Victreebel|stockpile1","|-boost|p1a: Victreebel|def|1","|-boost|p1a: Victreebel|spd|1","|move|p2a: Garavogue|Ice Beam|p1a: Victreebel","|-supereffective|p1a: Victreebel","|-damage|p1a: Victreebel|188/355","|","|turn|18","|","|move|p1a: Victreebel|Stockpile|p1a: Victreebel","|-start|p1a: Victreebel|stockpile2","|-boost|p1a: Victreebel|def|1","|-boost|p1a: Victreebel|spd|1","|move|p2a: Garavogue|Wish|p2a: Garavogue","|","|turn|19","|","|switch|p2a: Tesla|Manectric-Mega, M|96/281","|-ability|p2a: Tesla|Intimidate","|-unboost|p1a: Victreebel|atk|1","|move|p1a: Victreebel|Synthesis|p1a: Victreebel","|-heal|p1a: Victreebel|355/355","|","|-heal|p2a: Tesla|281/281|[from] move: Wish|[wisher] Garavogue","|turn|20","|","|move|p1a: Victreebel|Swords Dance|p1a: Victreebel","|-boost|p1a: Victreebel|atk|2","|move|p2a: Tesla|Roar|p1a: Victreebel","|drag|p1a: Venusaur|Venusaur-Mega, F|364/364","|-damage|p1a: Venusaur|304/364|[from] Spikes","|","|turn|21","|","|move|p2a: Tesla|Flamethrower|p1a: Venusaur","|-supereffective|p1a: Venusaur","|-damage|p1a: Venusaur|214/364","|move|p1a: Venusaur|Sludge Bomb|p2a: Tesla","|-damage|p2a: Tesla|122/281","|-status|p2a: Tesla|psn","|","|-damage|p2a: Tesla|87/281 psn|[from] psn","|turn|22","|","|switch|p2a: Cuchulann|Lucario, F|281/281","|move|p1a: Venusaur|Synthesis|p1a: Venusaur","|-heal|p1a: Venusaur|364/364","|","|turn|23","|","|move|p2a: Cuchulann|Swords Dance|p2a: Cuchulann","|-boost|p2a: Cuchulann|atk|2","|move|p1a: Venusaur|Leech Seed|p2a: Cuchulann","|-start|p2a: Cuchulann|move: Leech Seed","|","|-damage|p2a: Cuchulann|246/281|[from] Leech Seed|[of] p1a: Venusaur","|turn|24","|","|move|p2a: Cuchulann|Swords Dance|p2a: Cuchulann","|-boost|p2a: Cuchulann|atk|2","|move|p1a: Venusaur|Giga Drain|p2a: Cuchulann","|-resisted|p2a: Cuchulann","|-damage|p2a: Cuchulann|178/281","|","|-damage|p2a: Cuchulann|143/281|[from] Leech Seed|[of] p1a: Venusaur","|turn|25","|","|move|p2a: Cuchulann|Extreme Speed|p1a: Venusaur","|-damage|p1a: Venusaur|135/364","|-damage|p2a: Cuchulann|115/281|[from] item: Life Orb","|move|p1a: Venusaur|Giga Drain|p2a: Cuchulann","|-resisted|p2a: Cuchulann","|-damage|p2a: Cuchulann|48/281","|-heal|p1a: Venusaur|169/364|[from] drain|[of] p2a: Cuchulann","|","|-damage|p2a: Cuchulann|13/281|[from] Leech Seed|[of] p1a: Venusaur","|-heal|p1a: Venusaur|204/364|[silent]","|turn|26","|","|move|p2a: Cuchulann|Extreme Speed|p1a: Venusaur","|-damage|p1a: Venusaur|0 fnt","|-damage|p2a: Cuchulann|0 fnt|[from] item: Life Orb","|faint|p1a: Venusaur","|faint|p2a: Cuchulann","|","|","|switch|p2a: Tesla|Manectric-Mega, M|87/281 psn","|switch|p1a: Victreebel|Victreebel, M|355/355","|-ability|p2a: Tesla|Intimidate","|-unboost|p1a: Victreebel|atk|1","|-damage|p1a: Victreebel|296/355|[from] Spikes","|turn|27","|","|move|p1a: Victreebel|Power Whip|p2a: Tesla","|-crit|p2a: Tesla","|-damage|p2a: Tesla|0 fnt","|faint|p2a: Tesla","|","|","|switch|p2a: Bully|Granbull, M|384/384","|-ability|p2a: Bully|Intimidate","|-unboost|p1a: Victreebel|atk|1","|turn|28","|","|move|p1a: Victreebel|Stockpile|p1a: Victreebel","|-start|p1a: Victreebel|stockpile1","|-boost|p1a: Victreebel|def|1","|-boost|p1a: Victreebel|spd|1","|move|p2a: Bully|Play Rough|p1a: Victreebel","|-resisted|p1a: Victreebel","|-damage|p1a: Victreebel|233/355","|","|turn|29","|","|move|p1a: Victreebel|Stockpile|p1a: Victreebel","|-start|p1a: Victreebel|stockpile2","|-boost|p1a: Victreebel|def|1","|-boost|p1a: Victreebel|spd|1","|move|p2a: Bully|Close Combat|p1a: Victreebel","|-resisted|p1a: Victreebel","|-damage|p1a: Victreebel|189/355","|-unboost|p2a: Bully|def|1","|-unboost|p2a: Bully|spd|1","|","|turn|30","|","|move|p1a: Victreebel|Swords Dance|p1a: Victreebel","|-boost|p1a: Victreebel|atk|2","|move|p2a: Bully|Play Rough|p1a: Victreebel","|-resisted|p1a: Victreebel","|-damage|p1a: Victreebel|141/355","|-enditem|p1a: Victreebel|Sitrus Berry|[eat]","|-heal|p1a: Victreebel|229/355|[from] item: Sitrus Berry","|","|turn|31","|","|move|p1a: Victreebel|Power Whip|p2a: Bully","|-damage|p2a: Bully|111/384","|-damage|p1a: Victreebel|170/355|[from] item: Rocky Helmet|[of] p2a: Bully","|move|p2a: Bully|Close Combat|p1a: Victreebel","|-resisted|p1a: Victreebel","|-damage|p1a: Victreebel|126/355","|-unboost|p2a: Bully|def|1","|-unboost|p2a: Bully|spd|1","|","|turn|32","|","|switch|p2a: Garavogue|Vaporeon, F|464/464","|move|p1a: Victreebel|Synthesis|p1a: Victreebel","|-heal|p1a: Victreebel|303/355","|","|turn|33","|","|move|p1a: Victreebel|Power Whip|p2a: Garavogue","|-supereffective|p2a: Garavogue","|-damage|p2a: Garavogue|168/464","|move|p2a: Garavogue|Wish|p2a: Garavogue","|","|-heal|p2a: Garavogue|197/464|[from] item: Leftovers","|turn|34","|","|move|p1a: Victreebel|Swords Dance|p1a: Victreebel","|-boost|p1a: Victreebel|atk|2","|move|p2a: Garavogue|Ice Beam|p1a: Victreebel","|-crit|p1a: Victreebel","|-supereffective|p1a: Victreebel","|-damage|p1a: Victreebel|69/355","|-status|p1a: Victreebel|frz","|","|-heal|p2a: Garavogue|429/464|[from] move: Wish|[wisher] Garavogue","|-heal|p2a: Garavogue|458/464|[from] item: Leftovers","|turn|35","|","|cant|p1a: Victreebel|frz","|move|p2a: Garavogue|Ice Beam|p1a: Victreebel","|-supereffective|p1a: Victreebel","|-damage|p1a: Victreebel|0 fnt","|faint|p1a: Victreebel","|","|-heal|p2a: Garavogue|464/464|[from] item: Leftovers","|","|switch|p1a: Breloom|Breloom, F|218/261","|-damage|p1a: Breloom|175/261|[from] Spikes","|turn|36","|","|move|p1a: Breloom|Spore|p2a: Garavogue","|-status|p2a: Garavogue|slp","|cant|p2a: Garavogue|slp","|","|turn|37","|","|move|p1a: Breloom|Power-Up Punch|p2a: Garavogue","|-damage|p2a: Garavogue|358/464 slp","|-boost|p1a: Breloom|atk|1","|-curestatus|p2a: Garavogue|slp","|move|p2a: Garavogue|Wish|p2a: Garavogue","|","|-heal|p2a: Garavogue|387/464|[from] item: Leftovers","|turn|38","|","|move|p1a: Breloom|Spore|p2a: Garavogue","|-status|p2a: Garavogue|slp","|cant|p2a: Garavogue|slp","|","|-heal|p2a: Garavogue|464/464 slp|[from] move: Wish|[wisher] Garavogue","|turn|39","|","|move|p1a: Breloom|Power-Up Punch|p2a: Garavogue","|-damage|p2a: Garavogue|311/464 slp","|-boost|p1a: Breloom|atk|1","|-curestatus|p2a: Garavogue|slp","|move|p2a: Garavogue|Ice Beam|p1a: Breloom","|-supereffective|p1a: Breloom","|-damage|p1a: Breloom|0 fnt","|faint|p1a: Breloom","|","|win|Imp Gealt"],"p1rating":{"entryid":"814389","serverid":"eos","formatid":"ou","userid":"gymldrmitsuka","username":"Gym Ldr Mitsuka∆","w":"0","l":2,"t":"0","gxe":42,"r":"1500","rd":"130","sigma":"0","rptime":"1441270800","rpr":1435.5102889145,"rprd":116.61830681692,"rpsigma":"0","acre":1000,"lacre":1000,"oldacre":"1000"},"p2rating":{"entryid":814814,"formatid":"ou","userid":"impgealt","username":"Imp Gealt","r":1500,"rd":130,"sigma":0,"rpr":1540.1606143388,"rprd":122.8583080769,"rpsigma":0,"rptime":1441270800,"w":1,"l":0,"t":0,"gxe":55,"acre":1040,"lacre":1040,"oldacre":1000},"endType":"normal"}