{"seed":[25318,21658,57325,43875],"turns":49,"p1":"Sabella","p2":"Pk-Kaiser","p1team":[{"name":"Slowbro","species":"Slowbro","item":"slowbronite","ability":"Regenerator","moves":["calmmind","scald","psyshock","slackoff"],"nature":"Bold","evs":{"hp":248,"atk":0,"def":84,"spa":0,"spd":176,"spe":0},"ivs":{"hp":31,"atk":31,"def":31,"spa":31,"spd":31,"spe":31}},{"name":"Gliscor","species":"Gliscor","item":"toxicorb","ability":"Poison Heal","moves":["swordsdance","roost","knockoff","earthquake"],"nature":"Careful","evs":{"hp":252,"atk":0,"def":24,"spa":0,"spd":232,"spe":0},"ivs":{"hp":31,"atk":31,"def":31,"spa":31,"spd":31,"spe":31}},{"name":"Clefable","species":"Clefable","item":"leftovers","ability":"Unaware","moves":["protect","healbell","moonblast","wish"],"nature":"Bold","evs":{"hp":252,"atk":0,"def":132,"spa":0,"spd":124,"spe":0},"ivs":{"hp":31,"atk":31,"def":31,"spa":31,"spd":31,"spe":31}},{"name":"Heatran","species":"Heatran","item":"leftovers","ability":"Flash Fire","moves":["stealthrock","magmastorm","taunt","toxic"],"nature":"Timid","evs":{"hp":252,"atk":0,"def":4,"spa":40,"spd":0,"spe":212},"ivs":{"hp":31,"atk":31,"def":31,"spa":31,"spd":31,"spe":31}},{"name":"Goodra","species":"Goodra","item":"assaultvest","ability":"Sap Sipper","moves":["fireblast","dragonpulse","thunderbolt","earthquake"],"nature":"Mild","evs":{"hp":212,"atk":0,"def":0,"spa":252,"spd":0,"spe":44},"ivs":{"hp":31,"atk":31,"def":31,"spa":31,"spd":31,"spe":31}},{"name":"Zapdos","species":"Zapdos","item":"leftovers","ability":"Pressure","moves":["defog","discharge","heatwave","roost"],"nature":"Bold","evs":{"hp":212,"atk":0,"def":176,"spa":0,"spd":0,"spe":120},"ivs":{"hp":31,"atk":31,"def":31,"spa":31,"spd":31,"spe":31}}],"p2team":[{"name":"Charizard","species":"Charizard","item":"charizarditex","ability":"Blaze","moves":["dragondance","flareblitz","dragonclaw","roost"],"nature":"Jolly","evs":{"hp":72,"atk":252,"def":0,"spa":0,"spd":0,"spe":184},"ivs":{"hp":31,"atk":31,"def":31,"spa":31,"spd":31,"spe":31}},{"name":"Hippowdon","species":"Hippowdon","item":"smoothrock","ability":"Sand Stream","moves":["stealthrock","toxic","earthquake","slackoff"],"nature":"Impish","evs":{"hp":252,"atk":0,"def":144,"spa":0,"spd":112,"spe":0},"ivs":{"hp":31,"atk":31,"def":31,"spa":31,"spd":31,"spe":31}},{"name":"Gothitelle","species":"Gothitelle","item":"choicescarf","ability":"Shadow Tag","moves":["signalbeam","trick","thunderwave","psychic"],"nature":"Timid","evs":{"hp":80,"atk":0,"def":0,"spa":176,"spd":0,"spe":252},"ivs":{"hp":31,"atk":31,"def":31,"spa":31,"spd":31,"spe":31}},{"name":"Manaphy","species":"Manaphy","item":"leftovers","ability":"Hydration","moves":["tailglow","scald","icebeam","energyball"],"nature":"Modest","evs":{"hp":96,"atk":0,"def":0,"spa":252,"spd":0,"spe":160},"ivs":{"hp":31,"atk":31,"def":31,"spa":31,"spd":31,"spe":31}},{"name":"Serperior","species":"Serperior","item":"leftovers","ability":"Contrary","moves":["leafstorm","taunt","gigadrain","hiddenpowerfire"],"nature":"Timid","evs":{"hp":0,"atk":0,"def":0,"spa":252,"spd":4,"spe":252},"ivs":{"hp":31,"atk":30,"def":31,"spa":30,"spd":31,"spe":30}},{"name":"Excadrill","species":"Excadrill","item":"lifeorb","ability":"Sand Rush","moves":["earthquake","rapidspin","rockslide","ironhead"],"nature":"Adamant","evs":{"hp":0,"atk":252,"def":0,"spa":0,"spd":4,"spe":252},"ivs":{"hp":31,"atk":31,"def":31,"spa":31,"spd":31,"spe":31}}],"log":["|player|p1|Sabella|sabella.png","|player|p2|Pk-Kaiser|pkkaiser.gif","|gametype|singles","|gen|6","|tier|OU","|rated","|clearpoke","|poke|p1|Slowbro, F","|poke|p1|Gliscor, M","|poke|p1|Clefable, M","|poke|p1|Heatran, F","|poke|p1|Goodra, F","|poke|p1|Zapdos","|poke|p2|Charizard, F","|poke|p2|Hippowdon, M","|poke|p2|Gothitelle, M","|poke|p2|Manaphy","|poke|p2|Serperior, F","|poke|p2|Excadrill, F","|rule|Swagger Clause: Swagger is banned","|rule|Baton Pass Clause: Limit one Baton Passer, can't pass Spe and other stats simultaneously","|rule|Sleep Clause Mod: Limit one foe put to sleep","|rule|Species Clause: Limit one of each Pokémon","|rule|OHKO Clause: OHKO moves are banned","|rule|Moody Clause: Moody is banned","|rule|Evasion Moves Clause: Evasion moves are banned","|rule|Endless Battle Clause: Forcing endless battles is banned","|rule|HP Percentage Mod: HP is shown in percentages","|teampreview","|","|start","|switch|p1a: Heatran|Heatran, F|386/386","|switch|p2a: Serperior|Serperior, F|291/291","|turn|1","|","|switch|p2a: Manaphy|Manaphy|365/365","|move|p1a: Heatran|Stealth Rock|p2a: Manaphy","|-sidestart|p2: Pk-Kaiser|move: Stealth Rock","|","|turn|2","|","|switch|p1a: Clefable|Clefable, M|394/394","|move|p2a: Manaphy|Scald|p1a: Clefable","|-damage|p1a: Clefable|265/394","|","|-heal|p1a: Clefable|289/394|[from] item: Leftovers","|turn|3","|","|move|p2a: Manaphy|Scald|p1a: Clefable","|-damage|p1a: Clefable|169/394","|move|p1a: Clefable|Moonblast|p2a: Manaphy","|-crit|p2a: Manaphy","|-damage|p2a: Manaphy|197/365","|","|-heal|p2a: Manaphy|219/365|[from] item: Leftovers","|-heal|p1a: Clefable|193/394|[from] item: Leftovers","|turn|4","|","|switch|p2a: Hippowdon|Hippowdon, M|420/420","|-damage|p2a: Hippowdon|394/420|[from] Stealth Rock","|-weather|Sandstorm","|move|p1a: Clefable|Wish|p1a: Clefable","|","|-weather|Sandstorm|[upkeep]","|-damage|p1a: Clefable|169/394|[from] sandstorm","|-heal|p1a: Clefable|193/394|[from] item: Leftovers","|turn|5","|","|move|p1a: Clefable|Moonblast|p2a: Hippowdon","|-damage|p2a: Hippowdon|274/420","|-unboost|p2a: Hippowdon|spa|1","|move|p2a: Hippowdon|Stealth Rock|p1a: Clefable","|-sidestart|p1: Sabella|move: Stealth Rock","|","|-weather|Sandstorm|[upkeep]","|-damage|p1a: Clefable|169/394|[from] sandstorm","|-heal|p1a: Clefable|366/394|[from] move: Wish|[wisher] Clefable","|-heal|p1a: Clefable|390/394|[from] item: Leftovers","|turn|6","|","|switch|p1a: Gliscor|Gliscor, M|354/354","|-damage|p1a: Gliscor|310/354|[from] Stealth Rock","|switch|p2a: Gothitelle|Gothitelle, M|301/301","|-damage|p2a: Gothitelle|264/301|[from] Stealth Rock","|","|-weather|Sandstorm|[upkeep]","|-damage|p2a: Gothitelle|246/301|[from] sandstorm","|-status|p1a: Gliscor|tox|[from] item: Toxic Orb","|turn|7","|","|move|p2a: Gothitelle|Trick|p1a: Gliscor","|-activate|p2a: Gothitelle|move: Trick|[of] p1a: Gliscor","|-item|p1a: Gliscor|Choice Scarf|[from] move: Trick","|-item|p2a: Gothitelle|Toxic Orb|[from] move: Trick","|move|p1a: Gliscor|Earthquake|p2a: Gothitelle","|-damage|p2a: Gothitelle|132/301","|","|-weather|Sandstorm|[upkeep]","|-damage|p2a: Gothitelle|114/301|[from] sandstorm","|-heal|p1a: Gliscor|354/354 tox|[from] ability: Poison Heal","|-status|p2a: Gothitelle|tox|[from] item: Toxic Orb","|turn|8","|","|move|p1a: Gliscor|Earthquake|p2a: Gothitelle","|-damage|p2a: Gothitelle|0 fnt","|faint|p2a: Gothitelle","|","|-weather|Sandstorm|[upkeep]","|","|switch|p2a: Serperior|Serperior, F|291/291","|-damage|p2a: Serperior|255/291|[from] Stealth Rock","|turn|9","|","|switch|p1a: Heatran|Heatran, F|386/386","|-damage|p1a: Heatran|338/386|[from] Stealth Rock","|move|p2a: Serperior|Leaf Storm|p1a: Heatran","|-resisted|p1a: Heatran","|-damage|p1a: Heatran|303/386","|-boost|p2a: Serperior|spa|2","|","|-weather|Sandstorm|[upkeep]","|-damage|p2a: Serperior|237/291|[from] sandstorm","|-heal|p2a: Serperior|255/291|[from] item: Leftovers","|-heal|p1a: Heatran|327/386|[from] item: Leftovers","|turn|10","|","|switch|p2a: Manaphy|Manaphy|219/365","|-damage|p2a: Manaphy|174/365|[from] Stealth Rock","|move|p1a: Heatran|Magma Storm|p2a: Manaphy","|-resisted|p2a: Manaphy","|-damage|p2a: Manaphy|95/365","|-activate|p2a: Manaphy|move: Magma Storm|[of] p1a: Heatran","|","|-weather|Sandstorm|[upkeep]","|-damage|p2a: Manaphy|73/365|[from] sandstorm","|-heal|p2a: Manaphy|95/365|[from] item: Leftovers","|-heal|p1a: Heatran|351/386|[from] item: Leftovers","|-damage|p2a: Manaphy|50/365|[from] move: Magma Storm|[partiallytrapped]","|turn|11","|","|switch|p1a: Goodra|Goodra, F|374/374","|-damage|p1a: Goodra|328/374|[from] Stealth Rock","|move|p2a: Manaphy|Tail Glow|p2a: Manaphy","|-boost|p2a: Manaphy|spa|3","|","|-weather|none","|-heal|p2a: Manaphy|72/365|[from] item: Leftovers","|turn|12","|","|switch|p1a: Clefable|Clefable, M|390/394","|-damage|p1a: Clefable|341/394|[from] Stealth Rock","|move|p2a: Manaphy|Ice Beam|p1a: Clefable","|-damage|p1a: Clefable|248/394","|","|-heal|p2a: Manaphy|94/365|[from] item: Leftovers","|-heal|p1a: Clefable|272/394|[from] item: Leftovers","|turn|13","|","|move|p2a: Manaphy|Scald|p1a: Clefable","|-damage|p1a: Clefable|139/394","|-status|p1a: Clefable|brn","|move|p1a: Clefable|Moonblast|p2a: Manaphy","|-damage|p2a: Manaphy|0 fnt","|faint|p2a: Manaphy","|","|-heal|p1a: Clefable|163/394 brn|[from] item: Leftovers","|-damage|p1a: Clefable|114/394 brn|[from] brn","|","|switch|p2a: Excadrill|Excadrill, F|361/361","|-damage|p2a: Excadrill|350/361|[from] Stealth Rock","|turn|14","|","|move|p1a: Clefable|Protect|p1a: Clefable","|-singleturn|p1a: Clefable|Protect","|move|p2a: Excadrill|Rapid Spin|p1a: Clefable","|-activate|p1a: Clefable|Protect","|","|-heal|p1a: Clefable|138/394 brn|[from] item: Leftovers","|-damage|p1a: Clefable|89/394 brn|[from] brn","|turn|15","|","|switch|p1a: Zapdos|Zapdos|374/374","|-damage|p1a: Zapdos|281/374|[from] Stealth Rock","|-ability|p1a: Zapdos|Pressure","|move|p2a: Excadrill|Rapid Spin|p1a: Zapdos","|-damage|p1a: Zapdos|250/374","|-sideend|p2: Pk-Kaiser|Stealth Rock|[from] move: Rapid Spin|[of] p2a: Excadrill","|-damage|p2a: Excadrill|314/361|[from] item: Life Orb","|","|-heal|p1a: Zapdos|273/374|[from] item: Leftovers","|turn|16","|","|move|p2a: Excadrill|Rock Slide|p1a: Zapdos","|-supereffective|p1a: Zapdos","|-damage|p1a: Zapdos|68/374","|-damage|p2a: Excadrill|278/361|[from] item: Life Orb","|move|p1a: Zapdos|Defog|p2a: Excadrill","|-unboost|p2a: Excadrill|evasion|1","|-sideend|p1: Sabella|Stealth Rock|[from] move: Defog|[of] p1a: Zapdos","|","|-heal|p1a: Zapdos|91/374|[from] item: Leftovers","|turn|17","|","|switch|p2a: Hippowdon|Hippowdon, M|274/420","|-weather|Sandstorm","|switch|p1a: Slowbro|Slowbro, F|393/393","|","|-weather|Sandstorm|[upkeep]","|-damage|p1a: Slowbro|369/393|[from] sandstorm","|turn|18","|","|switch|p2a: Serperior|Serperior, F|255/291","|move|p1a: Slowbro|Scald|p2a: Serperior","|-resisted|p2a: Serperior","|-damage|p2a: Serperior|207/291","|-status|p2a: Serperior|brn","|","|-weather|Sandstorm|[upkeep]","|-damage|p2a: Serperior|189/291 brn|[from] sandstorm","|-damage|p1a: Slowbro|345/393|[from] sandstorm","|-heal|p2a: Serperior|207/291 brn|[from] item: Leftovers","|-damage|p2a: Serperior|171/291 brn|[from] brn","|turn|19","|","|switch|p2a: Hippowdon|Hippowdon, M|274/420","|switch|p1a: Clefable|Clefable, M|89/394 brn","|","|-weather|Sandstorm|[upkeep]","|-damage|p1a: Clefable|65/394 brn|[from] sandstorm","|-heal|p1a: Clefable|89/394 brn|[from] item: Leftovers","|-damage|p1a: Clefable|40/394 brn|[from] brn","|turn|20","|","|move|p1a: Clefable|Protect|p1a: Clefable","|-singleturn|p1a: Clefable|Protect","|move|p2a: Hippowdon|Stealth Rock|p1a: Clefable","|-sidestart|p1: Sabella|move: Stealth Rock","|","|-weather|Sandstorm|[upkeep]","|-damage|p1a: Clefable|16/394 brn|[from] sandstorm","|-heal|p1a: Clefable|40/394 brn|[from] item: Leftovers","|-damage|p1a: Clefable|0 fnt|[from] brn","|faint|p1a: Clefable","|","|switch|p1a: Slowbro|Slowbro, F|393/393","|-damage|p1a: Slowbro|344/393|[from] Stealth Rock","|turn|21","|","|move|p2a: Hippowdon|Toxic|p1a: Slowbro","|-status|p1a: Slowbro|tox","|move|p1a: Slowbro|Calm Mind|p1a: Slowbro","|-boost|p1a: Slowbro|spa|1","|-boost|p1a: Slowbro|spd|1","|","|-weather|Sandstorm|[upkeep]","|-damage|p1a: Slowbro|320/393 tox|[from] sandstorm","|-damage|p1a: Slowbro|296/393 tox|[from] psn","|turn|22","|","|switch|p2a: Excadrill|Excadrill, F|278/361","|move|p1a: Slowbro|Scald|p2a: Excadrill","|-supereffective|p2a: Excadrill","|-damage|p2a: Excadrill|0 fnt","|faint|p2a: Excadrill","|","|-weather|Sandstorm|[upkeep]","|-damage|p1a: Slowbro|272/393 tox|[from] sandstorm","|-damage|p1a: Slowbro|224/393 tox|[from] psn","|","|switch|p2a: Serperior|Serperior, F|171/291 brn","|turn|23","|","|switch|p2a: Hippowdon|Hippowdon, M|274/420","|switch|p1a: Zapdos|Zapdos|91/374","|-damage|p1a: Zapdos|0 fnt|[from] Stealth Rock","|faint|p1a: Zapdos","|","|-weather|Sandstorm|[upkeep]","|","|switch|p1a: Slowbro|Slowbro, F|355/393 tox","|-damage|p1a: Slowbro|306/393 tox|[from] Stealth Rock","|turn|24","|","|switch|p2a: Serperior|Serperior, F|171/291 brn","|detailschange|p1a: Slowbro|Slowbro-Mega, F","|-mega|p1a: Slowbro|Slowbro|Slowbronite","|move|p1a: Slowbro|Scald|p2a: Serperior","|-resisted|p2a: Serperior","|-damage|p2a: Serperior|113/291 brn","|","|-weather|none","|-heal|p2a: Serperior|131/291 brn|[from] item: Leftovers","|-damage|p2a: Serperior|95/291 brn|[from] brn","|-damage|p1a: Slowbro|282/393 tox|[from] psn","|turn|25","|","|switch|p2a: Hippowdon|Hippowdon, M|274/420","|-weather|Sandstorm","|switch|p1a: Heatran|Heatran, F|351/386","|-damage|p1a: Heatran|303/386|[from] Stealth Rock","|","|-weather|Sandstorm|[upkeep]","|-heal|p1a: Heatran|327/386|[from] item: Leftovers","|turn|26","|","|switch|p1a: Gliscor|Gliscor, M|354/354 tox","|-damage|p1a: Gliscor|310/354 tox|[from] Stealth Rock","|move|p2a: Hippowdon|Earthquake|p1a: Gliscor","|-immune|p1a: Gliscor|[msg]","|","|-weather|Sandstorm|[upkeep]","|-heal|p1a: Gliscor|354/354 tox|[from] ability: Poison Heal","|turn|27","|","|switch|p2a: Charizard|Charizard, F|315/315","|move|p1a: Gliscor|Knock Off|p2a: Charizard","|-damage|p2a: Charizard|258/315","|","|-weather|Sandstorm|[upkeep]","|-damage|p2a: Charizard|239/315|[from] sandstorm","|turn|28","|","|switch|p1a: Heatran|Heatran, F|327/386","|-damage|p1a: Heatran|279/386|[from] Stealth Rock","|switch|p2a: Hippowdon|Hippowdon, M|274/420","|","|-weather|Sandstorm|[upkeep]","|-heal|p1a: Heatran|303/386|[from] item: Leftovers","|turn|29","|","|switch|p1a: Gliscor|Gliscor, M|354/354 tox","|-damage|p1a: Gliscor|310/354 tox|[from] Stealth Rock","|move|p2a: Hippowdon|Earthquake|p1a: Gliscor","|-immune|p1a: Gliscor|[msg]","|","|-weather|Sandstorm|[upkeep]","|-heal|p1a: Gliscor|354/354 tox|[from] ability: Poison Heal","|turn|30","|","|switch|p1a: Slowbro|Slowbro-Mega, F|282/393 tox","|-damage|p1a: Slowbro|233/393 tox|[from] Stealth Rock","|move|p2a: Hippowdon|Earthquake|p1a: Slowbro","|-damage|p1a: Slowbro|164/393 tox","|","|-weather|Sandstorm|[upkeep]","|-damage|p1a: Slowbro|140/393 tox|[from] sandstorm","|-damage|p1a: Slowbro|116/393 tox|[from] psn","|turn|31","|","|switch|p2a: Charizard|Charizard, F|239/315","|move|p1a: Slowbro|Slack Off|p1a: Slowbro","|-heal|p1a: Slowbro|313/393 tox","|","|-weather|Sandstorm|[upkeep]","|-damage|p2a: Charizard|220/315|[from] sandstorm","|-damage|p1a: Slowbro|289/393 tox|[from] sandstorm","|-damage|p1a: Slowbro|241/393 tox|[from] psn","|turn|32","|","|switch|p1a: Heatran|Heatran, F|303/386","|-damage|p1a: Heatran|255/386|[from] Stealth Rock","|detailschange|p2a: Charizard|Charizard-Mega-X, F","|-mega|p2a: Charizard|Charizard|Charizardite X","|move|p2a: Charizard|Dragon Dance|p2a: Charizard","|-boost|p2a: Charizard|atk|1","|-boost|p2a: Charizard|spe|1","|","|-weather|none","|-heal|p1a: Heatran|279/386|[from] item: Leftovers","|turn|33","|","|move|p2a: Charizard|Dragon Claw|p1a: Heatran","|-resisted|p1a: Heatran","|-damage|p1a: Heatran|157/386","|move|p1a: Heatran|Toxic|p2a: Charizard","|-status|p2a: Charizard|tox","|","|-heal|p1a: Heatran|181/386|[from] item: Leftovers","|-damage|p2a: Charizard|201/315 tox|[from] psn","|turn|34","|","|move|p2a: Charizard|Dragon Claw|p1a: Heatran","|-resisted|p1a: Heatran","|-damage|p1a: Heatran|53/386","|move|p1a: Heatran|Stealth Rock|p2a: Charizard","|-sidestart|p2: Pk-Kaiser|move: Stealth Rock","|","|-heal|p1a: Heatran|77/386|[from] item: Leftovers","|-damage|p2a: Charizard|163/315 tox|[from] psn","|turn|35","|","|move|p2a: Charizard|Dragon Claw|p1a: Heatran","|-crit|p1a: Heatran","|-resisted|p1a: Heatran","|-damage|p1a: Heatran|0 fnt","|faint|p1a: Heatran","|","|-damage|p2a: Charizard|106/315 tox|[from] psn","|","|switch|p1a: Slowbro|Slowbro-Mega, F|241/393 tox","|-damage|p1a: Slowbro|192/393 tox|[from] Stealth Rock","|turn|36","|","|move|p2a: Charizard|Dragon Claw|p1a: Slowbro","|-damage|p1a: Slowbro|39/393 tox","|move|p1a: Slowbro|Slack Off|p1a: Slowbro","|-heal|p1a: Slowbro|236/393 tox","|","|-damage|p2a: Charizard|30/315 tox|[from] psn","|-damage|p1a: Slowbro|212/393 tox|[from] psn","|turn|37","|","|move|p2a: Charizard|Roost|p2a: Charizard","|-heal|p2a: Charizard|188/315 tox","|move|p1a: Slowbro|Slack Off|p1a: Slowbro","|-heal|p1a: Slowbro|393/393 tox","|","|-damage|p2a: Charizard|93/315 tox|[from] psn","|-damage|p1a: Slowbro|345/393 tox|[from] psn","|turn|38","|","|move|p2a: Charizard|Roost|p2a: Charizard","|-heal|p2a: Charizard|251/315 tox","|move|p1a: Slowbro|Slack Off|p1a: Slowbro","|-heal|p1a: Slowbro|393/393 tox","|","|-damage|p2a: Charizard|137/315 tox|[from] psn","|-damage|p1a: Slowbro|321/393 tox|[from] psn","|turn|39","|","|move|p2a: Charizard|Dragon Claw|p1a: Slowbro","|-damage|p1a: Slowbro|182/393 tox","|move|p1a: Slowbro|Scald|p2a: Charizard","|-damage|p2a: Charizard|0 fnt","|faint|p2a: Charizard","|","|-damage|p1a: Slowbro|86/393 tox|[from] psn","|","|switch|p2a: Serperior|Serperior, F|95/291 brn","|-damage|p2a: Serperior|59/291 brn|[from] Stealth Rock","|turn|40","|","|switch|p1a: Goodra|Goodra, F|328/374","|-damage|p1a: Goodra|282/374|[from] Stealth Rock","|move|p2a: Serperior|Leaf Storm|p1a: Goodra","|-boost|p1a: Goodra|atk|1|[from] ability: Sap Sipper","|","|-heal|p2a: Serperior|77/291 brn|[from] item: Leftovers","|-damage|p2a: Serperior|41/291 brn|[from] brn","|turn|41","|","|move|p2a: Serperior|Hidden Power|p1a: Goodra","|-resisted|p1a: Goodra","|-damage|p1a: Goodra|271/374","|move|p1a: Goodra|Dragon Pulse|p2a: Serperior","|-damage|p2a: Serperior|0 fnt","|faint|p2a: Serperior","|","|","|switch|p2a: Hippowdon|Hippowdon, M|274/420","|-damage|p2a: Hippowdon|248/420|[from] Stealth Rock","|-weather|Sandstorm","|turn|42","|","|move|p1a: Goodra|Dragon Pulse|p2a: Hippowdon","|-damage|p2a: Hippowdon|85/420","|move|p2a: Hippowdon|Slack Off|p2a: Hippowdon","|-heal|p2a: Hippowdon|295/420","|","|-weather|Sandstorm|[upkeep]","|-damage|p1a: Goodra|248/374|[from] sandstorm","|turn|43","|","|move|p1a: Goodra|Dragon Pulse|p2a: Hippowdon","|-damage|p2a: Hippowdon|126/420","|move|p2a: Hippowdon|Slack Off|p2a: Hippowdon","|-heal|p2a: Hippowdon|336/420","|","|-weather|Sandstorm|[upkeep]","|-damage|p1a: Goodra|225/374|[from] sandstorm","|turn|44","|","|move|p1a: Goodra|Dragon Pulse|p2a: Hippowdon","|-damage|p2a: Hippowdon|173/420","|move|p2a: Hippowdon|Slack Off|p2a: Hippowdon","|-heal|p2a: Hippowdon|383/420","|","|-weather|Sandstorm|[upkeep]","|-damage|p1a: Goodra|202/374|[from] sandstorm","|turn|45","|","|move|p1a: Goodra|Dragon Pulse|p2a: Hippowdon","|-damage|p2a: Hippowdon|223/420","|move|p2a: Hippowdon|Earthquake|p1a: Goodra","|-crit|p1a: Goodra","|-damage|p1a: Goodra|0 fnt","|faint|p1a: Goodra","|","|-weather|Sandstorm|[upkeep]","|","|switch|p1a: Slowbro|Slowbro-Mega, F|86/393 tox","|-damage|p1a: Slowbro|37/393 tox|[from] Stealth Rock","|turn|46","|","|move|p2a: Hippowdon|Earthquake|p1a: Slowbro","|-damage|p1a: Slowbro|0 fnt","|faint|p1a: Slowbro","|","|-weather|Sandstorm|[upkeep]","|","|switch|p1a: Gliscor|Gliscor, M|354/354 tox","|-damage|p1a: Gliscor|310/354 tox|[from] Stealth Rock","|turn|47","|","|move|p1a: Gliscor|Earthquake|p2a: Hippowdon","|-damage|p2a: Hippowdon|136/420","|move|p2a: Hippowdon|Slack Off|p2a: Hippowdon","|-heal|p2a: Hippowdon|346/420","|","|-weather|Sandstorm|[upkeep]","|-heal|p1a: Gliscor|354/354 tox|[from] ability: Poison Heal","|turn|48","|","|move|p1a: Gliscor|Earthquake|p2a: Hippowdon","|-damage|p2a: Hippowdon|270/420","|move|p2a: Hippowdon|Toxic|p1a: Gliscor","|-fail|p1a: Gliscor|tox","|","|-weather|Sandstorm|[upkeep]","|turn|49","|","|win|Pk-Kaiser"],"p1rating":{"entryid":810736,"formatid":"ou","userid":"sabella","username":"Sabella","r":1500,"rd":130,"sigma":0,"rpr":1459.8393856612,"rprd":122.8583080769,"rpsigma":0,"rptime":1441270800,"w":0,"l":1,"t":0,"gxe":45,"acre":1000,"lacre":1000,"oldacre":1000},"p2rating":{"entryid":810737,"formatid":"ou","userid":"pkkaiser","username":"Pk-Kaiser","r":1500,"rd":130,"sigma":0,"rpr":1540.1606143388,"rprd":122.8583080769,"rpsigma":0,"rptime":1441270800,"w":1,"l":0,"t":0,"gxe":55,"acre":1040,"lacre":1040,"oldacre":1000},"endType":"forfeit"}