{"seed":[63771,4661,56970,40285],"turns":21,"p1":"iCool43","p2":"Neowulf","p1team":[{"name":"Gardevoir","species":"Gardevoir","item":"gardevoirite","ability":"Synchronize","moves":["hypervoice","calmmind","psyshock","hiddenpowerground"],"nature":"Timid","evs":{"hp":0,"atk":0,"def":0,"spa":252,"spd":4,"spe":252},"ivs":{"hp":31,"atk":31,"def":31,"spa":30,"spd":30,"spe":31}},{"name":"Bisharp","species":"Bisharp","item":"lifeorb","ability":"Defiant","moves":["suckerpunch","ironhead","swordsdance","psychocut"],"nature":"Jolly","evs":{"hp":0,"atk":252,"def":0,"spa":0,"spd":4,"spe":252},"ivs":{"hp":31,"atk":31,"def":31,"spa":31,"spd":31,"spe":31}},{"name":"Haxorus","species":"Haxorus","item":"yacheberry","ability":"Mold Breaker","moves":["dragonclaw","dragondance","earthquake","irontail"],"nature":"Adamant","evs":{"hp":0,"atk":252,"def":0,"spa":0,"spd":36,"spe":220},"ivs":{"hp":31,"atk":31,"def":31,"spa":31,"spd":31,"spe":31}},{"name":"Landorus-Therian","species":"Landorus-Therian","item":"choicescarf","ability":"Intimidate","moves":["uturn","earthquake","knockoff","rockslide"],"nature":"Jolly","evs":{"hp":0,"atk":252,"def":0,"spa":0,"spd":4,"spe":252},"ivs":{"hp":31,"atk":31,"def":31,"spa":31,"spd":31,"spe":31}},{"name":"Heatran","species":"Heatran","item":"airballoon","ability":"Flash Fire","moves":["earthpower","eruption","lavaplume","flashcannon"],"nature":"Quiet","evs":{"hp":248,"atk":0,"def":0,"spa":252,"spd":8,"spe":0},"ivs":{"hp":31,"atk":31,"def":31,"spa":31,"spd":31,"spe":31}},{"name":"Serperior","species":"Serperior","item":"leftovers","ability":"Contrary","moves":["leafstorm","dragonpulse","leechseed","hiddenpowerfire"],"nature":"Timid","evs":{"hp":0,"atk":0,"def":0,"spa":252,"spd":4,"spe":252},"ivs":{"hp":31,"atk":30,"def":31,"spa":30,"spd":31,"spe":30}}],"p2team":[{"name":"MrJamvad","species":"alakazam","item":"alakazite","ability":"Magic Guard","moves":["psychic","focusblast","shadowball","encore"],"nature":"Timid","evs":{"hp":0,"atk":0,"def":4,"spa":252,"spd":0,"spe":252},"ivs":{"hp":31,"atk":0,"def":31,"spa":31,"spd":31,"spe":31}},{"name":"Sup","species":"hippowdon","item":"leftovers","ability":"Sand Stream","moves":["earthquake","stealthrock","slackoff","firefang"],"nature":"Impish","evs":{"hp":252,"atk":0,"def":144,"spa":0,"spd":112,"spe":0},"ivs":{"hp":31,"atk":31,"def":31,"spa":31,"spd":31,"spe":31}},{"name":"Tickle me","species":"ferrothorn","item":"leftovers","ability":"Iron Barbs","moves":["gyroball","leechseed","thunderwave","spikes"],"nature":"Relaxed","evs":{"hp":252,"atk":0,"def":88,"spa":0,"spd":168,"spe":0},"ivs":{"hp":31,"atk":31,"def":31,"spa":31,"spd":31,"spe":0}},{"name":"Drop a d pulse xD","species":"dragalge","item":"blacksludge","ability":"Adaptability","moves":["dracometeor","sludgewave","toxicspikes","hiddenpowerfire"],"nature":"Modest","evs":{"hp":228,"atk":0,"def":0,"spa":252,"spd":0,"spe":28},"ivs":{"hp":31,"atk":0,"def":31,"spa":30,"spd":31,"spe":30}},{"name":"Sky King","species":"hawlucha","item":"sitrusberry","ability":"Unburden","moves":["substitute","swordsdance","highjumpkick","acrobatics"],"nature":"Jolly","evs":{"hp":12,"atk":252,"def":0,"spa":0,"spd":0,"spe":244},"ivs":{"hp":31,"atk":31,"def":31,"spa":31,"spd":31,"spe":31}},{"name":"walls LOL","species":"azumarill","item":"choiceband","ability":"Huge Power","moves":["playrough","aquajet","waterfall","superpower"],"nature":"Adamant","evs":{"hp":172,"atk":252,"def":0,"spa":0,"spd":0,"spe":84},"ivs":{"hp":31,"atk":31,"def":31,"spa":31,"spd":31,"spe":31}}],"log":["|player|p1|iCool43|1","|player|p2|Neowulf|80","|gametype|singles","|gen|6","|tier|OU","|rated","|clearpoke","|poke|p1|Gardevoir, F","|poke|p1|Bisharp, F","|poke|p1|Haxorus, F","|poke|p1|Landorus-Therian, M","|poke|p1|Heatran, F","|poke|p1|Serperior, F","|poke|p2|Alakazam, F","|poke|p2|Hippowdon, F","|poke|p2|Ferrothorn, M","|poke|p2|Dragalge, M","|poke|p2|Hawlucha, F","|poke|p2|Azumarill, F","|rule|Swagger Clause: Swagger is banned","|rule|Baton Pass Clause: Limit one Baton Passer, can't pass Spe and other stats simultaneously","|rule|Sleep Clause Mod: Limit one foe put to sleep","|rule|Species Clause: Limit one of each Pokémon","|rule|OHKO Clause: OHKO moves are banned","|rule|Moody Clause: Moody is banned","|rule|Evasion Moves Clause: Evasion moves are banned","|rule|Endless Battle Clause: Forcing endless battles is banned","|rule|HP Percentage Mod: HP is shown in percentages","|teampreview","|","|start","|switch|p1a: Haxorus|Haxorus, F|293/293","|switch|p2a: MrJamvad|Alakazam, F|251/251","|-ability|p1a: Haxorus|Mold Breaker","|turn|1","|","|detailschange|p2a: MrJamvad|Alakazam-Mega, F","|-mega|p2a: MrJamvad|Alakazam|Alakazite","|-ability|p2a: MrJamvad|Mold Breaker|[from] ability: Trace|[of] p1a: Haxorus","|-ability|p2a: MrJamvad|Mold Breaker","|move|p2a: MrJamvad|Psychic|p1a: Haxorus","|-damage|p1a: Haxorus|53/293","|-unboost|p1a: Haxorus|spd|1","|move|p1a: Haxorus|Dragon Dance|p1a: Haxorus","|-boost|p1a: Haxorus|atk|1","|-boost|p1a: Haxorus|spe|1","|","|turn|2","|","|switch|p2a: Tickle me|Ferrothorn, M|352/352","|move|p1a: Haxorus|Dragon Claw|p2a: Tickle me","|-resisted|p2a: Tickle me","|-damage|p2a: Tickle me|269/352","|-damage|p1a: Haxorus|17/293|[from] ability: Iron Barbs|[of] p2a: Tickle me","|","|-heal|p2a: Tickle me|291/352|[from] item: Leftovers","|turn|3","|","|move|p1a: Haxorus|Earthquake|p2a: Tickle me","|-damage|p2a: Tickle me|156/352","|move|p2a: Tickle me|Spikes|p1a: Haxorus","|-sidestart|p1: iCool43|Spikes","|","|-heal|p2a: Tickle me|178/352|[from] item: Leftovers","|turn|4","|","|move|p1a: Haxorus|Earthquake|p2a: Tickle me","|-damage|p2a: Tickle me|22/352","|move|p2a: Tickle me|Spikes|p1a: Haxorus","|-sidestart|p1: iCool43|Spikes","|","|-heal|p2a: Tickle me|44/352|[from] item: Leftovers","|turn|5","|","|move|p1a: Haxorus|Dragon Claw|p2a: Tickle me","|-resisted|p2a: Tickle me","|-damage|p2a: Tickle me|0 fnt","|-damage|p1a: Haxorus|0 fnt|[from] ability: Iron Barbs|[of] p2a: Tickle me","|faint|p1a: Haxorus","|faint|p2a: Tickle me","|","|","|switch|p1a: Landorus-Therian|Landorus-Therian, M|319/319","|switch|p2a: Sup|Hippowdon, F|420/420","|-ability|p1a: Landorus-Therian|Intimidate","|-unboost|p2a: Sup|atk|1","|-weather|Sandstorm","|turn|6","|","|move|p1a: Landorus-Therian|Knock Off|p2a: Sup","|-damage|p2a: Sup|340/420","|-enditem|p2a: Sup|Leftovers|[from] move: Knock Off|[of] p1a: Landorus-Therian","|move|p2a: Sup|Stealth Rock|p1a: Landorus-Therian","|-sidestart|p1: iCool43|move: Stealth Rock","|","|-weather|Sandstorm|[upkeep]","|turn|7","|","|switch|p1a: Serperior|Serperior, F|291/291","|-damage|p1a: Serperior|255/291|[from] Stealth Rock","|-damage|p1a: Serperior|207/291|[from] Spikes","|move|p2a: Sup|Slack Off|p2a: Sup","|-heal|p2a: Sup|420/420","|","|-weather|Sandstorm|[upkeep]","|-damage|p1a: Serperior|189/291|[from] sandstorm","|-heal|p1a: Serperior|207/291|[from] item: Leftovers","|turn|8","|","|switch|p2a: Sky King|Hawlucha, F|300/300","|move|p1a: Serperior|Leaf Storm|p2a: Sky King","|-resisted|p2a: Sky King","|-damage|p2a: Sky King|178/300","|-boost|p1a: Serperior|spa|2","|","|-weather|Sandstorm|[upkeep]","|-damage|p2a: Sky King|160/300|[from] sandstorm","|-damage|p1a: Serperior|189/291|[from] sandstorm","|-heal|p1a: Serperior|207/291|[from] item: Leftovers","|turn|9","|","|move|p2a: Sky King|Acrobatics|p1a: Serperior","|-supereffective|p1a: Serperior","|-damage|p1a: Serperior|51/291","|move|p1a: Serperior|Leaf Storm|p2a: Sky King","|-resisted|p2a: Sky King","|-damage|p2a: Sky King|0 fnt","|-boost|p1a: Serperior|spa|2","|faint|p2a: Sky King","|","|-weather|Sandstorm|[upkeep]","|-damage|p1a: Serperior|33/291|[from] sandstorm","|-heal|p1a: Serperior|51/291|[from] item: Leftovers","|","|switch|p2a: MrJamvad|Alakazam-Mega, F|251/251","|-ability|p2a: MrJamvad|Contrary|[from] ability: Trace|[of] p1a: Serperior","|turn|10","|","|move|p2a: MrJamvad|Shadow Ball|p1a: Serperior","|-damage|p1a: Serperior|0 fnt","|faint|p1a: Serperior","|","|-weather|none","|","|switch|p1a: Bisharp|Bisharp, F|271/271","|-damage|p1a: Bisharp|226/271|[from] Spikes","|-damage|p1a: Bisharp|210/271|[from] Stealth Rock","|turn|11","|","|switch|p2a: Sup|Hippowdon, F|420/420","|-weather|Sandstorm","|move|p1a: Bisharp|Swords Dance|p1a: Bisharp","|-boost|p1a: Bisharp|atk|2","|","|-weather|Sandstorm|[upkeep]","|turn|12","|","|move|p1a: Bisharp|Sucker Punch|p2a: Sup","|-damage|p2a: Sup|173/420","|-damage|p1a: Bisharp|183/271|[from] item: Life Orb","|move|p2a: Sup|Earthquake|p1a: Bisharp","|-supereffective|p1a: Bisharp","|-damage|p1a: Bisharp|0 fnt","|faint|p1a: Bisharp","|","|-weather|Sandstorm|[upkeep]","|","|switch|p1a: Landorus-Therian|Landorus-Therian, M|319/319","|-damage|p1a: Landorus-Therian|280/319|[from] Stealth Rock","|-ability|p1a: Landorus-Therian|Intimidate","|-unboost|p2a: Sup|atk|1","|turn|13","|","|move|p1a: Landorus-Therian|Earthquake|p2a: Sup","|-damage|p2a: Sup|26/420","|move|p2a: Sup|Slack Off|p2a: Sup","|-heal|p2a: Sup|236/420","|","|-weather|Sandstorm|[upkeep]","|turn|14","|","|move|p1a: Landorus-Therian|Earthquake|p2a: Sup","|-damage|p2a: Sup|92/420","|move|p2a: Sup|Slack Off|p2a: Sup","|-heal|p2a: Sup|302/420","|","|-weather|Sandstorm|[upkeep]","|turn|15","|","|switch|p1a: Gardevoir|Gardevoir, F|277/277","|-damage|p1a: Gardevoir|231/277|[from] Spikes","|-damage|p1a: Gardevoir|197/277|[from] Stealth Rock","|move|p2a: Sup|Slack Off|p2a: Sup","|-heal|p2a: Sup|420/420","|","|-weather|none","|turn|16","|","|switch|p2a: Drop a d pulse xD|Dragalge, M|328/328","|detailschange|p1a: Gardevoir|Gardevoir-Mega, F","|-mega|p1a: Gardevoir|Gardevoir|Gardevoirite","|move|p1a: Gardevoir|Calm Mind|p1a: Gardevoir","|-boost|p1a: Gardevoir|spa|1","|-boost|p1a: Gardevoir|spd|1","|","|turn|17","|","|move|p1a: Gardevoir|Psyshock|p2a: Drop a d pulse xD","|-supereffective|p2a: Drop a d pulse xD","|-damage|p2a: Drop a d pulse xD|0 fnt","|faint|p2a: Drop a d pulse xD","|","|","|switch|p2a: walls LOL|Azumarill, F|384/384","|turn|18","|","|move|p2a: walls LOL|Aqua Jet|p1a: Gardevoir","|-damage|p1a: Gardevoir|25/277","|move|p1a: Gardevoir|Hyper Voice|p2a: walls LOL","|-damage|p2a: walls LOL|0 fnt","|faint|p2a: walls LOL","|","|","|switch|p2a: MrJamvad|Alakazam-Mega, F|251/251","|-ability|p2a: MrJamvad|Pixilate|[from] ability: Trace|[of] p1a: Gardevoir","|turn|19","|","|move|p2a: MrJamvad|Shadow Ball|p1a: Gardevoir","|-supereffective|p1a: Gardevoir","|-damage|p1a: Gardevoir|0 fnt","|faint|p1a: Gardevoir","|","|","|switch|p1a: Heatran|Heatran, F|385/385","|-damage|p1a: Heatran|337/385|[from] Stealth Rock","|-item|p1a: Heatran|Air Balloon","|turn|20","|","|move|p2a: MrJamvad|Focus Blast|p1a: Heatran|[miss]","|-miss|p2a: MrJamvad|p1a: Heatran","|move|p1a: Heatran|Eruption|p2a: MrJamvad","|-damage|p2a: MrJamvad|0 fnt","|faint|p2a: MrJamvad","|","|","|switch|p2a: Sup|Hippowdon, F|420/420","|-weather|Sandstorm","|turn|21","|","|win|iCool43"],"p1rating":{"entryid":801268,"formatid":"ou","userid":"icool43","username":"iCool43","r":1500,"rd":130,"sigma":0,"rpr":1556.0257735596,"rprd":123.329209634,"rpsigma":0,"rptime":1441270800,"w":1,"l":0,"t":0,"gxe":57,"acre":1054.3035952566,"lacre":1054.3035952566,"oldacre":1000},"p2rating":{"entryid":"666555","serverid":"eos","formatid":"ou","userid":"neowulf","username":"N+e+o+w+u+l+f","w":"5","l":1,"t":"0","gxe":62.1,"r":"1632.5011283755","rd":"103.63976607079","sigma":"0","rptime":"1441270800","rpr":1596.657697176,"rprd":100.31807594878,"rpsigma":"0","acre":1096.0427407602,"lacre":1096.0427407602,"oldacre":"1129.9824877955"},"endType":"forfeit"}