{"seed":[26421,52815,12725,16923],"turns":47,"p1":"Apex✦Emil","p2":"Gary Fudgin Oak","p1team":[{"name":"Let's play a game","species":"sableye","item":"sablenite","ability":"Prankster","moves":["calmmind","recover","willowisp","darkpulse"],"nature":"Calm","evs":{"hp":252,"atk":0,"def":148,"spa":0,"spd":108,"spe":0},"gender":"F","shiny":true,"ivs":{"hp":31,"atk":31,"def":31,"spa":31,"spd":31,"spe":31}},{"name":"Fairy Gengar","species":"clefable","item":"leftovers","ability":"Magic Guard","moves":["cosmicpower","rest","moonblast","protect"],"nature":"Bold","evs":{"hp":252,"atk":0,"def":152,"spa":0,"spd":104,"spe":0},"gender":"F","shiny":true,"ivs":{"hp":31,"atk":31,"def":31,"spa":31,"spd":31,"spe":31}},{"name":"Master Ball","species":"amoonguss","item":"blacksludge","ability":"Effect Spore","moves":["spore","synthesis","gigadrain","sludgebomb"],"nature":"Bold","evs":{"hp":252,"atk":0,"def":128,"spa":0,"spd":128,"spe":0},"gender":"M","shiny":true,"ivs":{"hp":31,"atk":31,"def":31,"spa":31,"spd":31,"spe":31}},{"name":"Little Hamster","species":"hippowdon","item":"leftovers","ability":"Sand Stream","moves":["protect","slackoff","whirlwind","stealthrock"],"nature":"Careful","evs":{"hp":252,"atk":0,"def":4,"spa":0,"spd":252,"spe":0},"gender":"F","shiny":true,"ivs":{"hp":31,"atk":31,"def":31,"spa":31,"spd":31,"spe":31}},{"name":"Garchomp","species":"Garchomp","item":"choiceband","ability":"Sand Veil","moves":["outrage","earthquake","stoneedge","crunch"],"nature":"Jolly","evs":{"hp":0,"atk":252,"def":0,"spa":0,"spd":4,"spe":252},"gender":"M","shiny":true,"ivs":{"hp":31,"atk":31,"def":31,"spa":31,"spd":31,"spe":31}},{"name":"Second Doge","species":"landorustherian","item":"choicescarf","ability":"Intimidate","moves":["earthquake","rockslide","outrage","uturn"],"nature":"Adamant","evs":{"hp":0,"atk":252,"def":0,"spa":0,"spd":4,"spe":252},"shiny":true,"ivs":{"hp":31,"atk":31,"def":31,"spa":31,"spd":31,"spe":31}}],"p2team":[{"name":"FuzzyOak","species":"arcanine","item":"assaultvest","ability":"Intimidate","moves":["flareblitz","wildcharge","ironhead","extremespeed"],"nature":"Adamant","evs":{"hp":252,"atk":252,"def":0,"spa":0,"spd":0,"spe":4},"shiny":true,"ivs":{"hp":31,"atk":31,"def":31,"spa":31,"spd":31,"spe":31}},{"name":"UglyOak","species":"blastoise","item":"blastoisinite","ability":"Torrent","moves":["waterpulse","aurasphere","darkpulse","icebeam"],"nature":"Modest","evs":{"hp":248,"atk":0,"def":0,"spa":252,"spd":8,"spe":0},"shiny":true,"ivs":{"hp":31,"atk":31,"def":31,"spa":31,"spd":31,"spe":31}},{"name":"Godly Oak","species":"pidgeot","item":"lifeorb","ability":"Tangled Feet","moves":["tailwind","hurricane","heatwave","hyperbeam"],"nature":"Modest","evs":{"hp":252,"atk":0,"def":0,"spa":252,"spd":0,"spe":0},"shiny":true,"ivs":{"hp":31,"atk":31,"def":31,"spa":31,"spd":31,"spe":31}},{"name":"SexyOak","species":"alakazam","item":"focussash","ability":"Magic Guard","moves":["calmmind","recover","psychic","focusblast"],"nature":"Timid","evs":{"hp":248,"atk":0,"def":0,"spa":0,"spd":88,"spe":172},"shiny":true,"ivs":{"hp":31,"atk":31,"def":31,"spa":31,"spd":31,"spe":31}},{"name":"TrippyOak","species":"exeggutor","item":"sitrusberry","ability":"Chlorophyll","moves":["solarbeam","psyshock","sunnyday","leechseed"],"nature":"Modest","evs":{"hp":212,"atk":0,"def":0,"spa":44,"spd":252,"spe":0},"shiny":true,"ivs":{"hp":31,"atk":31,"def":31,"spa":31,"spd":31,"spe":31}},{"name":"HornyOak","species":"rhydon","item":"eviolite","ability":"Lightning Rod","moves":["swordsdance","avalanche","stoneedge","earthquake"],"nature":"Impish","evs":{"hp":252,"atk":14,"def":244,"spa":0,"spd":0,"spe":0},"shiny":true,"ivs":{"hp":31,"atk":31,"def":31,"spa":31,"spd":31,"spe":31}}],"log":["|player|p1|Apex✦Emil|267","|player|p2|Gary Fudgin Oak|161","|gametype|singles","|gen|6","|tier|OU","|rated","|clearpoke","|poke|p1|Sableye, F, shiny","|poke|p1|Clefable, F, shiny","|poke|p1|Amoonguss, M, shiny","|poke|p1|Hippowdon, F, shiny","|poke|p1|Garchomp, M, shiny","|poke|p1|Landorus-Therian, M, shiny","|poke|p2|Arcanine, F, shiny","|poke|p2|Blastoise, F, shiny","|poke|p2|Pidgeot, M, shiny","|poke|p2|Alakazam, M, shiny","|poke|p2|Exeggutor, M, shiny","|poke|p2|Rhydon, F, shiny","|rule|Swagger Clause: Swagger is banned","|rule|Baton Pass Clause: Limit one Baton Passer, can't pass Spe and other stats simultaneously","|rule|Sleep Clause Mod: Limit one foe put to sleep","|rule|Species Clause: Limit one of each Pokémon","|rule|OHKO Clause: OHKO moves are banned","|rule|Moody Clause: Moody is banned","|rule|Evasion Moves Clause: Evasion moves are banned","|rule|Endless Battle Clause: Forcing endless battles is banned","|rule|HP Percentage Mod: HP is shown in percentages","|teampreview","|","|start","|switch|p1a: Garchomp|Garchomp, M, shiny|357/357","|switch|p2a: Godly Oak|Pidgeot, M, shiny|370/370","|turn|1","|","|move|p1a: Garchomp|Outrage|p2a: Godly Oak","|-damage|p2a: Godly Oak|0 fnt","|faint|p2a: Godly Oak","|","|","|switch|p2a: HornyOak|Rhydon, F, shiny|414/414","|turn|2","|","|move|p1a: Garchomp|Outrage|p2a: HornyOak|[from]lockedmove","|-damage|p2a: HornyOak|267/414","|move|p2a: HornyOak|Avalanche|p1a: Garchomp","|-supereffective|p1a: Garchomp","|-damage|p1a: Garchomp|0 fnt","|faint|p1a: Garchomp","|","|","|switch|p1a: Little Hamster|Hippowdon, F, shiny|420/420","|-weather|Sandstorm","|turn|3","|","|switch|p2a: TrippyOak|Exeggutor, M, shiny|384/384","|move|p1a: Little Hamster|Stealth Rock|p2a: TrippyOak","|-sidestart|p2: Gary Fudgin Oak|move: Stealth Rock","|","|-weather|Sandstorm|[upkeep]","|-damage|p2a: TrippyOak|360/384|[from] sandstorm","|turn|4","|","|move|p2a: TrippyOak|Sunny Day|p2a: TrippyOak","|-weather|SunnyDay","|move|p1a: Little Hamster|Whirlwind|p2a: TrippyOak","|drag|p2a: SexyOak|Alakazam, M, shiny|313/313","|","|-weather|SunnyDay|[upkeep]","|turn|5","|","|move|p2a: SexyOak|Calm Mind|p2a: SexyOak","|-boost|p2a: SexyOak|spa|1","|-boost|p2a: SexyOak|spd|1","|move|p1a: Little Hamster|Whirlwind|p2a: SexyOak","|drag|p2a: TrippyOak|Exeggutor, M, shiny|360/384","|-damage|p2a: TrippyOak|312/384|[from] Stealth Rock","|","|-weather|SunnyDay|[upkeep]","|turn|6","|","|move|p2a: TrippyOak|Solar Beam|p1a: Little Hamster|[still]","|-prepare|p2a: TrippyOak|Solar Beam|p1a: Little Hamster","|-anim|p2a: TrippyOak|Solar Beam|p1a: Little Hamster","|-supereffective|p1a: Little Hamster","|-damage|p1a: Little Hamster|102/420","|move|p1a: Little Hamster|Whirlwind|p2a: TrippyOak","|drag|p2a: UglyOak|Blastoise, F, shiny|361/361","|-damage|p2a: UglyOak|316/361|[from] Stealth Rock","|","|-weather|SunnyDay|[upkeep]","|-heal|p1a: Little Hamster|128/420|[from] item: Leftovers","|turn|7","|","|detailschange|p2a: UglyOak|Blastoise-Mega, F, shiny","|-mega|p2a: UglyOak|Blastoise|Blastoisinite","|move|p2a: UglyOak|Ice Beam|p1a: Little Hamster","|-supereffective|p1a: Little Hamster","|-damage|p1a: Little Hamster|0 fnt","|faint|p1a: Little Hamster","|","|-weather|SunnyDay|[upkeep]","|","|switch|p1a: Let's play a game|Sableye, F, shiny|304/304","|turn|8","|","|switch|p2a: FuzzyOak|Arcanine, F, shiny|384/384","|-damage|p2a: FuzzyOak|288/384|[from] Stealth Rock","|-ability|p2a: FuzzyOak|Intimidate","|-unboost|p1a: Let's play a game|atk|1","|detailschange|p1a: Let's play a game|Sableye-Mega, F, shiny","|-mega|p1a: Let's play a game|Sableye|Sablenite","|move|p1a: Let's play a game|Calm Mind|p1a: Let's play a game","|-boost|p1a: Let's play a game|spa|1","|-boost|p1a: Let's play a game|spd|1","|","|-weather|none","|turn|9","|","|switch|p2a: HornyOak|Rhydon, F, shiny|267/414","|-damage|p2a: HornyOak|242/414|[from] Stealth Rock","|move|p1a: Let's play a game|Calm Mind|p1a: Let's play a game","|-boost|p1a: Let's play a game|spa|1","|-boost|p1a: Let's play a game|spd|1","|","|turn|10","|","|move|p2a: HornyOak|Swords Dance|p2a: HornyOak","|-boost|p2a: HornyOak|atk|2","|move|p1a: Let's play a game|Will-O-Wisp|p2a: HornyOak|[miss]","|-miss|p1a: Let's play a game|p2a: HornyOak","|","|turn|11","|","|move|p2a: HornyOak|Stone Edge|p1a: Let's play a game","|-damage|p1a: Let's play a game|97/304","|move|p1a: Let's play a game|Will-O-Wisp|p2a: HornyOak","|-status|p2a: HornyOak|brn","|","|-damage|p2a: HornyOak|191/414 brn|[from] brn","|turn|12","|","|move|p2a: HornyOak|Earthquake|p1a: Let's play a game","|-damage|p1a: Let's play a game|0 fnt","|faint|p1a: Let's play a game","|","|-damage|p2a: HornyOak|140/414 brn|[from] brn","|","|switch|p1a: Fairy Gengar|Clefable, F, shiny|394/394","|turn|13","|","|move|p1a: Fairy Gengar|Cosmic Power|p1a: Fairy Gengar","|-boost|p1a: Fairy Gengar|def|1","|-boost|p1a: Fairy Gengar|spd|1","|move|p2a: HornyOak|Stone Edge|p1a: Fairy Gengar","|-damage|p1a: Fairy Gengar|297/394","|","|-heal|p1a: Fairy Gengar|321/394|[from] item: Leftovers","|-damage|p2a: HornyOak|89/414 brn|[from] brn","|turn|14","|","|switch|p2a: TrippyOak|Exeggutor, M, shiny|312/384","|-damage|p2a: TrippyOak|264/384|[from] Stealth Rock","|move|p1a: Fairy Gengar|Cosmic Power|p1a: Fairy Gengar","|-boost|p1a: Fairy Gengar|def|1","|-boost|p1a: Fairy Gengar|spd|1","|","|-heal|p1a: Fairy Gengar|345/394|[from] item: Leftovers","|turn|15","|","|move|p1a: Fairy Gengar|Moonblast|p2a: TrippyOak","|-damage|p2a: TrippyOak|156/384","|-unboost|p2a: TrippyOak|spa|1","|-enditem|p2a: TrippyOak|Sitrus Berry|[eat]","|-heal|p2a: TrippyOak|252/384|[from] item: Sitrus Berry","|move|p2a: TrippyOak|Sunny Day|p2a: TrippyOak","|-weather|SunnyDay","|","|-weather|SunnyDay|[upkeep]","|-heal|p1a: Fairy Gengar|369/394|[from] item: Leftovers","|turn|16","|","|move|p2a: TrippyOak|Leech Seed|p1a: Fairy Gengar","|-start|p1a: Fairy Gengar|move: Leech Seed","|move|p1a: Fairy Gengar|Cosmic Power|p1a: Fairy Gengar","|-boost|p1a: Fairy Gengar|def|1","|-boost|p1a: Fairy Gengar|spd|1","|","|-weather|SunnyDay|[upkeep]","|-heal|p1a: Fairy Gengar|393/394|[from] item: Leftovers","|turn|17","|","|switch|p2a: FuzzyOak|Arcanine, F, shiny|288/384","|-damage|p2a: FuzzyOak|192/384|[from] Stealth Rock","|-ability|p2a: FuzzyOak|Intimidate","|-unboost|p1a: Fairy Gengar|atk|1","|move|p1a: Fairy Gengar|Cosmic Power|p1a: Fairy Gengar","|-boost|p1a: Fairy Gengar|def|1","|-boost|p1a: Fairy Gengar|spd|1","|","|-weather|SunnyDay|[upkeep]","|-heal|p1a: Fairy Gengar|394/394|[from] item: Leftovers","|turn|18","|","|move|p2a: FuzzyOak|Flare Blitz|p1a: Fairy Gengar","|-damage|p1a: Fairy Gengar|292/394","|-damage|p2a: FuzzyOak|158/384|[from] recoil|[of] p1a: Fairy Gengar","|move|p1a: Fairy Gengar|Cosmic Power|p1a: Fairy Gengar","|-boost|p1a: Fairy Gengar|def|1","|-boost|p1a: Fairy Gengar|spd|1","|","|-weather|SunnyDay|[upkeep]","|-heal|p1a: Fairy Gengar|316/394|[from] item: Leftovers","|turn|19","|","|move|p2a: FuzzyOak|Iron Head|p1a: Fairy Gengar","|-supereffective|p1a: Fairy Gengar","|-damage|p1a: Fairy Gengar|260/394","|cant|p1a: Fairy Gengar|flinch","|","|-weather|none","|-heal|p1a: Fairy Gengar|284/394|[from] item: Leftovers","|turn|20","|","|move|p2a: FuzzyOak|Iron Head|p1a: Fairy Gengar","|-supereffective|p1a: Fairy Gengar","|-damage|p1a: Fairy Gengar|228/394","|move|p1a: Fairy Gengar|Cosmic Power|p1a: Fairy Gengar","|-boost|p1a: Fairy Gengar|def|1","|-boost|p1a: Fairy Gengar|spd|1","|","|-heal|p1a: Fairy Gengar|252/394|[from] item: Leftovers","|turn|21","|","|move|p2a: FuzzyOak|Flare Blitz|p1a: Fairy Gengar","|-damage|p1a: Fairy Gengar|198/394","|-damage|p2a: FuzzyOak|140/384|[from] recoil|[of] p1a: Fairy Gengar","|move|p1a: Fairy Gengar|Rest|p1a: Fairy Gengar","|-status|p1a: Fairy Gengar|slp","|-heal|p1a: Fairy Gengar|394/394 slp|[silent]","|-status|p1a: Fairy Gengar|slp|[from] move: Rest","|","|turn|22","|","|move|p2a: FuzzyOak|Iron Head|p1a: Fairy Gengar","|-supereffective|p1a: Fairy Gengar","|-damage|p1a: Fairy Gengar|348/394 slp","|cant|p1a: Fairy Gengar|slp","|","|-heal|p1a: Fairy Gengar|372/394 slp|[from] item: Leftovers","|turn|23","|","|move|p2a: FuzzyOak|Iron Head|p1a: Fairy Gengar","|-supereffective|p1a: Fairy Gengar","|-damage|p1a: Fairy Gengar|320/394 slp","|cant|p1a: Fairy Gengar|slp","|","|-heal|p1a: Fairy Gengar|344/394 slp|[from] item: Leftovers","|turn|24","|","|move|p2a: FuzzyOak|Iron Head|p1a: Fairy Gengar","|-supereffective|p1a: Fairy Gengar","|-damage|p1a: Fairy Gengar|296/394 slp","|-curestatus|p1a: Fairy Gengar|slp","|cant|p1a: Fairy Gengar|flinch","|","|-heal|p1a: Fairy Gengar|320/394|[from] item: Leftovers","|turn|25","|","|move|p2a: FuzzyOak|Iron Head|p1a: Fairy Gengar","|-supereffective|p1a: Fairy Gengar","|-damage|p1a: Fairy Gengar|270/394","|move|p1a: Fairy Gengar|Moonblast|p2a: FuzzyOak","|-resisted|p2a: FuzzyOak","|-damage|p2a: FuzzyOak|98/384","|-unboost|p2a: FuzzyOak|spa|1","|","|-heal|p1a: Fairy Gengar|294/394|[from] item: Leftovers","|turn|26","|","|move|p2a: FuzzyOak|Iron Head|p1a: Fairy Gengar","|-supereffective|p1a: Fairy Gengar","|-damage|p1a: Fairy Gengar|250/394","|move|p1a: Fairy Gengar|Moonblast|p2a: FuzzyOak","|-resisted|p2a: FuzzyOak","|-damage|p2a: FuzzyOak|53/384","|","|-heal|p1a: Fairy Gengar|274/394|[from] item: Leftovers","|turn|27","|","|move|p2a: FuzzyOak|Iron Head|p1a: Fairy Gengar","|-supereffective|p1a: Fairy Gengar","|-damage|p1a: Fairy Gengar|228/394","|move|p1a: Fairy Gengar|Moonblast|p2a: FuzzyOak","|-resisted|p2a: FuzzyOak","|-damage|p2a: FuzzyOak|8/384","|","|-heal|p1a: Fairy Gengar|252/394|[from] item: Leftovers","|turn|28","|","|move|p2a: FuzzyOak|Iron Head|p1a: Fairy Gengar","|-supereffective|p1a: Fairy Gengar","|-damage|p1a: Fairy Gengar|208/394","|move|p1a: Fairy Gengar|Moonblast|p2a: FuzzyOak","|-resisted|p2a: FuzzyOak","|-damage|p2a: FuzzyOak|0 fnt","|faint|p2a: FuzzyOak","|","|-heal|p1a: Fairy Gengar|232/394|[from] item: Leftovers","|","|switch|p2a: SexyOak|Alakazam, M, shiny|313/313","|turn|29","|","|move|p2a: SexyOak|Calm Mind|p2a: SexyOak","|-boost|p2a: SexyOak|spa|1","|-boost|p2a: SexyOak|spd|1","|move|p1a: Fairy Gengar|Moonblast|p2a: SexyOak","|-damage|p2a: SexyOak|243/313","|-unboost|p2a: SexyOak|spa|1","|","|-heal|p1a: Fairy Gengar|256/394|[from] item: Leftovers","|turn|30","|","|move|p2a: SexyOak|Calm Mind|p2a: SexyOak","|-boost|p2a: SexyOak|spa|1","|-boost|p2a: SexyOak|spd|1","|move|p1a: Fairy Gengar|Moonblast|p2a: SexyOak","|-damage|p2a: SexyOak|195/313","|-unboost|p2a: SexyOak|spa|1","|","|-heal|p1a: Fairy Gengar|280/394|[from] item: Leftovers","|turn|31","|","|move|p2a: SexyOak|Calm Mind|p2a: SexyOak","|-boost|p2a: SexyOak|spa|1","|-boost|p2a: SexyOak|spd|1","|move|p1a: Fairy Gengar|Moonblast|p2a: SexyOak","|-damage|p2a: SexyOak|153/313","|","|-heal|p1a: Fairy Gengar|304/394|[from] item: Leftovers","|turn|32","|","|move|p2a: SexyOak|Recover|p2a: SexyOak","|-heal|p2a: SexyOak|310/313","|move|p1a: Fairy Gengar|Moonblast|p2a: SexyOak","|-damage|p2a: SexyOak|270/313","|","|-heal|p1a: Fairy Gengar|328/394|[from] item: Leftovers","|turn|33","|","|move|p2a: SexyOak|Calm Mind|p2a: SexyOak","|-boost|p2a: SexyOak|spa|1","|-boost|p2a: SexyOak|spd|1","|move|p1a: Fairy Gengar|Moonblast|p2a: SexyOak","|-damage|p2a: SexyOak|231/313","|-unboost|p2a: SexyOak|spa|1","|","|-heal|p1a: Fairy Gengar|352/394|[from] item: Leftovers","|turn|34","|","|switch|p1a: Master Ball|Amoonguss, M, shiny|432/432","|move|p2a: SexyOak|Calm Mind|p2a: SexyOak","|-boost|p2a: SexyOak|spa|1","|-boost|p2a: SexyOak|spd|1","|","|turn|35","|","|move|p2a: SexyOak|Psychic|p1a: Master Ball","|-supereffective|p1a: Master Ball","|-damage|p1a: Master Ball|0 fnt","|faint|p1a: Master Ball","|","|","|switch|p1a: Second Doge|Landorus-Therian, M, shiny|319/319","|-ability|p1a: Second Doge|Intimidate","|-unboost|p2a: SexyOak|atk|1","|turn|36","|","|move|p1a: Second Doge|U-turn|p2a: SexyOak","|-supereffective|p2a: SexyOak","|-damage|p2a: SexyOak|0 fnt","|faint|p2a: SexyOak","|","|switch|p1a: Fairy Gengar|Clefable, F, shiny|352/394","|","|-heal|p1a: Fairy Gengar|376/394|[from] item: Leftovers","|","|switch|p2a: UglyOak|Blastoise-Mega, F, shiny|316/361","|-damage|p2a: UglyOak|271/361|[from] Stealth Rock","|turn|37","|","|move|p2a: UglyOak|Water Pulse|p1a: Fairy Gengar","|-damage|p1a: Fairy Gengar|214/394","|move|p1a: Fairy Gengar|Cosmic Power|p1a: Fairy Gengar","|-boost|p1a: Fairy Gengar|def|1","|-boost|p1a: Fairy Gengar|spd|1","|","|-heal|p1a: Fairy Gengar|238/394|[from] item: Leftovers","|turn|38","|","|move|p1a: Fairy Gengar|Protect|p1a: Fairy Gengar","|-singleturn|p1a: Fairy Gengar|Protect","|move|p2a: UglyOak|Water Pulse|p1a: Fairy Gengar","|-activate|p1a: Fairy Gengar|Protect","|","|-heal|p1a: Fairy Gengar|262/394|[from] item: Leftovers","|turn|39","|","|move|p2a: UglyOak|Water Pulse|p1a: Fairy Gengar","|-damage|p1a: Fairy Gengar|138/394","|move|p1a: Fairy Gengar|Cosmic Power|p1a: Fairy Gengar","|-boost|p1a: Fairy Gengar|def|1","|-boost|p1a: Fairy Gengar|spd|1","|","|-heal|p1a: Fairy Gengar|162/394|[from] item: Leftovers","|turn|40","|","|move|p1a: Fairy Gengar|Protect|p1a: Fairy Gengar","|-singleturn|p1a: Fairy Gengar|Protect","|move|p2a: UglyOak|Water Pulse|p1a: Fairy Gengar","|-activate|p1a: Fairy Gengar|Protect","|","|-heal|p1a: Fairy Gengar|186/394|[from] item: Leftovers","|turn|41","|","|move|p2a: UglyOak|Water Pulse|p1a: Fairy Gengar","|-damage|p1a: Fairy Gengar|96/394","|-start|p1a: Fairy Gengar|confusion","|-activate|p1a: Fairy Gengar|confusion","|move|p1a: Fairy Gengar|Cosmic Power|p1a: Fairy Gengar","|-boost|p1a: Fairy Gengar|def|1","|-boost|p1a: Fairy Gengar|spd|1","|","|-heal|p1a: Fairy Gengar|120/394|[from] item: Leftovers","|turn|42","|","|move|p2a: UglyOak|Water Pulse|p1a: Fairy Gengar","|-damage|p1a: Fairy Gengar|54/394","|-activate|p1a: Fairy Gengar|confusion","|move|p1a: Fairy Gengar|Rest|p1a: Fairy Gengar","|-status|p1a: Fairy Gengar|slp","|-heal|p1a: Fairy Gengar|394/394 slp|[silent]","|-status|p1a: Fairy Gengar|slp|[from] move: Rest","|","|turn|43","|","|move|p2a: UglyOak|Water Pulse|p1a: Fairy Gengar","|-damage|p1a: Fairy Gengar|328/394 slp","|cant|p1a: Fairy Gengar|slp","|","|-heal|p1a: Fairy Gengar|352/394 slp|[from] item: Leftovers","|turn|44","|","|move|p2a: UglyOak|Dark Pulse|p1a: Fairy Gengar","|-resisted|p1a: Fairy Gengar","|-damage|p1a: Fairy Gengar|323/394 slp","|cant|p1a: Fairy Gengar|slp","|","|-heal|p1a: Fairy Gengar|347/394 slp|[from] item: Leftovers","|turn|45","|","|move|p2a: UglyOak|Ice Beam|p1a: Fairy Gengar","|-damage|p1a: Fairy Gengar|302/394 slp","|-curestatus|p1a: Fairy Gengar|slp","|-activate|p1a: Fairy Gengar|confusion","|move|p1a: Fairy Gengar|Moonblast|p2a: UglyOak","|-damage|p2a: UglyOak|175/361","|","|-heal|p1a: Fairy Gengar|326/394|[from] item: Leftovers","|turn|46","|","|move|p2a: UglyOak|Ice Beam|p1a: Fairy Gengar","|-damage|p1a: Fairy Gengar|275/394","|-end|p1a: Fairy Gengar|confusion","|move|p1a: Fairy Gengar|Moonblast|p2a: UglyOak","|-damage|p2a: UglyOak|82/361","|","|-heal|p1a: Fairy Gengar|299/394|[from] item: Leftovers","|turn|47","|","|move|p2a: UglyOak|Water Pulse|p1a: Fairy Gengar","|-damage|p1a: Fairy Gengar|227/394","|move|p1a: Fairy Gengar|Moonblast|p2a: UglyOak","|-damage|p2a: UglyOak|0 fnt","|faint|p2a: UglyOak","|","|-heal|p1a: Fairy Gengar|251/394|[from] item: Leftovers","|","|win|Apex✦Emil"],"p1rating":{"entryid":804889,"formatid":"ou","userid":"apexemil","username":"Apex✦Emil","r":1500,"rd":130,"sigma":0,"rpr":1540.1606143388,"rprd":122.8583080769,"rpsigma":0,"rptime":1441270800,"w":1,"l":0,"t":0,"gxe":55,"acre":1040,"lacre":1040,"oldacre":1000},"p2rating":{"entryid":804890,"formatid":"ou","userid":"garyfudginoak","username":"Gary Fudgin Oak","r":1500,"rd":130,"sigma":0,"rpr":1459.8393856612,"rprd":122.8583080769,"rpsigma":0,"rptime":1441270800,"w":0,"l":1,"t":0,"gxe":45,"acre":1000,"lacre":1000,"oldacre":1000},"endType":"forfeit"}