{"seed":[46907,55233,31287,52223],"turns":30,"p1":"Vin Prof Gortex","p2":"Noble♕Coolkid","p1team":[{"name":"Empoleon","species":"Empoleon","item":"leftovers","ability":"Torrent","moves":["stealthrock","defog","icebeam","scald"],"nature":"Calm","evs":{"hp":248,"atk":0,"def":0,"spa":8,"spd":252,"spe":0},"ivs":{"hp":31,"atk":0,"def":31,"spa":31,"spd":31,"spe":31}},{"name":"Quagsire","species":"Quagsire","item":"rockyhelmet","ability":"Unaware","moves":["recover","rockslide","toxic","scald"],"nature":"Bold","evs":{"hp":232,"atk":0,"def":252,"spa":24,"spd":0,"spe":0},"ivs":{"hp":31,"atk":31,"def":31,"spa":31,"spd":31,"spe":31}},{"name":"Lanturn","species":"Lanturn","item":"leftovers","ability":"Volt Absorb","moves":["dazzlinggleam","discharge","healbell","toxic"],"nature":"Calm","evs":{"hp":0,"atk":0,"def":0,"spa":24,"spd":232,"spe":0},"ivs":{"hp":31,"atk":0,"def":31,"spa":31,"spd":31,"spe":31}},{"name":"Gyarados","species":"Gyarados","item":"gyaradosite","ability":"Intimidate","moves":["crunch","icefang","dragondance","earthquake"],"nature":"Adamant","evs":{"hp":128,"atk":252,"def":0,"spa":0,"spd":0,"spe":128},"ivs":{"hp":31,"atk":31,"def":31,"spa":31,"spd":31,"spe":31}},{"name":"Keldeo","species":"Keldeo","item":"leftovers","ability":"Justified","moves":["calmmind","scald","secretsword","substitute"],"nature":"Timid","evs":{"hp":0,"atk":0,"def":0,"spa":252,"spd":4,"spe":252},"ivs":{"hp":31,"atk":0,"def":31,"spa":31,"spd":31,"spe":31}},{"name":"Slowbro","species":"Slowbro","item":"assaultvest","ability":"Regenerator","moves":["scald","psyshock","fireblast","icebeam"],"nature":"Bold","evs":{"hp":0,"atk":0,"def":0,"spa":124,"spd":16,"spe":0},"ivs":{"hp":31,"atk":0,"def":31,"spa":31,"spd":31,"spe":31}}],"p2team":[{"name":"Swampert","species":"Swampert","item":"leftovers","ability":"Torrent","moves":["protect","counter","mirrorcoat","waterfall"],"nature":"Bold","evs":{"hp":252,"atk":0,"def":252,"spa":0,"spd":4,"spe":0},"ivs":{"hp":31,"atk":31,"def":31,"spa":31,"spd":31,"spe":31}},{"name":"Quagsire","species":"Quagsire","item":"leftovers","ability":"Unaware","moves":["stockpile","recover","scald","toxic"],"nature":"Bold","evs":{"hp":252,"atk":0,"def":252,"spa":0,"spd":4,"spe":0},"ivs":{"hp":31,"atk":31,"def":31,"spa":31,"spd":31,"spe":31}},{"name":"Claydol","species":"Claydol","item":"lightclay","ability":"Levitate","moves":["reflect","lightscreen","psychic","sandstorm"],"nature":"Calm","evs":{"hp":248,"atk":0,"def":0,"spa":8,"spd":252,"spe":0},"ivs":{"hp":31,"atk":31,"def":31,"spa":31,"spd":31,"spe":31}},{"name":"Torterra","species":"Torterra","item":"weaknesspolicy","ability":"Shell Armor","moves":["rockpolish","superpower","earthquake","seedbomb"],"nature":"Adamant","evs":{"hp":0,"atk":252,"def":0,"spa":0,"spd":4,"spe":252},"ivs":{"hp":31,"atk":31,"def":31,"spa":31,"spd":31,"spe":31}},{"name":"Golem","species":"Golem","item":"weaknesspolicy","ability":"Sturdy","moves":["rockpolish","earthquake","rockblast","heavyslam"],"nature":"Hasty","evs":{"hp":0,"atk":252,"def":0,"spa":0,"spd":8,"spe":248},"ivs":{"hp":31,"atk":31,"def":31,"spa":31,"spd":31,"spe":31}},{"name":"Excadrill","species":"Excadrill","item":"choicescarf","ability":"Sand Force","moves":["ironhead","earthquake","rockslide","submission"],"nature":"Jolly","evs":{"hp":0,"atk":252,"def":0,"spa":0,"spd":4,"spe":252},"ivs":{"hp":31,"atk":31,"def":31,"spa":31,"spd":31,"spe":31}}],"log":["|player|p1|Vin Prof Gortex|102","|player|p2|Noble♕Coolkid|noblecoolkid.png","|gametype|singles","|gen|6","|tier|Monotype","|rated","|rule|Baton Pass Clause: Limit one Baton Passer, can't pass Spe and other stats simultaneously","|rule|Swagger Clause: Swagger is banned","|rule|Same Type Clause: Pokémon in a team must share a type","|clearpoke","|poke|p1|Empoleon, M","|poke|p1|Quagsire, M","|poke|p1|Lanturn, M","|poke|p1|Gyarados, M","|poke|p1|Keldeo","|poke|p1|Slowbro, F","|poke|p2|Swampert, F","|poke|p2|Quagsire, M","|poke|p2|Claydol","|poke|p2|Torterra, F","|poke|p2|Golem, M","|poke|p2|Excadrill, F","|rule|Sleep Clause Mod: Limit one foe put to sleep","|rule|Species Clause: Limit one of each Pokémon","|rule|OHKO Clause: OHKO moves are banned","|rule|Moody Clause: Moody is banned","|rule|Evasion Moves Clause: Evasion moves are banned","|rule|Endless Battle Clause: Forcing endless battles is banned","|rule|HP Percentage Mod: HP is shown in percentages","|teampreview","|","|start","|switch|p1a: Quagsire|Quagsire, M|389/389","|switch|p2a: Quagsire|Quagsire, M|394/394","|turn|1","|","|move|p1a: Quagsire|Toxic|p2a: Quagsire","|-status|p2a: Quagsire|tox","|move|p2a: Quagsire|Toxic|p1a: Quagsire","|-status|p1a: Quagsire|tox","|","|-damage|p1a: Quagsire|365/389 tox|[from] psn","|-damage|p2a: Quagsire|370/394 tox|[from] psn","|turn|2","|","|switch|p1a: Lanturn|Lanturn, M|391/391","|move|p2a: Quagsire|Scald|p1a: Lanturn","|-resisted|p1a: Lanturn","|-damage|p1a: Lanturn|359/391","|","|-heal|p1a: Lanturn|383/391|[from] item: Leftovers","|-heal|p2a: Quagsire|394/394 tox|[from] item: Leftovers","|-damage|p2a: Quagsire|346/394 tox|[from] psn","|turn|3","|","|move|p1a: Lanturn|Heal Bell|p1a: Lanturn","|-cureteam|p1a: Lanturn|[from] move: HealBell","|move|p2a: Quagsire|Toxic|p1a: Lanturn","|-status|p1a: Lanturn|tox","|","|-heal|p1a: Lanturn|391/391 tox|[from] item: Leftovers","|-heal|p2a: Quagsire|370/394 tox|[from] item: Leftovers","|-damage|p1a: Lanturn|367/391 tox|[from] psn","|-damage|p2a: Quagsire|298/394 tox|[from] psn","|turn|4","|","|switch|p1a: Empoleon|Empoleon, M|371/371","|switch|p2a: Claydol|Claydol|323/323","|","|turn|5","|","|move|p2a: Claydol|Light Screen|p2a: Claydol","|-sidestart|p2: Noble♕Coolkid|move: Light Screen","|move|p1a: Empoleon|Scald|p2a: Claydol","|-supereffective|p2a: Claydol","|-damage|p2a: Claydol|254/323","|","|turn|6","|","|switch|p1a: Slowbro|Slowbro, F|331/331","|move|p2a: Claydol|Reflect|p2a: Claydol","|-sidestart|p2: Noble♕Coolkid|Reflect","|","|turn|7","|","|move|p2a: Claydol|Sandstorm|p2a: Claydol","|-weather|Sandstorm","|move|p1a: Slowbro|Scald|p2a: Claydol","|-supereffective|p2a: Claydol","|-damage|p2a: Claydol|185/323","|-status|p2a: Claydol|brn","|","|-weather|Sandstorm|[upkeep]","|-damage|p1a: Slowbro|311/331|[from] sandstorm","|-damage|p2a: Claydol|145/323 brn|[from] brn","|turn|8","|","|switch|p2a: Quagsire|Quagsire, M|298/394 tox","|move|p1a: Slowbro|Scald|p2a: Quagsire","|-damage|p2a: Quagsire|224/394 tox","|","|-weather|Sandstorm|[upkeep]","|-damage|p1a: Slowbro|291/331|[from] sandstorm","|-heal|p2a: Quagsire|248/394 tox|[from] item: Leftovers","|-damage|p2a: Quagsire|224/394 tox|[from] psn","|turn|9","|","|switch|p1a: Empoleon|Empoleon, M|371/371","|move|p2a: Quagsire|Toxic|p1a: Empoleon","|-immune|p1a: Empoleon|[msg]","|","|-weather|Sandstorm|[upkeep]","|-heal|p2a: Quagsire|248/394 tox|[from] item: Leftovers","|-damage|p2a: Quagsire|200/394 tox|[from] psn","|turn|10","|","|move|p1a: Empoleon|Defog|p2a: Quagsire","|-unboost|p2a: Quagsire|evasion|1","|-sideend|p2: Noble♕Coolkid|Reflect","|-sideend|p2: Noble♕Coolkid|move: Light Screen","|move|p2a: Quagsire|Recover|p2a: Quagsire","|-heal|p2a: Quagsire|394/394 tox","|","|-weather|Sandstorm|[upkeep]","|-damage|p2a: Quagsire|322/394 tox|[from] psn","|turn|11","|","|move|p1a: Empoleon|Stealth Rock|p2a: Quagsire","|-sidestart|p2: Noble♕Coolkid|move: Stealth Rock","|move|p2a: Quagsire|Scald|p1a: Empoleon","|-resisted|p1a: Empoleon","|-damage|p1a: Empoleon|349/371","|","|-weather|none","|-heal|p1a: Empoleon|371/371|[from] item: Leftovers","|-heal|p2a: Quagsire|346/394 tox|[from] item: Leftovers","|-damage|p2a: Quagsire|250/394 tox|[from] psn","|turn|12","|","|move|p1a: Empoleon|Scald|p2a: Quagsire","|-damage|p2a: Quagsire|91/394 tox","|move|p2a: Quagsire|Scald|p1a: Empoleon","|-resisted|p1a: Empoleon","|-damage|p1a: Empoleon|346/371","|","|-heal|p1a: Empoleon|369/371|[from] item: Leftovers","|-heal|p2a: Quagsire|115/394 tox|[from] item: Leftovers","|-damage|p2a: Quagsire|0 fnt|[from] psn","|faint|p2a: Quagsire","|","|switch|p2a: Claydol|Claydol|145/323 brn","|-damage|p2a: Claydol|125/323 brn|[from] Stealth Rock","|turn|13","|","|move|p2a: Claydol|Sandstorm|p2a: Claydol","|-weather|Sandstorm","|move|p1a: Empoleon|Scald|p2a: Claydol","|-supereffective|p2a: Claydol","|-damage|p2a: Claydol|3/323 brn","|","|-weather|Sandstorm|[upkeep]","|-heal|p1a: Empoleon|371/371|[from] item: Leftovers","|-damage|p2a: Claydol|0 fnt|[from] brn","|faint|p2a: Claydol","|","|switch|p2a: Excadrill|Excadrill, F|361/361","|-damage|p2a: Excadrill|350/361|[from] Stealth Rock","|turn|14","|","|switch|p1a: Slowbro|Slowbro, F|331/331","|move|p2a: Excadrill|Earthquake|p1a: Slowbro","|-damage|p1a: Slowbro|132/331","|","|-weather|Sandstorm|[upkeep]","|-damage|p1a: Slowbro|112/331|[from] sandstorm","|turn|15","|","|switch|p1a: Gyarados|Gyarados, M|363/363","|-ability|p1a: Gyarados|Intimidate","|-unboost|p2a: Excadrill|atk|1","|move|p2a: Excadrill|Earthquake|p1a: Gyarados","|-immune|p1a: Gyarados|[msg]","|","|-weather|Sandstorm|[upkeep]","|-damage|p1a: Gyarados|341/363|[from] sandstorm","|turn|16","|","|switch|p2a: Swampert|Swampert, F|404/404","|-damage|p2a: Swampert|379/404|[from] Stealth Rock","|move|p1a: Gyarados|Dragon Dance|p1a: Gyarados","|-boost|p1a: Gyarados|atk|1","|-boost|p1a: Gyarados|spe|1","|","|-weather|Sandstorm|[upkeep]","|-damage|p1a: Gyarados|319/363|[from] sandstorm","|-heal|p2a: Swampert|404/404|[from] item: Leftovers","|turn|17","|","|detailschange|p1a: Gyarados|Gyarados-Mega, M","|-mega|p1a: Gyarados|Gyarados|Gyaradosite","|-ability|p1a: Gyarados|Mold Breaker","|move|p2a: Swampert|Protect|p2a: Swampert","|-singleturn|p2a: Swampert|Protect","|move|p1a: Gyarados|Dragon Dance|p1a: Gyarados","|-boost|p1a: Gyarados|atk|1","|-boost|p1a: Gyarados|spe|1","|","|-weather|none","|turn|18","|","|move|p1a: Gyarados|Dragon Dance|p1a: Gyarados","|-boost|p1a: Gyarados|atk|1","|-boost|p1a: Gyarados|spe|1","|move|p2a: Swampert|Counter|p1a: Gyarados","|-fail|p1a: Gyarados","|","|turn|19","|","|move|p2a: Swampert|Protect|p2a: Swampert","|-singleturn|p2a: Swampert|Protect","|move|p1a: Gyarados|Ice Fang|p2a: Swampert","|-activate|p2a: Swampert|Protect","|","|turn|20","|","|move|p1a: Gyarados|Crunch|p2a: Swampert","|-damage|p2a: Swampert|82/404","|move|p2a: Swampert|Counter|p1a: Gyarados","|-damage|p1a: Gyarados|0 fnt","|faint|p1a: Gyarados","|","|-heal|p2a: Swampert|107/404|[from] item: Leftovers","|","|switch|p1a: Empoleon|Empoleon, M|371/371","|turn|21","|","|move|p2a: Swampert|Protect|p2a: Swampert","|-singleturn|p2a: Swampert|Protect","|move|p1a: Empoleon|Scald|p2a: Swampert","|-activate|p2a: Swampert|Protect","|","|-heal|p2a: Swampert|132/404|[from] item: Leftovers","|turn|22","|","|move|p1a: Empoleon|Scald|p2a: Swampert","|-damage|p2a: Swampert|21/404","|-status|p2a: Swampert|brn","|move|p2a: Swampert|Mirror Coat|p1a: Empoleon","|-damage|p1a: Empoleon|149/371","|","|-heal|p2a: Swampert|46/404 brn|[from] item: Leftovers","|-heal|p1a: Empoleon|172/371|[from] item: Leftovers","|-damage|p2a: Swampert|0 fnt|[from] brn","|faint|p2a: Swampert","|","|switch|p2a: Excadrill|Excadrill, F|350/361","|-damage|p2a: Excadrill|339/361|[from] Stealth Rock","|turn|23","|","|switch|p1a: Lanturn|Lanturn, M|367/391 tox","|move|p2a: Excadrill|Earthquake|p1a: Lanturn","|-supereffective|p1a: Lanturn","|-damage|p1a: Lanturn|0 fnt","|faint|p1a: Lanturn","|","|","|switch|p1a: Keldeo|Keldeo|323/323","|turn|24","|","|move|p2a: Excadrill|Earthquake|p1a: Keldeo","|-damage|p1a: Keldeo|137/323","|move|p1a: Keldeo|Scald|p2a: Excadrill","|-supereffective|p2a: Excadrill","|-damage|p2a: Excadrill|0 fnt","|faint|p2a: Excadrill","|","|-heal|p1a: Keldeo|157/323|[from] item: Leftovers","|","|switch|p2a: Golem|Golem, M|301/301","|-damage|p2a: Golem|283/301|[from] Stealth Rock","|turn|25","|","|move|p1a: Keldeo|Scald|p2a: Golem","|-supereffective|p2a: Golem","|-damage|p2a: Golem|0 fnt","|faint|p2a: Golem","|","|-heal|p1a: Keldeo|177/323|[from] item: Leftovers","|","|switch|p2a: Torterra|Torterra, F|331/331","|-damage|p2a: Torterra|311/331|[from] Stealth Rock","|turn|26","|","|move|p1a: Keldeo|Calm Mind|p1a: Keldeo","|-boost|p1a: Keldeo|spa|1","|-boost|p1a: Keldeo|spd|1","|move|p2a: Torterra|Rock Polish|p2a: Torterra","|-boost|p2a: Torterra|spe|2","|","|-heal|p1a: Keldeo|197/323|[from] item: Leftovers","|turn|27","|","|move|p2a: Torterra|Seed Bomb|p1a: Keldeo","|-supereffective|p1a: Keldeo","|-damage|p1a: Keldeo|0 fnt","|faint|p1a: Keldeo","|","|","|switch|p1a: Slowbro|Slowbro, F|222/331","|turn|28","|","|move|p2a: Torterra|Seed Bomb|p1a: Slowbro","|-supereffective|p1a: Slowbro","|-damage|p1a: Slowbro|0 fnt","|faint|p1a: Slowbro","|","|","|switch|p1a: Quagsire|Quagsire, M|365/389","|turn|29","|","|move|p2a: Torterra|Seed Bomb|p1a: Quagsire","|-supereffective|p1a: Quagsire","|-damage|p1a: Quagsire|0 fnt","|faint|p1a: Quagsire","|","|","|switch|p1a: Empoleon|Empoleon, M|172/371","|turn|30","|","|move|p2a: Torterra|Superpower|p1a: Empoleon","|-supereffective|p1a: Empoleon","|-damage|p1a: Empoleon|0 fnt","|-unboost|p2a: Torterra|atk|1","|-unboost|p2a: Torterra|def|1","|faint|p1a: Empoleon","|","|win|Noble♕Coolkid"],"p1rating":{"entryid":"578346","serverid":"eos","formatid":"monotype","userid":"vinprofgortex","username":"Vin Prof Gortex","w":"1","l":2,"t":"0","gxe":45.8,"r":"1500","rd":"130","sigma":"0","rptime":"1440752400","rpr":1466.9108216389,"rprd":111.51861011339,"rpsigma":"0","acre":1011.584579097,"lacre":1011.584579097,"oldacre":"1026.6545771622"},"p2rating":{"entryid":585274,"formatid":"monotype","userid":"noblecoolkid","username":"Noble♕Coolkid","r":1500,"rd":130,"sigma":0,"rpr":1540.1606143388,"rprd":122.8583080769,"rpsigma":0,"rptime":1440752400,"w":1,"l":0,"t":0,"gxe":55,"acre":1043.0627152602,"lacre":1043.0627152602,"oldacre":1000},"endType":"normal"}