{"seed":[16311,7279,41171,31968],"turns":19,"p1":"Aрex✦Loνуxe","p2":"Knight♕Altair","p1team":[{"name":"Wailord","species":"Wailord","item":"leftovers","ability":"Pressure","moves":["waterspout","amnesia","aquaring","toxic"],"nature":"Calm","evs":{"hp":252,"atk":0,"def":0,"spa":0,"spd":252,"spe":0},"ivs":{"hp":31,"atk":31,"def":31,"spa":31,"spd":31,"spe":31}},{"name":"Rotom-Wash","species":"Rotom-Wash","item":"stickybarb","ability":"Levitate","moves":["voltswitch","hydropump","lightscreen","trick"],"nature":"Calm","evs":{"hp":252,"atk":0,"def":0,"spa":60,"spd":196,"spe":0},"ivs":{"hp":31,"atk":31,"def":31,"spa":31,"spd":31,"spe":31}},{"name":"Slowbro","species":"Slowbro","item":"leftovers","ability":"Regenerator","moves":["magiccoat","scald","slackoff","irondefense"],"nature":"Serious","evs":{"hp":212,"atk":0,"def":212,"spa":84,"spd":0,"spe":0},"shiny":true,"ivs":{"hp":31,"atk":31,"def":31,"spa":31,"spd":31,"spe":31}},{"name":"Relicanth","species":"Relicanth","item":"leftovers","ability":"Rock Head","moves":["harden","headsmash","stealthrock","waterfall"],"nature":"Impish","evs":{"hp":252,"atk":0,"def":252,"spa":0,"spd":0,"spe":0},"ivs":{"hp":31,"atk":31,"def":31,"spa":31,"spd":31,"spe":31}},{"name":"Kingler","species":"Kingler","item":"choicescarf","ability":"Sheer Force","moves":["crabhammer","xscissor","rockslide","superpower"],"nature":"Jolly","evs":{"hp":0,"atk":252,"def":0,"spa":0,"spd":0,"spe":252},"ivs":{"hp":31,"atk":31,"def":31,"spa":31,"spd":31,"spe":31}},{"name":"Blastoise","species":"Blastoise","item":"blastoisinite","ability":"Rain Dish","moves":["aurasphere","darkpulse","dragonpulse","waterpulse"],"nature":"Modest","evs":{"hp":104,"atk":0,"def":104,"spa":196,"spd":104,"spe":0},"ivs":{"hp":31,"atk":31,"def":31,"spa":31,"spd":31,"spe":31}}],"p2team":[{"name":"Altair","species":"landorus","item":"lifeorb","ability":"Sheer Force","moves":["earthpower","sludgewave","focusblast","hiddenpowerice"],"nature":"Rash","evs":{"hp":4,"atk":0,"def":0,"spa":252,"spd":0,"spe":252},"ivs":{"hp":31,"atk":30,"def":30,"spa":31,"spd":31,"spe":31}},{"name":"Cynthiaisbae","species":"gastrodon","item":"leftovers","ability":"Storm Drain","moves":["scald","recover","toxic","earthpower"],"nature":"Calm","evs":{"hp":252,"atk":0,"def":4,"spa":0,"spd":252,"spe":0},"ivs":{"hp":31,"atk":31,"def":31,"spa":31,"spd":31,"spe":31}},{"name":"QueenNova","species":"hippowdon","item":"leftovers","ability":"Sand Stream","moves":["earthquake","stealthrock","slackoff","stoneedge"],"nature":"Impish","evs":{"hp":252,"atk":0,"def":144,"spa":0,"spd":112,"spe":0},"ivs":{"hp":31,"atk":31,"def":31,"spa":31,"spd":31,"spe":31}},{"name":"Kaorionabadday","species":"excadrill","item":"lifeorb","ability":"Sand Rush","moves":["earthquake","ironhead","rockslide","swordsdance"],"nature":"Adamant","evs":{"hp":0,"atk":252,"def":4,"spa":0,"spd":0,"spe":252},"ivs":{"hp":31,"atk":31,"def":31,"spa":31,"spd":31,"spe":31}},{"name":"The Mafia","species":"nidoking","item":"choicescarf","ability":"Sheer Force","moves":["sludgewave","earthpower","icebeam","superpower"],"nature":"Naive","evs":{"hp":0,"atk":0,"def":4,"spa":252,"spd":0,"spe":252},"ivs":{"hp":31,"atk":31,"def":31,"spa":31,"spd":31,"spe":31}},{"name":"Die in a rupt","species":"camerupt","item":"cameruptite","ability":"Solid Rock","moves":["fireblast","earthpower","ancientpower","willowisp"],"nature":"Modest","evs":{"hp":168,"atk":0,"def":0,"spa":252,"spd":0,"spe":88},"ivs":{"hp":31,"atk":31,"def":31,"spa":31,"spd":31,"spe":31}}],"log":["|player|p1|Aрex✦Loνуxe|150","|player|p2|Knight♕Altair|165","|gametype|singles","|gen|6","|tier|Monotype","|rated","|rule|Baton Pass Clause: Limit one Baton Passer, can't pass Spe and other stats simultaneously","|rule|Swagger Clause: Swagger is banned","|rule|Same Type Clause: Pokémon in a team must share a type","|clearpoke","|poke|p1|Wailord, F","|poke|p1|Rotom-Wash","|poke|p1|Slowbro, F, shiny","|poke|p1|Relicanth, M","|poke|p1|Kingler, F","|poke|p1|Blastoise, M","|poke|p2|Landorus, M","|poke|p2|Gastrodon, M","|poke|p2|Hippowdon, F","|poke|p2|Excadrill, M","|poke|p2|Nidoking, M","|poke|p2|Camerupt, M","|rule|Sleep Clause Mod: Limit one foe put to sleep","|rule|Species Clause: Limit one of each Pokémon","|rule|OHKO Clause: OHKO moves are banned","|rule|Moody Clause: Moody is banned","|rule|Evasion Moves Clause: Evasion moves are banned","|rule|Endless Battle Clause: Forcing endless battles is banned","|rule|HP Percentage Mod: HP is shown in percentages","|teampreview","|","|start","|switch|p1a: Rotom-Wash|Rotom-Wash|304/304","|switch|p2a: QueenNova|Hippowdon, F|420/420","|-weather|Sandstorm","|turn|1","|","|switch|p1a: Relicanth|Relicanth, M|404/404","|switch|p2a: Cynthiaisbae|Gastrodon, M|426/426","|","|-weather|Sandstorm|[upkeep]","|turn|2","|","|switch|p1a: Wailord|Wailord, F|544/544","|-ability|p1a: Wailord|Pressure","|move|p2a: Cynthiaisbae|Toxic|p1a: Wailord","|-status|p1a: Wailord|tox","|","|-weather|Sandstorm|[upkeep]","|-damage|p1a: Wailord|510/544 tox|[from] sandstorm","|-heal|p1a: Wailord|544/544 tox|[from] item: Leftovers","|-damage|p1a: Wailord|510/544 tox|[from] psn","|turn|3","|","|move|p1a: Wailord|Amnesia|p1a: Wailord","|-boost|p1a: Wailord|spd|2","|move|p2a: Cynthiaisbae|Earth Power|p1a: Wailord","|-damage|p1a: Wailord|456/544 tox","|","|-weather|Sandstorm|[upkeep]","|-damage|p1a: Wailord|422/544 tox|[from] sandstorm","|-heal|p1a: Wailord|456/544 tox|[from] item: Leftovers","|-damage|p1a: Wailord|388/544 tox|[from] psn","|turn|4","|","|move|p1a: Wailord|Aqua Ring|p1a: Wailord","|-start|p1a: Wailord|Aqua Ring","|move|p2a: Cynthiaisbae|Earth Power|p1a: Wailord","|-damage|p1a: Wailord|331/544 tox","|-unboost|p1a: Wailord|spd|1","|","|-weather|Sandstorm|[upkeep]","|-damage|p1a: Wailord|297/544 tox|[from] sandstorm","|-heal|p1a: Wailord|331/544 tox|[from] item: Leftovers","|-heal|p1a: Wailord|365/544 tox|[from] Aqua Ring","|-damage|p1a: Wailord|263/544 tox|[from] psn","|turn|5","|","|move|p1a: Wailord|Water Spout|p2a: Cynthiaisbae","|-boost|p2a: Cynthiaisbae|spa|1|[from] ability: Storm Drain","|move|p2a: Cynthiaisbae|Earth Power|p1a: Wailord","|-damage|p1a: Wailord|149/544 tox","|","|-weather|none","|-heal|p1a: Wailord|183/544 tox|[from] item: Leftovers","|-heal|p1a: Wailord|217/544 tox|[from] Aqua Ring","|-damage|p1a: Wailord|81/544 tox|[from] psn","|turn|6","|","|move|p1a: Wailord|Toxic|p2a: Cynthiaisbae","|-status|p2a: Cynthiaisbae|tox","|move|p2a: Cynthiaisbae|Earth Power|p1a: Wailord","|-damage|p1a: Wailord|0 fnt","|faint|p1a: Wailord","|","|-damage|p2a: Cynthiaisbae|400/426 tox|[from] psn","|","|switch|p1a: Blastoise|Blastoise, M|325/325","|turn|7","|","|detailschange|p1a: Blastoise|Blastoise-Mega, M","|-mega|p1a: Blastoise|Blastoise|Blastoisinite","|move|p1a: Blastoise|Aura Sphere|p2a: Cynthiaisbae","|-damage|p2a: Cynthiaisbae|274/426 tox","|move|p2a: Cynthiaisbae|Toxic|p1a: Blastoise","|-status|p1a: Blastoise|tox","|","|-heal|p2a: Cynthiaisbae|300/426 tox|[from] item: Leftovers","|-damage|p1a: Blastoise|305/325 tox|[from] psn","|-damage|p2a: Cynthiaisbae|248/426 tox|[from] psn","|turn|8","|","|switch|p2a: Altair|Landorus, M|320/320","|move|p1a: Blastoise|Dragon Pulse|p2a: Altair","|-damage|p2a: Altair|113/320","|","|-damage|p1a: Blastoise|265/325 tox|[from] psn","|turn|9","|","|switch|p2a: Cynthiaisbae|Gastrodon, M|248/426 tox","|move|p1a: Blastoise|Dragon Pulse|p2a: Cynthiaisbae","|-damage|p2a: Cynthiaisbae|114/426 tox","|","|-heal|p2a: Cynthiaisbae|140/426 tox|[from] item: Leftovers","|-damage|p1a: Blastoise|205/325 tox|[from] psn","|-damage|p2a: Cynthiaisbae|114/426 tox|[from] psn","|turn|10","|","|move|p1a: Blastoise|Dragon Pulse|p2a: Cynthiaisbae","|-damage|p2a: Cynthiaisbae|0 fnt","|faint|p2a: Cynthiaisbae","|","|-damage|p1a: Blastoise|125/325 tox|[from] psn","|","|switch|p2a: QueenNova|Hippowdon, F|420/420","|-weather|Sandstorm","|turn|11","|","|move|p1a: Blastoise|Water Pulse|p2a: QueenNova","|-supereffective|p2a: QueenNova","|-damage|p2a: QueenNova|6/420","|-start|p2a: QueenNova|confusion","|-activate|p2a: QueenNova|confusion","|-damage|p2a: QueenNova|0 fnt|[from] confusion","|faint|p2a: QueenNova","|","|-weather|Sandstorm|[upkeep]","|-damage|p1a: Blastoise|105/325 tox|[from] sandstorm","|-damage|p1a: Blastoise|5/325 tox|[from] psn","|","|switch|p2a: Kaorionabadday|Excadrill, M|361/361","|turn|12","|","|move|p2a: Kaorionabadday|Iron Head|p1a: Blastoise","|-resisted|p1a: Blastoise","|-damage|p1a: Blastoise|0 fnt","|-damage|p2a: Kaorionabadday|325/361|[from] item: Life Orb","|faint|p1a: Blastoise","|","|-weather|Sandstorm|[upkeep]","|","|switch|p1a: Kingler|Kingler, F|251/251","|turn|13","|","|move|p2a: Kaorionabadday|Iron Head|p1a: Kingler","|-resisted|p1a: Kingler","|-damage|p1a: Kingler|161/251","|-damage|p2a: Kaorionabadday|289/361|[from] item: Life Orb","|cant|p1a: Kingler|flinch","|","|-weather|Sandstorm|[upkeep]","|-damage|p1a: Kingler|146/251|[from] sandstorm","|turn|14","|","|move|p2a: Kaorionabadday|Iron Head|p1a: Kingler","|-resisted|p1a: Kingler","|-damage|p1a: Kingler|59/251","|-damage|p2a: Kaorionabadday|253/361|[from] item: Life Orb","|move|p1a: Kingler|Crabhammer|p2a: Kaorionabadday","|-supereffective|p2a: Kaorionabadday","|-damage|p2a: Kaorionabadday|0 fnt","|faint|p2a: Kaorionabadday","|","|-weather|Sandstorm|[upkeep]","|-damage|p1a: Kingler|44/251|[from] sandstorm","|","|switch|p2a: The Mafia|Nidoking, M|303/303","|turn|15","|","|move|p2a: The Mafia|Sludge Wave|p1a: Kingler","|-damage|p1a: Kingler|0 fnt","|faint|p1a: Kingler","|","|-weather|none","|","|switch|p1a: Rotom-Wash|Rotom-Wash|304/304","|turn|16","|","|move|p2a: The Mafia|Sludge Wave|p1a: Rotom-Wash","|-damage|p1a: Rotom-Wash|181/304","|move|p1a: Rotom-Wash|Trick|p2a: The Mafia","|-activate|p1a: Rotom-Wash|move: Trick|[of] p2a: The Mafia","|-item|p2a: The Mafia|Sticky Barb|[from] move: Trick","|-item|p1a: Rotom-Wash|Choice Scarf|[from] move: Trick","|","|-damage|p2a: The Mafia|266/303|[from] item: Sticky Barb","|turn|17","|","|move|p1a: Rotom-Wash|Hydro Pump|p2a: The Mafia","|-supereffective|p2a: The Mafia","|-damage|p2a: The Mafia|0 fnt","|faint|p2a: The Mafia","|","|","|switch|p2a: Die in a rupt|Camerupt, M|323/323","|turn|18","|","|detailschange|p2a: Die in a rupt|Camerupt-Mega, M","|-mega|p2a: Die in a rupt|Camerupt|Cameruptite","|move|p1a: Rotom-Wash|Hydro Pump|p2a: Die in a rupt","|-supereffective|p2a: Die in a rupt","|-damage|p2a: Die in a rupt|0 fnt","|faint|p2a: Die in a rupt","|","|","|switch|p2a: Altair|Landorus, M|113/320","|turn|19","|","|move|p1a: Rotom-Wash|Hydro Pump|p2a: Altair","|-supereffective|p2a: Altair","|-damage|p2a: Altair|0 fnt","|faint|p2a: Altair","|","|win|Aрex✦Loνуxe"],"p1rating":{"entryid":"529626","serverid":"eos","formatid":"monotype","userid":"aexloxe","username":"Aрex✦Loνуxe","w":7,"l":"18","t":"0","gxe":35.9,"r":"1376.3332195735","rd":"65.830845497492","sigma":"0","rptime":"1440752400","rpr":1389.1876097524,"rprd":64.745931089006,"rpsigma":"0","acre":1089.1309324244,"lacre":1089.1309324244,"oldacre":"1056.9661171271"},"p2rating":{"entryid":"39559","serverid":"eos","formatid":"monotype","userid":"knightaltair","username":"Knight♕Altair","w":"7","l":14,"t":"0","gxe":38.6,"r":"1409.695653338","rd":"72.619303236859","sigma":"0","rptime":"1440752400","rpr":1411.3153664406,"rprd":69.807165919994,"rpsigma":"0","acre":1044.6407799342,"lacre":1044.6407799342,"oldacre":"1064.8067677924"},"endType":"normal"}