{"seed":[57960,48118,45398,16382],"turns":21,"p1":"Elder Hoot","p2":"Quilluminati","p1team":[{"name":"Landorus","species":"Landorus","item":"choicespecs","ability":"Sheer Force","moves":["earthpower","focusblast","sludgewave","psychic"],"nature":"Timid","evs":{"hp":0,"atk":0,"def":0,"spa":252,"spd":4,"spe":252},"ivs":{"hp":31,"atk":31,"def":31,"spa":31,"spd":31,"spe":31}},{"name":"Yanmega","species":"Yanmega","item":"lifeorb","ability":"Speed Boost","moves":["bugbuzz","shadowball","tailwind","protect"],"nature":"Modest","evs":{"hp":0,"atk":0,"def":0,"spa":252,"spd":4,"spe":252},"ivs":{"hp":31,"atk":31,"def":31,"spa":31,"spd":31,"spe":31}},{"name":"Pelipper","species":"Pelipper","item":"leftovers","ability":"Rain Dish","moves":["scald","icebeam","toxic","roost"],"nature":"Bold","evs":{"hp":248,"atk":0,"def":252,"spa":8,"spd":0,"spe":0},"ivs":{"hp":31,"atk":31,"def":31,"spa":31,"spd":31,"spe":31}},{"name":"Articuno","species":"Articuno","item":"lifeorb","ability":"Pressure","moves":["freezedry","hurricane","ancientpower","frostbreath"],"nature":"Modest","evs":{"hp":248,"atk":0,"def":0,"spa":252,"spd":8,"spe":0},"ivs":{"hp":31,"atk":31,"def":31,"spa":31,"spd":31,"spe":31}},{"name":"Murkrow","species":"Murkrow","item":"flameorb","ability":"Prankster","moves":["psychoshift","substitute","roost","whirlwind"],"nature":"Calm","evs":{"hp":248,"atk":0,"def":8,"spa":0,"spd":252,"spe":0},"ivs":{"hp":31,"atk":31,"def":31,"spa":31,"spd":31,"spe":31}},{"name":"Salamence","species":"Salamence","item":"lifeorb","ability":"Intimidate","moves":["dragonclaw","earthquake","stoneedge","dragondance"],"nature":"Adamant","evs":{"hp":0,"atk":252,"def":0,"spa":0,"spd":4,"spe":252},"ivs":{"hp":31,"atk":31,"def":31,"spa":31,"spd":31,"spe":31}}],"p2team":[{"name":"Aggron","species":"Aggron","item":"aggronite","ability":"Sturdy","moves":["heavyslam","curse","rest","sleeptalk"],"nature":"Impish","evs":{"hp":252,"atk":0,"def":16,"spa":0,"spd":240,"spe":0},"shiny":true,"ivs":{"hp":31,"atk":31,"def":31,"spa":31,"spd":31,"spe":31}},{"name":"Aerodactyl","species":"Aerodactyl","item":"focussash","ability":"Rock Head","moves":["aerialace","honeclaws","stoneedge","firefang"],"nature":"Jolly","evs":{"hp":0,"atk":252,"def":0,"spa":0,"spd":4,"spe":252},"ivs":{"hp":31,"atk":31,"def":31,"spa":31,"spd":31,"spe":31}},{"name":"Cradily","species":"Cradily","item":"rockyhelmet","ability":"Storm Drain","moves":["gigadrain","stockpile","recover","toxic"],"nature":"Calm","evs":{"hp":44,"atk":0,"def":216,"spa":48,"spd":140,"spe":60},"ivs":{"hp":31,"atk":31,"def":31,"spa":31,"spd":31,"spe":31}},{"name":"Tyranitar","species":"Tyranitar","item":"assaultvest","ability":"Sand Stream","moves":["fireblast","crunch","earthquake","stoneedge"],"nature":"Naughty","evs":{"hp":252,"atk":152,"def":0,"spa":104,"spd":0,"spe":0},"ivs":{"hp":31,"atk":31,"def":31,"spa":31,"spd":31,"spe":31}},{"name":"Terrakion","species":"Terrakion","item":"choicescarf","ability":"Justified","moves":["closecombat","earthquake","ironhead","stoneedge"],"nature":"Jolly","evs":{"hp":0,"atk":252,"def":0,"spa":0,"spd":4,"spe":252},"ivs":{"hp":31,"atk":31,"def":31,"spa":31,"spd":31,"spe":31}},{"name":"Omastar","species":"Omastar","item":"focussash","ability":"Shell Armor","moves":["shellsmash","icebeam","scald","hiddenpowergrass"],"nature":"Modest","evs":{"hp":0,"atk":0,"def":0,"spa":252,"spd":4,"spe":252},"ivs":{"hp":31,"atk":30,"def":31,"spa":30,"spd":31,"spe":31}}],"log":["|player|p1|Elder Hoot|2","|player|p2|Quilluminati|80","|gametype|singles","|gen|6","|tier|Monotype","|rated","|rule|Baton Pass Clause: Limit one Baton Passer, can't pass Spe and other stats simultaneously","|rule|Swagger Clause: Swagger is banned","|rule|Same Type Clause: Pokémon in a team must share a type","|clearpoke","|poke|p1|Landorus, M","|poke|p1|Yanmega, F","|poke|p1|Pelipper, F","|poke|p1|Articuno","|poke|p1|Murkrow, F","|poke|p1|Salamence, F","|poke|p2|Aggron, M, shiny","|poke|p2|Aerodactyl, M","|poke|p2|Cradily, M","|poke|p2|Tyranitar, F","|poke|p2|Terrakion","|poke|p2|Omastar, F","|rule|Sleep Clause Mod: Limit one foe put to sleep","|rule|Species Clause: Limit one of each Pokémon","|rule|OHKO Clause: OHKO moves are banned","|rule|Moody Clause: Moody is banned","|rule|Evasion Moves Clause: Evasion moves are banned","|rule|Endless Battle Clause: Forcing endless battles is banned","|rule|HP Percentage Mod: HP is shown in percentages","|teampreview","|","|start","|switch|p1a: Murkrow|Murkrow, F|323/323","|switch|p2a: Omastar|Omastar, F|281/281","|turn|1","|","|move|p2a: Omastar|Shell Smash|p2a: Omastar","|-unboost|p2a: Omastar|def|1","|-unboost|p2a: Omastar|spd|1","|-boost|p2a: Omastar|atk|2","|-boost|p2a: Omastar|spa|2","|-boost|p2a: Omastar|spe|2","|move|p1a: Murkrow|Whirlwind|p2a: Omastar","|drag|p2a: Terrakion|Terrakion|323/323","|","|-status|p1a: Murkrow|brn|[from] item: Flame Orb","|turn|2","|","|move|p1a: Murkrow|Psycho Shift|p2a: Terrakion","|-status|p2a: Terrakion|brn","|-curestatus|p1a: Murkrow|brn","|move|p2a: Terrakion|Stone Edge|p1a: Murkrow|[miss]","|-miss|p2a: Terrakion|p1a: Murkrow","|","|-damage|p2a: Terrakion|283/323 brn|[from] brn","|-status|p1a: Murkrow|brn|[from] item: Flame Orb","|turn|3","|","|switch|p1a: Pelipper|Pelipper, F|323/323","|move|p2a: Terrakion|Stone Edge|p1a: Pelipper","|-supereffective|p1a: Pelipper","|-damage|p1a: Pelipper|199/323","|","|-heal|p1a: Pelipper|219/323|[from] item: Leftovers","|-damage|p2a: Terrakion|243/323 brn|[from] brn","|turn|4","|","|move|p2a: Terrakion|Stone Edge|p1a: Pelipper","|-supereffective|p1a: Pelipper","|-damage|p1a: Pelipper|98/323","|move|p1a: Pelipper|Toxic|p2a: Terrakion","|-fail|p2a: Terrakion","|","|-heal|p1a: Pelipper|118/323|[from] item: Leftovers","|-damage|p2a: Terrakion|203/323 brn|[from] brn","|turn|5","|","|move|p2a: Terrakion|Stone Edge|p1a: Pelipper","|-supereffective|p1a: Pelipper","|-damage|p1a: Pelipper|0 fnt","|faint|p1a: Pelipper","|","|-damage|p2a: Terrakion|163/323 brn|[from] brn","|","|switch|p1a: Salamence|Salamence, F|331/331","|-ability|p1a: Salamence|Intimidate","|-unboost|p2a: Terrakion|atk|1","|turn|6","|","|move|p2a: Terrakion|Stone Edge|p1a: Salamence|[miss]","|-miss|p2a: Terrakion|p1a: Salamence","|move|p1a: Salamence|Dragon Dance|p1a: Salamence","|-boost|p1a: Salamence|atk|1","|-boost|p1a: Salamence|spe|1","|","|-damage|p2a: Terrakion|123/323 brn|[from] brn","|turn|7","|","|switch|p2a: Omastar|Omastar, F|281/281","|move|p1a: Salamence|Dragon Dance|p1a: Salamence","|-boost|p1a: Salamence|atk|1","|-boost|p1a: Salamence|spe|1","|","|turn|8","|","|move|p1a: Salamence|Earthquake|p2a: Omastar","|-supereffective|p2a: Omastar","|-enditem|p2a: Omastar|Focus Sash","|-damage|p2a: Omastar|1/281","|-damage|p1a: Salamence|298/331|[from] item: Life Orb","|move|p2a: Omastar|Ice Beam|p1a: Salamence","|-supereffective|p1a: Salamence","|-damage|p1a: Salamence|0 fnt","|faint|p1a: Salamence","|","|","|switch|p1a: Yanmega|Yanmega, F|313/313","|turn|9","|","|move|p1a: Yanmega|Bug Buzz|p2a: Omastar","|-damage|p2a: Omastar|0 fnt","|-damage|p1a: Yanmega|282/313|[from] item: Life Orb","|faint|p2a: Omastar","|","|-boost|p1a: Yanmega|spe|1|[from] ability: Speed Boost","|","|switch|p2a: Tyranitar|Tyranitar, F|404/404","|-weather|Sandstorm","|turn|10","|","|move|p1a: Yanmega|Tailwind|p1a: Yanmega","|-sidestart|p1: Elder Hoot|move: Tailwind","|move|p2a: Tyranitar|Stone Edge|p1a: Yanmega","|-supereffective|p1a: Yanmega","|-damage|p1a: Yanmega|0 fnt","|faint|p1a: Yanmega","|","|-weather|Sandstorm|[upkeep]","|","|switch|p1a: Landorus|Landorus, M|319/319","|turn|11","|","|switch|p2a: Cradily|Cradily, M|324/324","|move|p1a: Landorus|Focus Blast|p2a: Cradily","|-supereffective|p2a: Cradily","|-damage|p2a: Cradily|64/324","|","|-weather|Sandstorm|[upkeep]","|turn|12","|","|move|p1a: Landorus|Focus Blast|p2a: Cradily|[miss]","|-miss|p1a: Landorus|p2a: Cradily","|move|p2a: Cradily|Toxic|p1a: Landorus|[miss]","|-miss|p2a: Cradily|p1a: Landorus","|","|-weather|Sandstorm|[upkeep]","|turn|13","|","|move|p1a: Landorus|Focus Blast|p2a: Cradily","|-supereffective|p2a: Cradily","|-damage|p2a: Cradily|0 fnt","|faint|p2a: Cradily","|","|-weather|Sandstorm|[upkeep]","|-sideend|p1: Elder Hoot|move: Tailwind","|","|switch|p2a: Aerodactyl|Aerodactyl, M|301/301","|turn|14","|","|switch|p1a: Articuno|Articuno|383/383","|-ability|p1a: Articuno|Pressure","|move|p2a: Aerodactyl|Hone Claws|p2a: Aerodactyl","|-boost|p2a: Aerodactyl|atk|1","|-boost|p2a: Aerodactyl|accuracy|1","|","|-weather|none","|turn|15","|","|move|p2a: Aerodactyl|Stone Edge|p1a: Articuno","|-supereffective|p1a: Articuno","|-damage|p1a: Articuno|0 fnt","|faint|p1a: Articuno","|","|","|switch|p1a: Murkrow|Murkrow, F|323/323 brn","|turn|16","|","|move|p1a: Murkrow|Substitute|p1a: Murkrow","|-start|p1a: Murkrow|Substitute","|-damage|p1a: Murkrow|243/323 brn","|move|p2a: Aerodactyl|Stone Edge|p1a: Murkrow","|-supereffective|p1a: Murkrow","|-end|p1a: Murkrow|Substitute","|","|-damage|p1a: Murkrow|203/323 brn|[from] brn","|turn|17","|","|move|p1a: Murkrow|Psycho Shift|p2a: Aerodactyl","|-status|p2a: Aerodactyl|brn","|-curestatus|p1a: Murkrow|brn","|move|p2a: Aerodactyl|Stone Edge|p1a: Murkrow","|-supereffective|p1a: Murkrow","|-damage|p1a: Murkrow|0 fnt","|faint|p1a: Murkrow","|","|-damage|p2a: Aerodactyl|264/301 brn|[from] brn","|","|switch|p1a: Landorus|Landorus, M|319/319","|turn|18","|","|move|p2a: Aerodactyl|Stone Edge|p1a: Landorus","|-damage|p1a: Landorus|199/319","|move|p1a: Landorus|Focus Blast|p2a: Aerodactyl","|-damage|p2a: Aerodactyl|0 fnt","|faint|p2a: Aerodactyl","|","|","|switch|p2a: Tyranitar|Tyranitar, F|404/404","|-weather|Sandstorm","|turn|19","|","|move|p1a: Landorus|Focus Blast|p2a: Tyranitar","|-supereffective|p2a: Tyranitar","|-damage|p2a: Tyranitar|0 fnt","|faint|p2a: Tyranitar","|","|-weather|Sandstorm|[upkeep]","|","|switch|p2a: Terrakion|Terrakion|123/323 brn","|turn|20","|","|move|p2a: Terrakion|Iron Head|p1a: Landorus","|-damage|p1a: Landorus|148/319","|move|p1a: Landorus|Focus Blast|p2a: Terrakion","|-supereffective|p2a: Terrakion","|-damage|p2a: Terrakion|0 fnt","|faint|p2a: Terrakion","|","|-weather|Sandstorm|[upkeep]","|","|switch|p2a: Aggron|Aggron, M, shiny|344/344","|turn|21","|","|detailschange|p2a: Aggron|Aggron-Mega, M, shiny","|-mega|p2a: Aggron|Aggron|Aggronite","|move|p1a: Landorus|Focus Blast|p2a: Aggron|[miss]","|-miss|p1a: Landorus|p2a: Aggron","|move|p2a: Aggron|Heavy Slam|p1a: Landorus","|-damage|p1a: Landorus|0 fnt","|faint|p1a: Landorus","|","|win|Quilluminati"],"p1rating":{"entryid":"555056","serverid":"eos","formatid":"monotype","userid":"elderhoot","username":"Elder Hoot","w":"1","l":5,"t":"0","gxe":37.2,"r":"1451.8168138731","rd":"122.24927666482","sigma":"0","rptime":"1440752400","rpr":1397.6202865992,"rprd":98.611889832548,"rpsigma":"0","acre":1020.4307416726,"lacre":1020.4307416726,"oldacre":"1032.7045759447"},"p2rating":{"entryid":"261237","serverid":"eos","formatid":"monotype","userid":"quilluminati","username":"Quilluminati","w":8,"l":"3","t":"0","gxe":59.1,"r":"1586.2869131172","rd":"92.855525050382","sigma":"0","rptime":"1440752400","rpr":1571.5445851101,"rprd":87.852218621502,"rpsigma":"0","acre":1115.9403924266,"lacre":1115.9403924266,"oldacre":"1094.6999290677"},"endType":"normal"}