{"seed":[12682,15969,38801,46677],"turns":28,"p1":"Not Reapz","p2":"Hm Sableye","p1team":[{"name":"0.F.U","species":"magnezone","item":"leftovers","ability":"Sturdy","moves":["flashcannon","thunderbolt","protect","hiddenpowerice"],"nature":"Modest","evs":{"hp":76,"atk":0,"def":180,"spa":252,"spd":0,"spe":0},"ivs":{"hp":31,"atk":30,"def":30,"spa":31,"spd":31,"spe":31}},{"name":"Nope","species":"zapdos","item":"leftovers","ability":"Pressure","moves":["discharge","heatwave","toxic","roost"],"nature":"Bold","evs":{"hp":4,"atk":0,"def":252,"spa":56,"spd":196,"spe":0},"ivs":{"hp":31,"atk":31,"def":31,"spa":31,"spd":31,"spe":31}},{"name":"Amphabulous","species":"ampharos","item":"ampharosite","ability":"Static","moves":["cottonguard","rest","sleeptalk","dragonpulse"],"nature":"Bold","evs":{"hp":0,"atk":0,"def":252,"spa":136,"spd":120,"spe":0},"ivs":{"hp":31,"atk":31,"def":31,"spa":31,"spd":31,"spe":31}},{"name":"Raikou","species":"Raikou","item":"leftovers","ability":"Pressure","moves":["calmmind","substitute","thunderbolt","extrasensory"],"nature":"Timid","evs":{"hp":0,"atk":0,"def":0,"spa":252,"spd":4,"spe":252},"ivs":{"hp":31,"atk":30,"def":30,"spa":31,"spd":31,"spe":31}},{"name":"Fuck you","species":"rotomwash","item":"choicescarf","ability":"Levitate","moves":["voltswitch","hydropump","willowisp","trick"],"nature":"Timid","evs":{"hp":0,"atk":0,"def":0,"spa":252,"spd":4,"spe":252},"ivs":{"hp":31,"atk":31,"def":31,"spa":31,"spd":31,"spe":31}},{"name":"Thundurus","species":"Thundurus","item":"lifeorb","ability":"Prankster","moves":["thunderwave","thunderbolt","uturn","psychic"],"nature":"Serious","evs":{"hp":4,"atk":96,"def":0,"spa":156,"spd":0,"spe":252},"ivs":{"hp":31,"atk":31,"def":31,"spa":31,"spd":31,"spe":31}}],"p2team":[{"name":"Breloom","species":"Breloom","item":"focussash","ability":"Technician","moves":["bulletseed","machpunch","rocktomb","swordsdance"],"nature":"Adamant","evs":{"hp":0,"atk":252,"def":0,"spa":0,"spd":4,"spe":252},"ivs":{"hp":29,"atk":31,"def":31,"spa":31,"spd":31,"spe":31}},{"name":"Hawlucha","species":"Hawlucha","item":"sitrusberry","ability":"Unburden","moves":["acrobatics","highjumpkick","substitute","swordsdance"],"nature":"Jolly","evs":{"hp":12,"atk":244,"def":0,"spa":0,"spd":0,"spe":252},"ivs":{"hp":31,"atk":31,"def":31,"spa":31,"spd":31,"spe":31}},{"name":"Keldeo-Resolute","species":"Keldeo-Resolute","item":"choicescarf","ability":"Justified","moves":["icywind","hiddenpowerelectric","scald","secretsword"],"nature":"Timid","evs":{"hp":0,"atk":0,"def":0,"spa":252,"spd":4,"spe":252},"ivs":{"hp":31,"atk":31,"def":31,"spa":30,"spd":31,"spe":31}},{"name":"Medicham","species":"Medicham","item":"medichamite","ability":"Pure Power","moves":["highjumpkick","zenheadbutt","fakeout","bulletpunch"],"nature":"Jolly","evs":{"hp":0,"atk":252,"def":0,"spa":0,"spd":4,"spe":252},"ivs":{"hp":31,"atk":31,"def":31,"spa":31,"spd":31,"spe":31}},{"name":"Terrakion","species":"Terrakion","item":"choicescarf","ability":"Justified","moves":["closecombat","stoneedge","earthquake","ironhead"],"nature":"Jolly","evs":{"hp":4,"atk":252,"def":0,"spa":0,"spd":0,"spe":252},"ivs":{"hp":31,"atk":31,"def":31,"spa":31,"spd":31,"spe":31}},{"name":"Conkeldurr","species":"Conkeldurr","item":"assaultvest","ability":"Guts","moves":["knockoff","icepunch","machpunch","drainpunch"],"nature":"Adamant","evs":{"hp":248,"atk":252,"def":0,"spa":0,"spd":0,"spe":8},"ivs":{"hp":31,"atk":31,"def":31,"spa":31,"spd":31,"spe":31}}],"log":["|player|p1|Not Reapz|264","|player|p2|Hm Sableye|infernosableye.gif","|gametype|singles","|gen|6","|tier|Monotype","|rated","|rule|Baton Pass Clause: Limit one Baton Passer, can't pass Spe and other stats simultaneously","|rule|Swagger Clause: Swagger is banned","|rule|Same Type Clause: Pokémon in a team must share a type","|clearpoke","|poke|p1|Magnezone","|poke|p1|Zapdos","|poke|p1|Ampharos, F","|poke|p1|Raikou","|poke|p1|Rotom-Wash","|poke|p1|Thundurus, M","|poke|p2|Breloom, M","|poke|p2|Hawlucha, F","|poke|p2|Keldeo-Resolute","|poke|p2|Medicham, F","|poke|p2|Terrakion","|poke|p2|Conkeldurr, F","|rule|Sleep Clause Mod: Limit one foe put to sleep","|rule|Species Clause: Limit one of each Pokémon","|rule|OHKO Clause: OHKO moves are banned","|rule|Moody Clause: Moody is banned","|rule|Evasion Moves Clause: Evasion moves are banned","|rule|Endless Battle Clause: Forcing endless battles is banned","|rule|HP Percentage Mod: HP is shown in percentages","|teampreview","|","|start","|switch|p1a: Thundurus|Thundurus, M|300/300","|switch|p2a: Breloom|Breloom, M|259/259","|turn|1","|","|move|p1a: Thundurus|Thunder Wave|p2a: Breloom","|-status|p2a: Breloom|par","|move|p2a: Breloom|Rock Tomb|p1a: Thundurus","|-supereffective|p1a: Thundurus","|-damage|p1a: Thundurus|0 fnt","|faint|p1a: Thundurus","|","|","|switch|p1a: Amphabulous|Ampharos, F|321/321","|turn|2","|","|detailschange|p1a: Amphabulous|Ampharos-Mega, F","|-mega|p1a: Amphabulous|Ampharos|Ampharosite","|-ability|p1a: Amphabulous|Mold Breaker","|move|p1a: Amphabulous|Cotton Guard|p1a: Amphabulous","|-boost|p1a: Amphabulous|def|3","|move|p2a: Breloom|Swords Dance|p2a: Breloom","|-boost|p2a: Breloom|atk|2","|","|turn|3","|","|move|p1a: Amphabulous|Cotton Guard|p1a: Amphabulous","|-boost|p1a: Amphabulous|def|3","|cant|p2a: Breloom|par","|","|turn|4","|","|move|p1a: Amphabulous|Dragon Pulse|p2a: Breloom","|-enditem|p2a: Breloom|Focus Sash","|-damage|p2a: Breloom|1/259 par","|move|p2a: Breloom|Swords Dance|p2a: Breloom","|-boost|p2a: Breloom|atk|2","|","|turn|5","|","|move|p2a: Breloom|Mach Punch|p1a: Amphabulous","|-damage|p1a: Amphabulous|260/321","|move|p1a: Amphabulous|Dragon Pulse|p2a: Breloom","|-damage|p2a: Breloom|0 fnt","|faint|p2a: Breloom","|","|","|switch|p2a: Conkeldurr|Conkeldurr, F|413/413","|turn|6","|","|move|p2a: Conkeldurr|Ice Punch|p1a: Amphabulous","|-supereffective|p1a: Amphabulous","|-damage|p1a: Amphabulous|222/321","|move|p1a: Amphabulous|Dragon Pulse|p2a: Conkeldurr","|-damage|p2a: Conkeldurr|257/413","|","|turn|7","|","|move|p2a: Conkeldurr|Ice Punch|p1a: Amphabulous","|-supereffective|p1a: Amphabulous","|-damage|p1a: Amphabulous|182/321","|move|p1a: Amphabulous|Dragon Pulse|p2a: Conkeldurr","|-damage|p2a: Conkeldurr|107/413","|","|turn|8","|","|move|p2a: Conkeldurr|Drain Punch|p1a: Amphabulous","|-damage|p1a: Amphabulous|155/321","|-heal|p2a: Conkeldurr|121/413|[from] drain|[of] p1a: Amphabulous","|move|p1a: Amphabulous|Rest|p1a: Amphabulous","|-status|p1a: Amphabulous|slp","|-heal|p1a: Amphabulous|321/321 slp|[silent]","|-status|p1a: Amphabulous|slp|[from] move: Rest","|","|turn|9","|","|switch|p2a: Keldeo-Resolute|Keldeo-Resolute|323/323","|cant|p1a: Amphabulous|slp","|move|p1a: Amphabulous|Sleep Talk|p1a: Amphabulous","|move|p1a: Amphabulous|Dragon Pulse|p2a: Keldeo-Resolute|[from]Sleep Talk","|-damage|p2a: Keldeo-Resolute|139/323","|","|turn|10","|","|switch|p1a: Fuck you|Rotom-Wash|241/241","|move|p2a: Keldeo-Resolute|Icy Wind|p1a: Fuck you","|-miss|p2a: Keldeo-Resolute|p1a: Fuck you","|","|turn|11","|","|switch|p2a: Conkeldurr|Conkeldurr, F|121/413","|move|p1a: Fuck you|Volt Switch|p2a: Conkeldurr","|-damage|p2a: Conkeldurr|16/413","|","|switch|p1a: Raikou|Raikou|321/321","|-ability|p1a: Raikou|Pressure","|","|turn|12","|","|move|p2a: Conkeldurr|Mach Punch|p1a: Raikou","|-damage|p1a: Raikou|213/321","|move|p1a: Raikou|Extrasensory|p2a: Conkeldurr","|-supereffective|p2a: Conkeldurr","|-damage|p2a: Conkeldurr|0 fnt","|faint|p2a: Conkeldurr","|","|-heal|p1a: Raikou|233/321|[from] item: Leftovers","|","|switch|p2a: Terrakion|Terrakion|324/324","|turn|13","|","|move|p2a: Terrakion|Stone Edge|p1a: Raikou|[miss]","|-miss|p2a: Terrakion|p1a: Raikou","|move|p1a: Raikou|Thunderbolt|p2a: Terrakion","|-damage|p2a: Terrakion|161/324","|","|-heal|p1a: Raikou|253/321|[from] item: Leftovers","|turn|14","|","|switch|p1a: 0.F.U|Magnezone|300/300","|move|p2a: Terrakion|Stone Edge|p1a: 0.F.U","|-crit|p1a: 0.F.U","|-resisted|p1a: 0.F.U","|-damage|p1a: 0.F.U|194/300","|","|-heal|p1a: 0.F.U|212/300|[from] item: Leftovers","|turn|15","|","|switch|p2a: Keldeo-Resolute|Keldeo-Resolute|139/323","|move|p1a: 0.F.U|Thunderbolt|p2a: Keldeo-Resolute","|-supereffective|p2a: Keldeo-Resolute","|-damage|p2a: Keldeo-Resolute|0 fnt","|faint|p2a: Keldeo-Resolute","|","|-heal|p1a: 0.F.U|230/300|[from] item: Leftovers","|","|switch|p2a: Medicham|Medicham, F|261/261","|turn|16","|","|detailschange|p2a: Medicham|Medicham-Mega, F","|-mega|p2a: Medicham|Medicham|Medichamite","|move|p2a: Medicham|High Jump Kick|p1a: 0.F.U","|-supereffective|p1a: 0.F.U","|-damage|p1a: 0.F.U|0 fnt","|faint|p1a: 0.F.U","|","|","|switch|p1a: Fuck you|Rotom-Wash|241/241","|turn|17","|","|move|p1a: Fuck you|Will-O-Wisp|p2a: Medicham","|-status|p2a: Medicham|brn","|move|p2a: Medicham|High Jump Kick|p1a: Fuck you","|-damage|p1a: Fuck you|64/241","|","|-damage|p2a: Medicham|229/261 brn|[from] brn","|turn|18","|","|switch|p1a: Nope|Zapdos|322/322","|-ability|p1a: Nope|Pressure","|move|p2a: Medicham|Zen Headbutt|p1a: Nope|[miss]","|-miss|p2a: Medicham|p1a: Nope","|","|-damage|p2a: Medicham|197/261 brn|[from] brn","|turn|19","|","|move|p2a: Medicham|Zen Headbutt|p1a: Nope","|-damage|p1a: Nope|226/322","|move|p1a: Nope|Discharge|p2a: Medicham","|-damage|p2a: Medicham|71/261 brn","|","|-heal|p1a: Nope|246/322|[from] item: Leftovers","|-damage|p2a: Medicham|39/261 brn|[from] brn","|turn|20","|","|move|p2a: Medicham|Zen Headbutt|p1a: Nope|[miss]","|-miss|p2a: Medicham|p1a: Nope","|move|p1a: Nope|Roost|p1a: Nope","|-heal|p1a: Nope|322/322","|","|-damage|p2a: Medicham|7/261 brn|[from] brn","|turn|21","|","|move|p2a: Medicham|Zen Headbutt|p1a: Nope","|-damage|p1a: Nope|219/322","|move|p1a: Nope|Roost|p1a: Nope","|-heal|p1a: Nope|322/322","|","|-damage|p2a: Medicham|0 fnt|[from] brn","|faint|p2a: Medicham","|","|switch|p2a: Terrakion|Terrakion|161/324","|turn|22","|","|move|p2a: Terrakion|Stone Edge|p1a: Nope","|-supereffective|p1a: Nope","|-damage|p1a: Nope|50/322","|move|p1a: Nope|Discharge|p2a: Terrakion","|-damage|p2a: Terrakion|32/324","|","|-heal|p1a: Nope|70/322|[from] item: Leftovers","|turn|23","|","|move|p2a: Terrakion|Stone Edge|p1a: Nope","|-crit|p1a: Nope","|-supereffective|p1a: Nope","|-damage|p1a: Nope|0 fnt","|faint|p1a: Nope","|","|","|switch|p1a: Amphabulous|Ampharos-Mega, F|321/321 slp","|-ability|p1a: Amphabulous|Mold Breaker","|turn|24","|","|move|p2a: Terrakion|Stone Edge|p1a: Amphabulous|[miss]","|-miss|p2a: Terrakion|p1a: Amphabulous","|cant|p1a: Amphabulous|slp","|move|p1a: Amphabulous|Sleep Talk|p1a: Amphabulous","|move|p1a: Amphabulous|Dragon Pulse|p2a: Terrakion|[from]Sleep Talk","|-damage|p2a: Terrakion|0 fnt","|faint|p2a: Terrakion","|","|","|switch|p2a: Hawlucha|Hawlucha, F|300/300","|turn|25","|","|move|p2a: Hawlucha|Swords Dance|p2a: Hawlucha","|-boost|p2a: Hawlucha|atk|2","|-curestatus|p1a: Amphabulous|slp","|move|p1a: Amphabulous|Cotton Guard|p1a: Amphabulous","|-boost|p1a: Amphabulous|def|3","|","|turn|26","|","|move|p2a: Hawlucha|Swords Dance|p2a: Hawlucha","|-boost|p2a: Hawlucha|atk|2","|move|p1a: Amphabulous|Cotton Guard|p1a: Amphabulous","|-boost|p1a: Amphabulous|def|3","|","|turn|27","|","|move|p2a: Hawlucha|Swords Dance|p2a: Hawlucha","|-boost|p2a: Hawlucha|atk|2","|move|p1a: Amphabulous|Dragon Pulse|p2a: Hawlucha","|-damage|p2a: Hawlucha|39/300","|-enditem|p2a: Hawlucha|Sitrus Berry|[eat]","|-heal|p2a: Hawlucha|114/300|[from] item: Sitrus Berry","|","|turn|28","|","|move|p2a: Hawlucha|High Jump Kick|p1a: Amphabulous","|-damage|p1a: Amphabulous|189/321","|move|p1a: Amphabulous|Dragon Pulse|p2a: Hawlucha","|-damage|p2a: Hawlucha|0 fnt","|faint|p2a: Hawlucha","|","|win|Not Reapz"],"p1rating":{"entryid":"453318","serverid":"eos","formatid":"monotype","userid":"notreapz","username":"Not Reapz","w":4,"l":"4","t":"0","gxe":51.1,"r":"1482.424308139","rd":"95.449523961312","sigma":"0","rptime":"1440752400","rpr":1508.9134003076,"rprd":92.535725697061,"rpsigma":"0","acre":1115.7530917841,"lacre":1115.7530917841,"oldacre":"1093.8081664897"},"p2rating":{"entryid":"538896","serverid":"eos","formatid":"monotype","userid":"hmsableye","username":"Hm Sableye","w":"1","l":1,"t":"0","gxe":49.6,"r":"1540.1606143388","rd":"122.8583080769","sigma":"0","rptime":"1440752400","rpr":1496.8604244379,"rprd":116.52357623113,"rpsigma":"0","acre":1026.4583342503,"lacre":1026.4583342503,"oldacre":"1040"},"endType":"normal"}