{"seed":[26215,25019,360,31656],"turns":25,"p1":"Hm Rider","p2":"Seven Swell","p1team":[{"name":"Aegislash","species":"Aegislash","item":"weaknesspolicy","ability":"Stance Change","moves":["shadowsneak","ironhead","swordsdance","kingsshield"],"nature":"Adamant","evs":{"hp":248,"atk":252,"def":0,"spa":0,"spd":8,"spe":0},"ivs":{"hp":31,"atk":31,"def":31,"spa":31,"spd":31,"spe":31}},{"name":"Sableye","species":"Sableye","item":"sablenite","ability":"Keen Eye","moves":["willowisp","calmmind","darkpulse","recover"],"nature":"","evs":{"hp":0,"atk":0,"def":0,"spa":0,"spd":0,"spe":0},"ivs":{"hp":31,"atk":31,"def":31,"spa":31,"spd":31,"spe":31}},{"name":"Shedinja","species":"Shedinja","item":"weaknesspolicy","ability":"Wonder Guard","moves":["endure","shadowsneak","xscissor","suckerpunch"],"nature":"Brave","evs":{"hp":0,"atk":252,"def":4,"spa":0,"spd":0,"spe":0},"ivs":{"hp":31,"atk":31,"def":31,"spa":31,"spd":31,"spe":31}},{"name":"Cofagrigus","species":"Cofagrigus","item":"leftovers","ability":"Mummy","moves":["trickroom","willowisp","hex","knockoff"],"nature":"Sassy","evs":{"hp":252,"atk":4,"def":0,"spa":0,"spd":252,"spe":0},"ivs":{"hp":31,"atk":31,"def":31,"spa":31,"spd":31,"spe":0}},{"name":"Trevenant","species":"Trevenant","item":"sitrusberry","ability":"Harvest","moves":["substitute","phantomforce","curse","leechseed"],"nature":"Careful","evs":{"hp":252,"atk":4,"def":120,"spa":0,"spd":132,"spe":0},"ivs":{"hp":31,"atk":31,"def":31,"spa":31,"spd":31,"spe":31}},{"name":"Jellicent","species":"Jellicent","item":"leftovers","ability":"Cursed Body","moves":["trickroom","scald","icebeam","recover"],"nature":"Relaxed","evs":{"hp":252,"atk":0,"def":252,"spa":4,"spd":0,"spe":0},"ivs":{"hp":31,"atk":31,"def":31,"spa":31,"spd":31,"spe":0}}],"p2team":[{"name":"Mew","species":"Mew","item":"leftovers","ability":"Synchronize","moves":["roost","toxic","healbell","aurasphere"],"nature":"Calm","evs":{"hp":252,"atk":0,"def":0,"spa":4,"spd":252,"spe":0},"ivs":{"hp":31,"atk":0,"def":31,"spa":31,"spd":31,"spe":31}},{"name":"Slowbro","species":"Slowbro","item":"rockyhelmet","ability":"Regenerator","moves":["scald","yawn","flamethrower","slackoff"],"nature":"Bold","evs":{"hp":252,"atk":0,"def":252,"spa":4,"spd":0,"spe":0},"ivs":{"hp":31,"atk":0,"def":31,"spa":31,"spd":31,"spe":31}},{"name":"Deoxys-Speed","species":"Deoxys-Speed","item":"focussash","ability":"Pressure","moves":["stealthrock","thunderbolt","thunderwave","icebeam"],"nature":"Timid","evs":{"hp":252,"atk":0,"def":0,"spa":44,"spd":0,"spe":212},"ivs":{"hp":31,"atk":0,"def":31,"spa":31,"spd":31,"spe":31}},{"name":"Latias","species":"Latias","item":"leftovers","ability":"Levitate","moves":["dracometeor","psyshock","roost","defog"],"nature":"Timid","evs":{"hp":252,"atk":0,"def":0,"spa":4,"spd":0,"spe":252},"ivs":{"hp":31,"atk":0,"def":31,"spa":31,"spd":31,"spe":31}},{"name":"Hoopa-Unbound","species":"Hoopa-Unbound","item":"focussash","ability":"Magician","moves":["hyperspacefury","drainpunch","firepunch","gunkshot"],"nature":"Adamant","evs":{"hp":0,"atk":252,"def":0,"spa":0,"spd":4,"spe":252},"ivs":{"hp":31,"atk":31,"def":31,"spa":31,"spd":31,"spe":31}},{"name":"Gardevoir","species":"Gardevoir","item":"gardevoirite","ability":"Trace","moves":["hypervoice","psyshock","shadowball","taunt"],"nature":"Timid","evs":{"hp":0,"atk":0,"def":0,"spa":252,"spd":4,"spe":252},"ivs":{"hp":31,"atk":0,"def":31,"spa":31,"spd":31,"spe":31}}],"log":["|player|p1|Hm Rider|13","|player|p2|Seven Swell|sevenswell.png","|gametype|singles","|gen|6","|tier|Monotype","|rated","|rule|Baton Pass Clause: Limit one Baton Passer, can't pass Spe and other stats simultaneously","|rule|Swagger Clause: Swagger is banned","|rule|Same Type Clause: Pokémon in a team must share a type","|clearpoke","|poke|p1|Aegislash, M","|poke|p1|Sableye, M","|poke|p1|Shedinja","|poke|p1|Cofagrigus, M","|poke|p1|Trevenant, F","|poke|p1|Jellicent, M","|poke|p2|Mew","|poke|p2|Slowbro, F","|poke|p2|Deoxys-Speed","|poke|p2|Latias, F","|poke|p2|Hoopa-Unbound","|poke|p2|Gardevoir, M","|rule|Sleep Clause Mod: Limit one foe put to sleep","|rule|Species Clause: Limit one of each Pokémon","|rule|OHKO Clause: OHKO moves are banned","|rule|Moody Clause: Moody is banned","|rule|Evasion Moves Clause: Evasion moves are banned","|rule|Endless Battle Clause: Forcing endless battles is banned","|rule|HP Percentage Mod: HP is shown in percentages","|teampreview","|","|start","|switch|p1a: Shedinja|Shedinja|1/1","|switch|p2a: Deoxys-Speed|Deoxys-Speed|304/304","|-ability|p2a: Deoxys-Speed|Pressure","|turn|1","|","|move|p1a: Shedinja|Endure|p1a: Shedinja","|-singleturn|p1a: Shedinja|move: Endure","|move|p2a: Deoxys-Speed|Stealth Rock|p1a: Shedinja","|-sidestart|p1: Hm Rider|move: Stealth Rock","|","|turn|2","|","|switch|p2a: Slowbro|Slowbro, F|394/394","|move|p1a: Shedinja|X-Scissor|p2a: Slowbro","|-supereffective|p2a: Slowbro","|-damage|p2a: Slowbro|238/394","|-damage|p1a: Shedinja|0 fnt|[from] item: Rocky Helmet|[of] p2a: Slowbro","|faint|p1a: Shedinja","|","|","|switch|p1a: Cofagrigus|Cofagrigus, M|320/320","|-damage|p1a: Cofagrigus|280/320|[from] Stealth Rock","|turn|3","|","|switch|p2a: Mew|Mew|404/404","|move|p1a: Cofagrigus|Trick Room|p1a: Cofagrigus","|-fieldstart|move: Trick Room|[of] p1a: Cofagrigus","|","|-heal|p1a: Cofagrigus|300/320|[from] item: Leftovers","|turn|4","|","|move|p1a: Cofagrigus|Will-O-Wisp|p2a: Mew|[miss]","|-miss|p1a: Cofagrigus|p2a: Mew","|move|p2a: Mew|Toxic|p1a: Cofagrigus","|-status|p1a: Cofagrigus|tox","|","|-heal|p1a: Cofagrigus|320/320 tox|[from] item: Leftovers","|-damage|p1a: Cofagrigus|300/320 tox|[from] psn","|turn|5","|","|move|p1a: Cofagrigus|Will-O-Wisp|p2a: Mew","|-status|p2a: Mew|brn","|move|p2a: Mew|Roost|p2a: Mew","|-fail|p2a: Mew","|","|-heal|p1a: Cofagrigus|320/320 tox|[from] item: Leftovers","|-damage|p1a: Cofagrigus|280/320 tox|[from] psn","|-damage|p2a: Mew|354/404 brn|[from] brn","|turn|6","|","|move|p1a: Cofagrigus|Hex|p2a: Mew","|-supereffective|p2a: Mew","|-damage|p2a: Mew|148/404 brn","|move|p2a: Mew|Heal Bell|p2a: Mew","|-cureteam|p2a: Mew|[from] move: HealBell","|","|-heal|p1a: Cofagrigus|300/320 tox|[from] item: Leftovers","|-heal|p2a: Mew|173/404|[from] item: Leftovers","|-damage|p1a: Cofagrigus|240/320 tox|[from] psn","|turn|7","|","|move|p1a: Cofagrigus|Knock Off|p2a: Mew","|-supereffective|p2a: Mew","|-damage|p2a: Mew|85/404","|-enditem|p2a: Mew|Leftovers|[from] move: Knock Off|[of] p1a: Cofagrigus","|move|p2a: Mew|Roost|p2a: Mew","|-heal|p2a: Mew|287/404","|","|-heal|p1a: Cofagrigus|260/320 tox|[from] item: Leftovers","|-damage|p1a: Cofagrigus|180/320 tox|[from] psn","|-fieldend|move: Trick Room","|turn|8","|","|switch|p1a: Jellicent|Jellicent, M|404/404","|-damage|p1a: Jellicent|354/404|[from] Stealth Rock","|move|p2a: Mew|Roost|p2a: Mew","|-heal|p2a: Mew|404/404","|","|-heal|p1a: Jellicent|379/404|[from] item: Leftovers","|turn|9","|","|move|p2a: Mew|Toxic|p1a: Jellicent","|-status|p1a: Jellicent|tox","|move|p1a: Jellicent|Trick Room|p1a: Jellicent","|-fieldstart|move: Trick Room|[of] p1a: Jellicent","|","|-heal|p1a: Jellicent|404/404 tox|[from] item: Leftovers","|-damage|p1a: Jellicent|379/404 tox|[from] psn","|turn|10","|","|switch|p1a: Sableye|Sableye, M|241/241","|-damage|p1a: Sableye|211/241|[from] Stealth Rock","|move|p2a: Mew|Roost|p2a: Mew","|-fail|p2a: Mew","|","|turn|11","|","|detailschange|p1a: Sableye|Sableye-Mega, M","|-mega|p1a: Sableye|Sableye|Sablenite","|move|p1a: Sableye|Calm Mind|p1a: Sableye","|-boost|p1a: Sableye|spa|1","|-boost|p1a: Sableye|spd|1","|move|p2a: Mew|Toxic|p1a: Sableye","|move|p1a: Sableye|Toxic|p2a: Mew|[from]Magic Bounce","|-status|p2a: Mew|tox","|-status|p1a: Sableye|tox","|","|-damage|p1a: Sableye|196/241 tox|[from] psn","|-damage|p2a: Mew|379/404 tox|[from] psn","|turn|12","|","|move|p1a: Sableye|Calm Mind|p1a: Sableye","|-boost|p1a: Sableye|spa|1","|-boost|p1a: Sableye|spd|1","|move|p2a: Mew|Heal Bell|p2a: Mew","|-cureteam|p2a: Mew|[from] move: HealBell","|","|-damage|p1a: Sableye|166/241 tox|[from] psn","|turn|13","|","|switch|p2a: Gardevoir|Gardevoir, M|277/277","|-ability|p2a: Gardevoir|Magic Bounce|[from] ability: Trace|[of] p1a: Sableye","|move|p1a: Sableye|Dark Pulse|p2a: Gardevoir","|-damage|p2a: Gardevoir|127/277","|","|-damage|p1a: Sableye|121/241 tox|[from] psn","|-fieldend|move: Trick Room","|turn|14","|","|detailschange|p2a: Gardevoir|Gardevoir-Mega, M","|-mega|p2a: Gardevoir|Gardevoir|Gardevoirite","|move|p2a: Gardevoir|Hyper Voice|p1a: Sableye","|-supereffective|p1a: Sableye","|-damage|p1a: Sableye|0 fnt","|faint|p1a: Sableye","|","|","|switch|p1a: Aegislash|Aegislash, M|323/323","|-damage|p1a: Aegislash|303/323|[from] Stealth Rock","|turn|15","|","|switch|p2a: Slowbro|Slowbro, F|369/394","|move|p1a: Aegislash|Swords Dance|p1a: Aegislash","|-boost|p1a: Aegislash|atk|2","|","|turn|16","|","|move|p1a: Aegislash|Swords Dance|p1a: Aegislash","|-boost|p1a: Aegislash|atk|2","|move|p2a: Slowbro|Yawn|p1a: Aegislash","|-start|p1a: Aegislash|move: Yawn|[of] p2a: Slowbro","|","|turn|17","|","|-formechange|p1a: Aegislash|Aegislash-Blade","|move|p1a: Aegislash|Shadow Sneak|p2a: Slowbro","|-supereffective|p2a: Slowbro","|-damage|p2a: Slowbro|19/394","|-damage|p1a: Aegislash|250/323|[from] item: Rocky Helmet|[of] p2a: Slowbro","|move|p2a: Slowbro|Flamethrower|p1a: Aegislash","|-supereffective|p1a: Aegislash","|-damage|p1a: Aegislash|0 fnt","|faint|p1a: Aegislash","|","|","|switch|p1a: Trevenant|Trevenant, F|374/374","|-damage|p1a: Trevenant|328/374|[from] Stealth Rock","|turn|18","|","|move|p1a: Trevenant|Substitute|p1a: Trevenant","|-start|p1a: Trevenant|Substitute","|-damage|p1a: Trevenant|235/374","|move|p2a: Slowbro|Yawn|p1a: Trevenant","|-fail|p1a: Trevenant","|","|turn|19","|","|move|p1a: Trevenant|Leech Seed|p2a: Slowbro","|-start|p2a: Slowbro|move: Leech Seed","|move|p2a: Slowbro|Flamethrower|p1a: Trevenant","|-supereffective|p1a: Trevenant","|-end|p1a: Trevenant|Substitute","|","|-damage|p2a: Slowbro|0 fnt|[from] Leech Seed|[of] p1a: Trevenant","|-heal|p1a: Trevenant|254/374|[silent]","|faint|p2a: Slowbro","|","|switch|p2a: Gardevoir|Gardevoir-Mega, M|127/277","|turn|20","|","|move|p2a: Gardevoir|Shadow Ball|p1a: Trevenant","|-supereffective|p1a: Trevenant","|-damage|p1a: Trevenant|58/374","|-unboost|p1a: Trevenant|spd|1","|-enditem|p1a: Trevenant|Sitrus Berry|[eat]","|-heal|p1a: Trevenant|151/374|[from] item: Sitrus Berry","|move|p1a: Trevenant|Substitute|p1a: Trevenant","|-start|p1a: Trevenant|Substitute","|-damage|p1a: Trevenant|58/374","|","|turn|21","|","|move|p2a: Gardevoir|Hyper Voice|p1a: Trevenant","|-damage|p1a: Trevenant|0 fnt","|faint|p1a: Trevenant","|","|","|switch|p1a: Jellicent|Jellicent, M|379/404 tox","|-damage|p1a: Jellicent|329/404 tox|[from] Stealth Rock","|turn|22","|","|move|p2a: Gardevoir|Psyshock|p1a: Jellicent","|-damage|p1a: Jellicent|166/404 tox","|move|p1a: Jellicent|Scald|p2a: Gardevoir","|-damage|p2a: Gardevoir|61/277","|","|-heal|p1a: Jellicent|191/404 tox|[from] item: Leftovers","|-damage|p1a: Jellicent|166/404 tox|[from] psn","|turn|23","|","|move|p2a: Gardevoir|Psyshock|p1a: Jellicent","|-damage|p1a: Jellicent|19/404 tox","|move|p1a: Jellicent|Trick Room|p1a: Jellicent","|-fieldstart|move: Trick Room|[of] p1a: Jellicent","|","|-heal|p1a: Jellicent|44/404 tox|[from] item: Leftovers","|-damage|p1a: Jellicent|0 fnt|[from] psn","|faint|p1a: Jellicent","|","|switch|p1a: Cofagrigus|Cofagrigus, M|180/320 tox","|-damage|p1a: Cofagrigus|140/320 tox|[from] Stealth Rock","|turn|24","|","|move|p1a: Cofagrigus|Hex|p2a: Gardevoir","|-supereffective|p2a: Gardevoir","|-damage|p2a: Gardevoir|0 fnt","|faint|p2a: Gardevoir","|","|-heal|p1a: Cofagrigus|160/320 tox|[from] item: Leftovers","|-damage|p1a: Cofagrigus|140/320 tox|[from] psn","|","|switch|p2a: Hoopa-Unbound|Hoopa-Unbound|301/301","|turn|25","|","|move|p1a: Cofagrigus|Will-O-Wisp|p2a: Hoopa-Unbound","|-status|p2a: Hoopa-Unbound|brn","|move|p2a: Hoopa-Unbound|Hyperspace Fury|p1a: Cofagrigus","|-supereffective|p1a: Cofagrigus","|-damage|p1a: Cofagrigus|0 fnt","|-unboost|p2a: Hoopa-Unbound|def|1","|faint|p1a: Cofagrigus","|","|win|Seven Swell"],"p1rating":{"entryid":"552316","serverid":"eos","formatid":"monotype","userid":"hmrider","username":"Hm Rider","w":"3","l":4,"t":"0","gxe":47.3,"r":"1492.9153915429","rd":"98.663699848135","sigma":"0","rptime":"1440752400","rpr":1478.6250210542,"rprd":95.696407260172,"rpsigma":"0","acre":1073.864737492,"lacre":1073.864737492,"oldacre":"1084.8839790392"},"p2rating":{"entryid":"86214","serverid":"eos","formatid":"monotype","userid":"sevenswell","username":"Seven Swell","w":60,"l":"23","t":"0","gxe":71.2,"r":"1664.1513548616","rd":"41.885113378167","sigma":"0","rptime":"1440752400","rpr":1671.3845634224,"rprd":41.262178910507,"rpsigma":"0","acre":1294.9969022925,"lacre":1294.9969022925,"oldacre":"1282.87857545"},"endType":"normal"}