{"seed":[54687,14186,41146,35821],"turns":23,"p1":"Quilluminati","p2":"DJ Gible","p1team":[{"name":"Aggron","species":"Aggron","item":"aggronite","ability":"Sturdy","moves":["heavyslam","curse","rest","sleeptalk"],"nature":"Impish","evs":{"hp":252,"atk":0,"def":16,"spa":0,"spd":240,"spe":0},"shiny":true,"ivs":{"hp":31,"atk":31,"def":31,"spa":31,"spd":31,"spe":31}},{"name":"Aerodactyl","species":"Aerodactyl","item":"focussash","ability":"Rock Head","moves":["aerialace","honeclaws","stoneedge","firefang"],"nature":"Jolly","evs":{"hp":0,"atk":252,"def":0,"spa":0,"spd":4,"spe":252},"ivs":{"hp":31,"atk":31,"def":31,"spa":31,"spd":31,"spe":31}},{"name":"Cradily","species":"Cradily","item":"rockyhelmet","ability":"Storm Drain","moves":["gigadrain","stockpile","recover","toxic"],"nature":"Calm","evs":{"hp":44,"atk":0,"def":216,"spa":48,"spd":140,"spe":60},"ivs":{"hp":31,"atk":31,"def":31,"spa":31,"spd":31,"spe":31}},{"name":"Tyranitar","species":"Tyranitar","item":"assaultvest","ability":"Sand Stream","moves":["fireblast","crunch","earthquake","stoneedge"],"nature":"Naughty","evs":{"hp":252,"atk":152,"def":0,"spa":104,"spd":0,"spe":0},"ivs":{"hp":31,"atk":31,"def":31,"spa":31,"spd":31,"spe":31}},{"name":"Terrakion","species":"Terrakion","item":"choicescarf","ability":"Justified","moves":["closecombat","earthquake","ironhead","stoneedge"],"nature":"Jolly","evs":{"hp":0,"atk":252,"def":0,"spa":0,"spd":4,"spe":252},"ivs":{"hp":31,"atk":31,"def":31,"spa":31,"spd":31,"spe":31}},{"name":"Omastar","species":"Omastar","item":"focussash","ability":"Shell Armor","moves":["shellsmash","icebeam","scald","earthpower"],"nature":"Modest","evs":{"hp":0,"atk":0,"def":0,"spa":252,"spd":4,"spe":252},"ivs":{"hp":31,"atk":31,"def":31,"spa":31,"spd":31,"spe":31}}],"p2team":[{"name":"Conkeldurr","species":"Conkeldurr","item":"assaultvest","ability":"Iron Fist","moves":["icepunch","drainpunch","earthquake","machpunch"],"nature":"Adamant","evs":{"hp":248,"atk":252,"def":0,"spa":0,"spd":8,"spe":0},"ivs":{"hp":31,"atk":31,"def":31,"spa":31,"spd":31,"spe":31}},{"name":"Hawlucha","species":"Hawlucha","item":"powerherb","ability":"Unburden","moves":["acrobatics","roost","poisonjab","skyattack"],"nature":"Adamant","evs":{"hp":0,"atk":252,"def":0,"spa":0,"spd":4,"spe":252},"ivs":{"hp":31,"atk":31,"def":31,"spa":31,"spd":31,"spe":31}},{"name":"Keldeo","species":"Keldeo","item":"choicescarf","ability":"Justified","moves":["icywind","hydropump","secretsword","scald"],"nature":"Timid","evs":{"hp":0,"atk":0,"def":0,"spa":252,"spd":4,"spe":252},"ivs":{"hp":31,"atk":31,"def":31,"spa":31,"spd":31,"spe":31}},{"name":"Terrakion","species":"Terrakion","item":"choicescarf","ability":"Justified","moves":["closecombat","earthquake","rockslide","xscissor"],"nature":"Jolly","evs":{"hp":0,"atk":252,"def":0,"spa":0,"spd":4,"spe":252},"ivs":{"hp":31,"atk":31,"def":31,"spa":31,"spd":31,"spe":31}},{"name":"Lucario","species":"Lucario","item":"lifeorb","ability":"Justified","moves":["nastyplot","extremespeed","aurasphere","flashcannon"],"nature":"Hasty","evs":{"hp":0,"atk":4,"def":0,"spa":252,"spd":0,"spe":252},"ivs":{"hp":31,"atk":31,"def":31,"spa":31,"spd":31,"spe":31}},{"name":"Heracross","species":"Heracross","item":"heracronite","ability":"Moxie","moves":["megahorn","rockblast","closecombat","swordsdance"],"nature":"Adamant","evs":{"hp":248,"atk":252,"def":0,"spa":0,"spd":8,"spe":0},"ivs":{"hp":31,"atk":31,"def":31,"spa":31,"spd":31,"spe":31}}],"log":["|player|p1|Quilluminati|80","|player|p2|DJ Gible|198","|gametype|singles","|gen|6","|tier|Monotype","|rated","|rule|Baton Pass Clause: Limit one Baton Passer, can't pass Spe and other stats simultaneously","|rule|Swagger Clause: Swagger is banned","|rule|Same Type Clause: Pokémon in a team must share a type","|clearpoke","|poke|p1|Aggron, F, shiny","|poke|p1|Aerodactyl, M","|poke|p1|Cradily, F","|poke|p1|Tyranitar, F","|poke|p1|Terrakion","|poke|p1|Omastar, F","|poke|p2|Conkeldurr, F","|poke|p2|Hawlucha, F","|poke|p2|Keldeo","|poke|p2|Terrakion","|poke|p2|Lucario, F","|poke|p2|Heracross, F","|rule|Sleep Clause Mod: Limit one foe put to sleep","|rule|Species Clause: Limit one of each Pokémon","|rule|OHKO Clause: OHKO moves are banned","|rule|Moody Clause: Moody is banned","|rule|Evasion Moves Clause: Evasion moves are banned","|rule|Endless Battle Clause: Forcing endless battles is banned","|rule|HP Percentage Mod: HP is shown in percentages","|teampreview","|","|start","|switch|p1a: Aggron|Aggron, F, shiny|344/344","|switch|p2a: Conkeldurr|Conkeldurr, F|413/413","|turn|1","|","|detailschange|p1a: Aggron|Aggron-Mega, F, shiny","|-mega|p1a: Aggron|Aggron|Aggronite","|move|p1a: Aggron|Curse|p1a: Aggron","|-unboost|p1a: Aggron|spe|1","|-boost|p1a: Aggron|atk|1","|-boost|p1a: Aggron|def|1","|move|p2a: Conkeldurr|Drain Punch|p1a: Aggron","|-supereffective|p1a: Aggron","|-damage|p1a: Aggron|268/344","|","|turn|2","|","|move|p2a: Conkeldurr|Drain Punch|p1a: Aggron","|-crit|p1a: Aggron","|-supereffective|p1a: Aggron","|-damage|p1a: Aggron|88/344","|move|p1a: Aggron|Curse|p1a: Aggron","|-unboost|p1a: Aggron|spe|1","|-boost|p1a: Aggron|atk|1","|-boost|p1a: Aggron|def|1","|","|turn|3","|","|move|p2a: Conkeldurr|Drain Punch|p1a: Aggron","|-supereffective|p1a: Aggron","|-damage|p1a: Aggron|24/344","|move|p1a: Aggron|Rest|p1a: Aggron","|-status|p1a: Aggron|slp","|-heal|p1a: Aggron|344/344 slp|[silent]","|-status|p1a: Aggron|slp|[from] move: Rest","|","|turn|4","|","|switch|p2a: Lucario|Lucario, F|281/281","|cant|p1a: Aggron|slp","|move|p1a: Aggron|Sleep Talk|p1a: Aggron","|move|p1a: Aggron|Rest|p1a: Aggron|[from]Sleep Talk","|-fail|p1a: Aggron","|","|turn|5","|","|move|p2a: Lucario|Nasty Plot|p2a: Lucario","|-boost|p2a: Lucario|spa|2","|cant|p1a: Aggron|slp","|move|p1a: Aggron|Sleep Talk|p1a: Aggron","|move|p1a: Aggron|Heavy Slam|p2a: Lucario|[from]Sleep Talk","|-resisted|p2a: Lucario","|-damage|p2a: Lucario|14/281","|","|turn|6","|","|switch|p1a: Omastar|Omastar, F|281/281","|move|p2a: Lucario|Aura Sphere|p1a: Omastar","|-supereffective|p1a: Omastar","|-enditem|p1a: Omastar|Focus Sash","|-damage|p1a: Omastar|1/281","|-damage|p2a: Lucario|0 fnt|[from] item: Life Orb","|faint|p2a: Lucario","|","|","|switch|p2a: Conkeldurr|Conkeldurr, F|413/413","|turn|7","|","|switch|p1a: Aggron|Aggron-Mega, F, shiny|344/344 slp","|move|p2a: Conkeldurr|Mach Punch|p1a: Aggron","|-supereffective|p1a: Aggron","|-damage|p1a: Aggron|277/344 slp","|","|turn|8","|","|-curestatus|p1a: Aggron|slp","|move|p1a: Aggron|Sleep Talk|p1a: Aggron","|-fail|p1a: Aggron","|move|p2a: Conkeldurr|Drain Punch|p1a: Aggron","|-supereffective|p1a: Aggron","|-damage|p1a: Aggron|156/344","|","|turn|9","|","|move|p1a: Aggron|Rest|p1a: Aggron","|-status|p1a: Aggron|slp","|-heal|p1a: Aggron|344/344 slp|[silent]","|-status|p1a: Aggron|slp|[from] move: Rest","|move|p2a: Conkeldurr|Drain Punch|p1a: Aggron","|-supereffective|p1a: Aggron","|-damage|p1a: Aggron|223/344 slp","|","|turn|10","|","|cant|p1a: Aggron|slp","|move|p1a: Aggron|Sleep Talk|p1a: Aggron","|move|p1a: Aggron|Rest|p1a: Aggron|[from]Sleep Talk","|-fail|p1a: Aggron","|move|p2a: Conkeldurr|Drain Punch|p1a: Aggron","|-supereffective|p1a: Aggron","|-damage|p1a: Aggron|96/344 slp","|","|turn|11","|","|switch|p1a: Cradily|Cradily, F|324/324","|move|p2a: Conkeldurr|Drain Punch|p1a: Cradily","|-supereffective|p1a: Cradily","|-damage|p1a: Cradily|0 fnt","|-damage|p2a: Conkeldurr|345/413|[from] item: Rocky Helmet|[of] p1a: Cradily","|faint|p1a: Cradily","|","|","|switch|p1a: Aerodactyl|Aerodactyl, M|301/301","|turn|12","|","|switch|p2a: Hawlucha|Hawlucha, F|297/297","|move|p1a: Aerodactyl|Aerial Ace|p2a: Hawlucha","|-supereffective|p2a: Hawlucha","|-damage|p2a: Hawlucha|69/297","|","|turn|13","|","|move|p1a: Aerodactyl|Hone Claws|p1a: Aerodactyl","|-boost|p1a: Aerodactyl|atk|1","|-boost|p1a: Aerodactyl|accuracy|1","|move|p2a: Hawlucha|Sky Attack|p1a: Aerodactyl|[still]","|-prepare|p2a: Hawlucha|Sky Attack|p1a: Aerodactyl","|-enditem|p2a: Hawlucha|Power Herb","|-anim|p2a: Hawlucha|Sky Attack|p1a: Aerodactyl","|-resisted|p1a: Aerodactyl","|-damage|p1a: Aerodactyl|135/301","|","|turn|14","|","|move|p2a: Hawlucha|Acrobatics|p1a: Aerodactyl","|-resisted|p1a: Aerodactyl","|-damage|p1a: Aerodactyl|11/301","|move|p1a: Aerodactyl|Aerial Ace|p2a: Hawlucha","|-supereffective|p2a: Hawlucha","|-damage|p2a: Hawlucha|0 fnt","|faint|p2a: Hawlucha","|","|","|switch|p2a: Terrakion|Terrakion|323/323","|turn|15","|","|move|p2a: Terrakion|Close Combat|p1a: Aerodactyl","|-damage|p1a: Aerodactyl|0 fnt","|-unboost|p2a: Terrakion|def|1","|-unboost|p2a: Terrakion|spd|1","|faint|p1a: Aerodactyl","|","|","|switch|p1a: Aggron|Aggron-Mega, F, shiny|96/344 slp","|turn|16","|","|move|p2a: Terrakion|Close Combat|p1a: Aggron","|-supereffective|p1a: Aggron","|-damage|p1a: Aggron|0 fnt","|-unboost|p2a: Terrakion|def|1","|-unboost|p2a: Terrakion|spd|1","|faint|p1a: Aggron","|","|","|switch|p1a: Terrakion|Terrakion|323/323","|turn|17","|","|switch|p2a: Heracross|Heracross, F|363/363","|move|p1a: Terrakion|Earthquake|p2a: Heracross","|-resisted|p2a: Heracross","|-damage|p2a: Heracross|292/363","|","|turn|18","|","|switch|p1a: Omastar|Omastar, F|1/281","|detailschange|p2a: Heracross|Heracross-Mega, F","|-mega|p2a: Heracross|Heracross|Heracronite","|move|p2a: Heracross|Swords Dance|p2a: Heracross","|-boost|p2a: Heracross|atk|2","|","|turn|19","|","|move|p1a: Omastar|Scald|p2a: Heracross","|-damage|p2a: Heracross|151/363","|move|p2a: Heracross|Close Combat|p1a: Omastar","|-supereffective|p1a: Omastar","|-damage|p1a: Omastar|0 fnt","|-unboost|p2a: Heracross|def|1","|-unboost|p2a: Heracross|spd|1","|faint|p1a: Omastar","|","|","|switch|p1a: Terrakion|Terrakion|323/323","|turn|20","|","|move|p1a: Terrakion|Stone Edge|p2a: Heracross","|-crit|p2a: Heracross","|-damage|p2a: Heracross|0 fnt","|faint|p2a: Heracross","|","|","|switch|p2a: Terrakion|Terrakion|323/323","|turn|21","|","|switch|p1a: Tyranitar|Tyranitar, F|404/404","|-weather|Sandstorm","|move|p2a: Terrakion|Close Combat|p1a: Tyranitar","|-supereffective|p1a: Tyranitar","|-damage|p1a: Tyranitar|0 fnt","|-unboost|p2a: Terrakion|def|1","|-unboost|p2a: Terrakion|spd|1","|faint|p1a: Tyranitar","|","|-weather|Sandstorm|[upkeep]","|","|switch|p1a: Terrakion|Terrakion|323/323","|turn|22","|","|switch|p2a: Conkeldurr|Conkeldurr, F|345/413","|move|p1a: Terrakion|Close Combat|p2a: Conkeldurr","|-crit|p2a: Conkeldurr","|-damage|p2a: Conkeldurr|21/413","|-unboost|p1a: Terrakion|def|1","|-unboost|p1a: Terrakion|spd|1","|","|-weather|Sandstorm|[upkeep]","|-damage|p2a: Conkeldurr|0 fnt|[from] sandstorm","|faint|p2a: Conkeldurr","|","|switch|p2a: Keldeo|Keldeo|323/323","|turn|23","|","|move|p1a: Terrakion|Close Combat|p2a: Keldeo","|-damage|p2a: Keldeo|107/323","|-unboost|p1a: Terrakion|def|1","|-unboost|p1a: Terrakion|spd|1","|move|p2a: Keldeo|Scald|p1a: Terrakion","|-supereffective|p1a: Terrakion","|-damage|p1a: Terrakion|0 fnt","|faint|p1a: Terrakion","|","|win|DJ Gible"],"p1rating":{"entryid":"261237","serverid":"eos","formatid":"monotype","userid":"quilluminati","username":"Quilluminati","w":"7","l":3,"t":"0","gxe":57.2,"r":"1586.2869131172","rd":"92.855525050382","sigma":"0","rptime":"1440752400","rpr":1556.5439672659,"rprd":90.08335771188,"rpsigma":"0","acre":1094.6999290677,"lacre":1094.6999290677,"oldacre":"1122.7539440529"},"p2rating":{"entryid":"166635","serverid":"eos","formatid":"monotype","userid":"djgible","username":"DJ Gible","w":13,"l":"15","t":"0","gxe":48.8,"r":"1476.9387290542","rd":"63.583583923878","sigma":"0","rptime":"1440752400","rpr":1490.9759265438,"rprd":62.706512132137,"rpsigma":"0","acre":1111.5019723518,"lacre":1111.5019723518,"oldacre":"1080.0979655265"},"endType":"normal"}