{"seed":[38715,48289,18987,15331],"turns":35,"p1":"Vin Prof Gortex","p2":"Void Wiley","p1team":[{"name":"Empoleon","species":"Empoleon","item":"leftovers","ability":"Torrent","moves":["stealthrock","defog","icebeam","scald"],"nature":"Calm","evs":{"hp":240,"atk":0,"def":0,"spa":16,"spd":252,"spe":0},"ivs":{"hp":31,"atk":0,"def":31,"spa":31,"spd":31,"spe":31}},{"name":"Quagsire","species":"Quagsire","item":"rockyhelmet","ability":"Unaware","moves":["recover","rockslide","toxic","scald"],"nature":"Bold","evs":{"hp":232,"atk":0,"def":252,"spa":16,"spd":8,"spe":0},"ivs":{"hp":31,"atk":31,"def":31,"spa":31,"spd":31,"spe":31}},{"name":"Lanturn","species":"Lanturn","item":"leftovers","ability":"Volt Absorb","moves":["dazzlinggleam","discharge","healbell","toxic"],"nature":"Calm","evs":{"hp":232,"atk":0,"def":0,"spa":24,"spd":252,"spe":0},"ivs":{"hp":31,"atk":0,"def":31,"spa":31,"spd":31,"spe":31}},{"name":"Gyarados","species":"Gyarados","item":"gyaradosite","ability":"Intimidate","moves":["crunch","icefang","dragondance","earthquake"],"nature":"Adamant","evs":{"hp":128,"atk":252,"def":0,"spa":0,"spd":0,"spe":128},"ivs":{"hp":31,"atk":31,"def":31,"spa":31,"spd":31,"spe":31}},{"name":"Keldeo","species":"Keldeo","item":"leftovers","ability":"Justified","moves":["calmmind","scald","secretsword","substitute"],"nature":"Timid","evs":{"hp":0,"atk":0,"def":0,"spa":252,"spd":4,"spe":252},"ivs":{"hp":31,"atk":0,"def":31,"spa":31,"spd":31,"spe":31}},{"name":"Starmie","species":"Starmie","item":"lifeorb","ability":"Analytic","moves":["icebeam","psyshock","hydropump","signalbeam"],"nature":"Timid","evs":{"hp":0,"atk":0,"def":0,"spa":252,"spd":4,"spe":252},"ivs":{"hp":31,"atk":31,"def":31,"spa":31,"spd":31,"spe":31}}],"p2team":[{"name":"Tuba","species":"slurpuff","item":"sitrusberry","ability":"Unburden","moves":["bellydrum","drainpunch","playrough","aromatherapy"],"nature":"Jolly","evs":{"hp":4,"atk":252,"def":0,"spa":0,"spd":0,"spe":252},"ivs":{"hp":31,"atk":31,"def":31,"spa":31,"spd":31,"spe":31}},{"name":"Clarinet","species":"azumarill","item":"sitrusberry","ability":"Huge Power","moves":["bellydrum","aquajet","brickbreak","playrough"],"nature":"Adamant","evs":{"hp":252,"atk":252,"def":0,"spa":0,"spd":4,"spe":0},"ivs":{"hp":31,"atk":31,"def":31,"spa":31,"spd":31,"spe":31}},{"name":"Flute","species":"gardevoir","item":"gardevoirite","ability":"Synchronize","moves":["psyshock","hypervoice","energyball","focusblast"],"nature":"Timid","evs":{"hp":4,"atk":0,"def":0,"spa":252,"spd":0,"spe":252},"ivs":{"hp":31,"atk":31,"def":31,"spa":31,"spd":31,"spe":31}},{"name":"Alto","species":"togekiss","item":"choicescarf","ability":"Serene Grace","moves":["airslash","flamethrower","aurasphere","dazzlinggleam"],"nature":"Timid","evs":{"hp":0,"atk":0,"def":0,"spa":252,"spd":4,"spe":252},"ivs":{"hp":31,"atk":31,"def":31,"spa":31,"spd":31,"spe":31}},{"name":"Sax","species":"klefki","item":"lightclay","ability":"Prankster","moves":["thunderwave","lightscreen","reflect","foulplay"],"nature":"Bold","evs":{"hp":248,"atk":0,"def":252,"spa":0,"spd":8,"spe":0},"ivs":{"hp":31,"atk":31,"def":31,"spa":31,"spd":31,"spe":31}},{"name":"Trumpet","species":"sylveon","item":"leftovers","ability":"Pixilate","moves":["hypervoice","wish","protect","calmmind"],"nature":"Bold","evs":{"hp":252,"atk":0,"def":252,"spa":4,"spd":0,"spe":0},"ivs":{"hp":31,"atk":31,"def":31,"spa":31,"spd":31,"spe":31}}],"log":["|player|p1|Vin Prof Gortex|102","|player|p2|Void Wiley|voidwiley.png","|gametype|singles","|gen|6","|tier|Monotype","|rated","|rule|Baton Pass Clause: Limit one Baton Passer, can't pass Spe and other stats simultaneously","|rule|Swagger Clause: Swagger is banned","|rule|Same Type Clause: Pokémon in a team must share a type","|clearpoke","|poke|p1|Empoleon, F","|poke|p1|Quagsire, F","|poke|p1|Lanturn, F","|poke|p1|Gyarados, M","|poke|p1|Keldeo","|poke|p1|Starmie","|poke|p2|Slurpuff, F","|poke|p2|Azumarill, F","|poke|p2|Gardevoir, F","|poke|p2|Togekiss, F","|poke|p2|Klefki, M","|poke|p2|Sylveon, F","|rule|Sleep Clause Mod: Limit one foe put to sleep","|rule|Species Clause: Limit one of each Pokémon","|rule|OHKO Clause: OHKO moves are banned","|rule|Moody Clause: Moody is banned","|rule|Evasion Moves Clause: Evasion moves are banned","|rule|Endless Battle Clause: Forcing endless battles is banned","|rule|HP Percentage Mod: HP is shown in percentages","|teampreview","|","|start","|switch|p1a: Empoleon|Empoleon, F|369/369","|switch|p2a: Sax|Klefki, M|317/317","|turn|1","|","|move|p2a: Sax|Thunder Wave|p1a: Empoleon","|-status|p1a: Empoleon|par","|move|p1a: Empoleon|Scald|p2a: Sax","|-damage|p2a: Sax|191/317","|","|turn|2","|","|move|p2a: Sax|Light Screen|p2a: Sax","|-sidestart|p2: Void Wiley|move: Light Screen","|move|p1a: Empoleon|Stealth Rock|p2a: Sax","|-sidestart|p2: Void Wiley|move: Stealth Rock","|","|turn|3","|","|move|p2a: Sax|Reflect|p2a: Sax","|-sidestart|p2: Void Wiley|Reflect","|cant|p1a: Empoleon|par","|","|turn|4","|","|switch|p2a: Tuba|Slurpuff, F|306/306","|-damage|p2a: Tuba|268/306|[from] Stealth Rock","|cant|p1a: Empoleon|par","|","|turn|5","|","|move|p2a: Tuba|Belly Drum|p2a: Tuba","|-damage|p2a: Tuba|115/306","|-setboost|p2a: Tuba|atk|6|[from] move: Belly Drum","|-enditem|p2a: Tuba|Sitrus Berry|[eat]","|-heal|p2a: Tuba|191/306|[from] item: Sitrus Berry","|move|p1a: Empoleon|Defog|p2a: Tuba","|-unboost|p2a: Tuba|evasion|1","|-sideend|p2: Void Wiley|Reflect","|-sideend|p2: Void Wiley|move: Light Screen","|-sideend|p2: Void Wiley|Stealth Rock|[from] move: Defog|[of] p2a: Tuba","|","|turn|6","|","|switch|p1a: Quagsire|Quagsire, F|389/389","|move|p2a: Tuba|Drain Punch|p1a: Quagsire","|-damage|p1a: Quagsire|338/389","|-heal|p2a: Tuba|217/306|[from] drain|[of] p1a: Quagsire","|-damage|p2a: Tuba|166/306|[from] item: Rocky Helmet|[of] p1a: Quagsire","|","|turn|7","|","|switch|p2a: Flute|Gardevoir, F|278/278","|move|p1a: Quagsire|Scald|p2a: Flute","|-damage|p2a: Flute|214/278","|-status|p2a: Flute|brn","|-status|p1a: Quagsire|brn","|","|-damage|p2a: Flute|180/278 brn|[from] brn","|-damage|p1a: Quagsire|290/389 brn|[from] brn","|turn|8","|","|switch|p1a: Lanturn|Lanturn, F|449/449","|detailschange|p2a: Flute|Gardevoir-Mega, F","|-mega|p2a: Flute|Gardevoir|Gardevoirite","|move|p2a: Flute|Energy Ball|p1a: Lanturn","|-supereffective|p1a: Lanturn","|-damage|p1a: Lanturn|243/449","|","|-heal|p1a: Lanturn|271/449|[from] item: Leftovers","|-damage|p2a: Flute|146/278 brn|[from] brn","|turn|9","|","|switch|p2a: Trumpet|Sylveon, F|394/394","|move|p1a: Lanturn|Heal Bell|p1a: Lanturn","|-cureteam|p1a: Lanturn|[from] move: HealBell","|","|-heal|p1a: Lanturn|299/449|[from] item: Leftovers","|turn|10","|","|move|p1a: Lanturn|Toxic|p2a: Trumpet","|-status|p2a: Trumpet|tox","|move|p2a: Trumpet|Hyper Voice|p1a: Lanturn","|-damage|p1a: Lanturn|163/449","|","|-heal|p1a: Lanturn|191/449|[from] item: Leftovers","|-damage|p2a: Trumpet|370/394 tox|[from] psn","|turn|11","|","|switch|p1a: Empoleon|Empoleon, F|369/369","|move|p2a: Trumpet|Calm Mind|p2a: Trumpet","|-boost|p2a: Trumpet|spa|1","|-boost|p2a: Trumpet|spd|1","|","|-heal|p2a: Trumpet|394/394 tox|[from] item: Leftovers","|-damage|p2a: Trumpet|346/394 tox|[from] psn","|turn|12","|","|move|p2a: Trumpet|Wish|p2a: Trumpet","|move|p1a: Empoleon|Stealth Rock|p2a: Trumpet","|-sidestart|p2: Void Wiley|move: Stealth Rock","|","|-heal|p2a: Trumpet|370/394 tox|[from] item: Leftovers","|-damage|p2a: Trumpet|298/394 tox|[from] psn","|turn|13","|","|move|p2a: Trumpet|Hyper Voice|p1a: Empoleon","|-resisted|p1a: Empoleon","|-damage|p1a: Empoleon|293/369","|move|p1a: Empoleon|Scald|p2a: Trumpet","|-damage|p2a: Trumpet|241/394 tox","|","|-heal|p2a: Trumpet|394/394 tox|[from] move: Wish|[wisher] Trumpet","|-heal|p1a: Empoleon|316/369|[from] item: Leftovers","|-damage|p2a: Trumpet|298/394 tox|[from] psn","|turn|14","|","|move|p1a: Empoleon|Scald|p2a: Trumpet","|-damage|p2a: Trumpet|237/394 tox","|move|p2a: Trumpet|Wish|p2a: Trumpet","|","|-heal|p2a: Trumpet|261/394 tox|[from] item: Leftovers","|-heal|p1a: Empoleon|339/369|[from] item: Leftovers","|-damage|p2a: Trumpet|141/394 tox|[from] psn","|turn|15","|","|move|p2a: Trumpet|Hyper Voice|p1a: Empoleon","|-resisted|p1a: Empoleon","|-damage|p1a: Empoleon|261/369","|move|p1a: Empoleon|Scald|p2a: Trumpet","|-crit|p2a: Trumpet","|-damage|p2a: Trumpet|23/394 tox","|","|-heal|p2a: Trumpet|220/394 tox|[from] move: Wish|[wisher] Trumpet","|-heal|p1a: Empoleon|284/369|[from] item: Leftovers","|-heal|p2a: Trumpet|244/394 tox|[from] item: Leftovers","|-damage|p2a: Trumpet|100/394 tox|[from] psn","|turn|16","|","|move|p1a: Empoleon|Scald|p2a: Trumpet","|-damage|p2a: Trumpet|40/394 tox","|move|p2a: Trumpet|Hyper Voice|p1a: Empoleon","|-resisted|p1a: Empoleon","|-damage|p1a: Empoleon|206/369","|","|-heal|p2a: Trumpet|64/394 tox|[from] item: Leftovers","|-heal|p1a: Empoleon|229/369|[from] item: Leftovers","|-damage|p2a: Trumpet|0 fnt|[from] psn","|faint|p2a: Trumpet","|","|switch|p2a: Clarinet|Azumarill, F|404/404","|-damage|p2a: Clarinet|354/404|[from] Stealth Rock","|turn|17","|","|switch|p1a: Quagsire|Quagsire, F|290/389","|move|p2a: Clarinet|Brick Break|p1a: Quagsire","|-damage|p1a: Quagsire|203/389","|-damage|p2a: Clarinet|287/404|[from] item: Rocky Helmet|[of] p1a: Quagsire","|","|turn|18","|","|move|p2a: Clarinet|Play Rough|p1a: Quagsire","|-damage|p1a: Quagsire|44/389","|-damage|p2a: Clarinet|220/404|[from] item: Rocky Helmet|[of] p1a: Quagsire","|move|p1a: Quagsire|Recover|p1a: Quagsire","|-heal|p1a: Quagsire|239/389","|","|turn|19","|","|move|p2a: Clarinet|Play Rough|p1a: Quagsire","|-damage|p1a: Quagsire|80/389","|-damage|p2a: Clarinet|153/404|[from] item: Rocky Helmet|[of] p1a: Quagsire","|-enditem|p2a: Clarinet|Sitrus Berry|[eat]","|-heal|p2a: Clarinet|254/404|[from] item: Sitrus Berry","|move|p1a: Quagsire|Recover|p1a: Quagsire","|-heal|p1a: Quagsire|275/389","|","|turn|20","|","|move|p2a: Clarinet|Play Rough|p1a: Quagsire","|-damage|p1a: Quagsire|124/389","|-damage|p2a: Clarinet|187/404|[from] item: Rocky Helmet|[of] p1a: Quagsire","|move|p1a: Quagsire|Recover|p1a: Quagsire","|-heal|p1a: Quagsire|319/389","|","|turn|21","|","|move|p2a: Clarinet|Play Rough|p1a: Quagsire|[miss]","|-miss|p2a: Clarinet|p1a: Quagsire","|move|p1a: Quagsire|Scald|p2a: Clarinet","|-resisted|p2a: Clarinet","|-damage|p2a: Clarinet|144/404","|-status|p2a: Clarinet|brn","|","|-damage|p2a: Clarinet|94/404 brn|[from] brn","|turn|22","|","|move|p2a: Clarinet|Play Rough|p1a: Quagsire","|-damage|p1a: Quagsire|247/389","|-damage|p2a: Clarinet|27/404 brn|[from] item: Rocky Helmet|[of] p1a: Quagsire","|move|p1a: Quagsire|Recover|p1a: Quagsire","|-heal|p1a: Quagsire|389/389","|","|-damage|p2a: Clarinet|0 fnt|[from] brn","|faint|p2a: Clarinet","|","|switch|p2a: Flute|Gardevoir-Mega, F|146/278 brn","|-damage|p2a: Flute|112/278 brn|[from] Stealth Rock","|turn|23","|","|switch|p1a: Empoleon|Empoleon, F|229/369","|move|p2a: Flute|Energy Ball|p1a: Empoleon","|-damage|p1a: Empoleon|143/369","|-unboost|p1a: Empoleon|spd|1","|","|-heal|p1a: Empoleon|166/369|[from] item: Leftovers","|-damage|p2a: Flute|78/278 brn|[from] brn","|turn|24","|","|move|p2a: Flute|Focus Blast|p1a: Empoleon|[miss]","|-miss|p2a: Flute|p1a: Empoleon","|move|p1a: Empoleon|Scald|p2a: Flute","|-damage|p2a: Flute|0 fnt","|faint|p2a: Flute","|","|-heal|p1a: Empoleon|189/369|[from] item: Leftovers","|","|switch|p2a: Tuba|Slurpuff, F|166/306","|-damage|p2a: Tuba|128/306|[from] Stealth Rock","|turn|25","|","|switch|p1a: Quagsire|Quagsire, F|389/389","|move|p2a: Tuba|Drain Punch|p1a: Quagsire","|-damage|p1a: Quagsire|337/389","|-heal|p2a: Tuba|154/306|[from] drain|[of] p1a: Quagsire","|-damage|p2a: Tuba|103/306|[from] item: Rocky Helmet|[of] p1a: Quagsire","|","|turn|26","|","|move|p2a: Tuba|Play Rough|p1a: Quagsire","|-damage|p1a: Quagsire|249/389","|-damage|p2a: Tuba|52/306|[from] item: Rocky Helmet|[of] p1a: Quagsire","|move|p1a: Quagsire|Toxic|p2a: Tuba","|-status|p2a: Tuba|tox","|","|-damage|p2a: Tuba|33/306 tox|[from] psn","|turn|27","|","|move|p2a: Tuba|Play Rough|p1a: Quagsire","|-damage|p1a: Quagsire|153/389","|-damage|p2a: Tuba|0 fnt|[from] item: Rocky Helmet|[of] p1a: Quagsire","|faint|p2a: Tuba","|move|p1a: Quagsire|Recover|p1a: Quagsire","|-heal|p1a: Quagsire|348/389","|","|","|switch|p2a: Alto|Togekiss, F|311/311","|-damage|p2a: Alto|234/311|[from] Stealth Rock","|turn|28","|","|move|p2a: Alto|Air Slash|p1a: Quagsire","|-damage|p1a: Quagsire|161/389","|move|p1a: Quagsire|Toxic|p2a: Alto","|-status|p2a: Alto|tox","|","|-damage|p2a: Alto|215/311 tox|[from] psn","|turn|29","|","|switch|p1a: Empoleon|Empoleon, F|189/369","|move|p2a: Alto|Air Slash|p1a: Empoleon|[miss]","|-miss|p2a: Alto|p1a: Empoleon","|","|-heal|p1a: Empoleon|212/369|[from] item: Leftovers","|-damage|p2a: Alto|177/311 tox|[from] psn","|turn|30","|","|switch|p2a: Sax|Klefki, M|191/317","|-damage|p2a: Sax|172/317|[from] Stealth Rock","|switch|p1a: Lanturn|Lanturn, F|191/449","|","|-heal|p1a: Lanturn|219/449|[from] item: Leftovers","|turn|31","|","|move|p2a: Sax|Foul Play|p1a: Lanturn","|-damage|p1a: Lanturn|168/449","|move|p1a: Lanturn|Discharge|p2a: Sax","|-damage|p2a: Sax|91/317","|-status|p2a: Sax|par","|","|-heal|p1a: Lanturn|196/449|[from] item: Leftovers","|turn|32","|","|cant|p2a: Sax|par","|move|p1a: Lanturn|Discharge|p2a: Sax","|-damage|p2a: Sax|7/317 par","|","|-heal|p1a: Lanturn|224/449|[from] item: Leftovers","|turn|33","|","|move|p2a: Sax|Light Screen|p2a: Sax","|-sidestart|p2: Void Wiley|move: Light Screen","|move|p1a: Lanturn|Discharge|p2a: Sax","|-damage|p2a: Sax|0 fnt","|faint|p2a: Sax","|","|-heal|p1a: Lanturn|252/449|[from] item: Leftovers","|","|switch|p2a: Alto|Togekiss, F|177/311 tox","|-damage|p2a: Alto|100/311 tox|[from] Stealth Rock","|turn|34","|","|move|p2a: Alto|Air Slash|p1a: Lanturn","|-resisted|p1a: Lanturn","|-damage|p1a: Lanturn|195/449","|move|p1a: Lanturn|Discharge|p2a: Alto","|-supereffective|p2a: Alto","|-damage|p2a: Alto|36/311 tox","|","|-heal|p1a: Lanturn|223/449|[from] item: Leftovers","|-damage|p2a: Alto|17/311 tox|[from] psn","|turn|35","|","|switch|p1a: Empoleon|Empoleon, F|212/369","|move|p2a: Alto|Air Slash|p1a: Empoleon","|-resisted|p1a: Empoleon","|-damage|p1a: Empoleon|170/369","|","|-heal|p1a: Empoleon|193/369|[from] item: Leftovers","|-damage|p2a: Alto|0 fnt|[from] psn","|faint|p2a: Alto","|","|win|Vin Prof Gortex"],"p1rating":{"entryid":"578346","serverid":"eos","formatid":"monotype","userid":"vinprofgortex","username":"Vin Prof Gortex","w":7,"l":"5","t":"0","gxe":57.5,"r":"1500","rd":"130","sigma":"0","rptime":"1440752400","rpr":1558.4142737457,"rprd":82.515059042331,"rpsigma":"0","acre":1144.944248609,"lacre":1144.944248609,"oldacre":"1118.3089388423"},"p2rating":{"entryid":"91212","serverid":"eos","formatid":"monotype","userid":"voidwiley","username":"Void Wiley","w":"44","l":24,"t":"0","gxe":65.4,"r":"1635.1929176036","rd":"45.344567644967","sigma":"0","rptime":"1440752400","rpr":1620.8452621456,"rprd":44.774034864731,"rpsigma":"0","acre":1114.4327188343,"lacre":1114.4327188343,"oldacre":"1141.068028601"},"endType":"normal"}