{"seed":[43654,60579,3662,20361],"turns":24,"p1":"Vin Prof Gortex","p2":"Crystal M★n","p1team":[{"name":"Empoleon","species":"Empoleon","item":"leftovers","ability":"Torrent","moves":["stealthrock","defog","icebeam","scald"],"nature":"Calm","evs":{"hp":248,"atk":0,"def":0,"spa":8,"spd":252,"spe":0},"ivs":{"hp":31,"atk":0,"def":31,"spa":31,"spd":31,"spe":31}},{"name":"Quagsire","species":"Quagsire","item":"rockyhelmet","ability":"Unaware","moves":["recover","rockslide","toxic","scald"],"nature":"Bold","evs":{"hp":232,"atk":0,"def":252,"spa":24,"spd":0,"spe":0},"ivs":{"hp":31,"atk":31,"def":31,"spa":31,"spd":31,"spe":31}},{"name":"Lanturn","species":"Lanturn","item":"leftovers","ability":"Volt Absorb","moves":["dazzlinggleam","discharge","healbell","toxic"],"nature":"Calm","evs":{"hp":0,"atk":0,"def":0,"spa":24,"spd":232,"spe":0},"ivs":{"hp":31,"atk":0,"def":31,"spa":31,"spd":31,"spe":31}},{"name":"Gyarados","species":"Gyarados","item":"gyaradosite","ability":"Intimidate","moves":["crunch","icefang","dragondance","earthquake"],"nature":"Adamant","evs":{"hp":128,"atk":252,"def":0,"spa":0,"spd":0,"spe":128},"ivs":{"hp":31,"atk":31,"def":31,"spa":31,"spd":31,"spe":31}},{"name":"Keldeo","species":"Keldeo","item":"leftovers","ability":"Justified","moves":["calmmind","scald","secretsword","substitute"],"nature":"Timid","evs":{"hp":0,"atk":0,"def":0,"spa":252,"spd":4,"spe":252},"ivs":{"hp":31,"atk":0,"def":31,"spa":31,"spd":31,"spe":31}},{"name":"Slowbro","species":"Slowbro","item":"assaultvest","ability":"Regenerator","moves":["scald","psyshock","fireblast","icebeam"],"nature":"Bold","evs":{"hp":0,"atk":0,"def":0,"spa":124,"spd":16,"spe":0},"ivs":{"hp":31,"atk":0,"def":31,"spa":31,"spd":31,"spe":31}}],"p2team":[{"name":"Hippowdon","species":"Hippowdon","item":"leftovers","ability":"Sand Stream","moves":["stealthrock","earthquake","whirlwind","slackoff"],"nature":"Impish","evs":{"hp":248,"atk":8,"def":140,"spa":0,"spd":112,"spe":0},"ivs":{"hp":31,"atk":31,"def":31,"spa":31,"spd":31,"spe":31}},{"name":"Seismitoad","species":"Seismitoad","item":"choicespecs","ability":"Water Absorb","moves":["scald","earthpower","grassknot","sludgewave"],"nature":"Modest","evs":{"hp":100,"atk":0,"def":0,"spa":252,"spd":0,"spe":156},"ivs":{"hp":31,"atk":31,"def":31,"spa":31,"spd":31,"spe":31}},{"name":"Mamoswine","species":"Mamoswine","item":"lifeorb","ability":"Thick Fat","moves":["earthquake","iciclespear","iceshard","freezedry"],"nature":"Hasty","evs":{"hp":0,"atk":216,"def":0,"spa":40,"spd":0,"spe":252},"ivs":{"hp":31,"atk":31,"def":31,"spa":31,"spd":31,"spe":31}},{"name":"Camerupt","species":"Camerupt","item":"cameruptite","ability":"Solid Rock","moves":["flamethrower","earthpower","ancientpower","willowisp"],"nature":"Modest","evs":{"hp":168,"atk":0,"def":0,"spa":252,"spd":0,"spe":88},"ivs":{"hp":31,"atk":31,"def":31,"spa":31,"spd":31,"spe":31}},{"name":"Excadrill","species":"Excadrill","item":"choiceband","ability":"Sand Rush","moves":["earthquake","ironhead","rockslide","xscissor"],"nature":"Jolly","evs":{"hp":0,"atk":252,"def":0,"spa":0,"spd":0,"spe":252},"ivs":{"hp":31,"atk":31,"def":31,"spa":31,"spd":31,"spe":31}},{"name":"Landorus-Therian","species":"Landorus-Therian","item":"leftovers","ability":"Intimidate","moves":["swordsdance","rockpolish","earthquake","stoneedge"],"nature":"Adamant","evs":{"hp":192,"atk":252,"def":4,"spa":0,"spd":0,"spe":60},"ivs":{"hp":31,"atk":31,"def":31,"spa":31,"spd":31,"spe":31}}],"log":["|player|p1|Vin Prof Gortex|102","|player|p2|Crystal M★n|crystalmn.png","|gametype|singles","|gen|6","|tier|Monotype","|rated","|rule|Baton Pass Clause: Limit one Baton Passer, can't pass Spe and other stats simultaneously","|rule|Swagger Clause: Swagger is banned","|rule|Same Type Clause: Pokémon in a team must share a type","|clearpoke","|poke|p1|Empoleon, M","|poke|p1|Quagsire, M","|poke|p1|Lanturn, F","|poke|p1|Gyarados, M","|poke|p1|Keldeo","|poke|p1|Slowbro, F","|poke|p2|Hippowdon, F","|poke|p2|Seismitoad, F","|poke|p2|Mamoswine, F","|poke|p2|Camerupt, F","|poke|p2|Excadrill, F","|poke|p2|Landorus-Therian, M","|rule|Sleep Clause Mod: Limit one foe put to sleep","|rule|Species Clause: Limit one of each Pokémon","|rule|OHKO Clause: OHKO moves are banned","|rule|Moody Clause: Moody is banned","|rule|Evasion Moves Clause: Evasion moves are banned","|rule|Endless Battle Clause: Forcing endless battles is banned","|rule|HP Percentage Mod: HP is shown in percentages","|teampreview","|","|start","|switch|p1a: Slowbro|Slowbro, F|331/331","|switch|p2a: Seismitoad|Seismitoad, F|376/376","|turn|1","|","|move|p2a: Seismitoad|Grass Knot|p1a: Slowbro","|-supereffective|p1a: Slowbro","|-damage|p1a: Slowbro|145/331","|move|p1a: Slowbro|Psyshock|p2a: Seismitoad","|-damage|p2a: Seismitoad|243/376","|","|turn|2","|","|switch|p1a: Empoleon|Empoleon, M|371/371","|move|p2a: Seismitoad|Grass Knot|p1a: Empoleon","|-damage|p1a: Empoleon|285/371","|","|-heal|p1a: Empoleon|308/371|[from] item: Leftovers","|turn|3","|","|switch|p2a: Mamoswine|Mamoswine, F|361/361","|move|p1a: Empoleon|Stealth Rock|p2a: Mamoswine","|-sidestart|p2: Crystal M★n|move: Stealth Rock","|","|-heal|p1a: Empoleon|331/371|[from] item: Leftovers","|turn|4","|","|switch|p1a: Slowbro|Slowbro, F|255/331","|move|p2a: Mamoswine|Earthquake|p1a: Slowbro","|-damage|p1a: Slowbro|72/331","|-damage|p2a: Mamoswine|325/361|[from] item: Life Orb","|","|turn|5","|","|switch|p1a: Gyarados|Gyarados, M|363/363","|-ability|p1a: Gyarados|Intimidate","|-unboost|p2a: Mamoswine|atk|1","|move|p2a: Mamoswine|Freeze-Dry|p1a: Gyarados","|-supereffective|p1a: Gyarados","|-damage|p1a: Gyarados|20/363","|-damage|p2a: Mamoswine|289/361|[from] item: Life Orb","|","|turn|6","|","|switch|p1a: Empoleon|Empoleon, M|331/371","|move|p2a: Mamoswine|Ice Shard|p1a: Empoleon","|-resisted|p1a: Empoleon","|-damage|p1a: Empoleon|315/371","|-damage|p2a: Mamoswine|253/361|[from] item: Life Orb","|","|-heal|p1a: Empoleon|338/371|[from] item: Leftovers","|turn|7","|","|switch|p2a: Seismitoad|Seismitoad, F|243/376","|-damage|p2a: Seismitoad|220/376|[from] Stealth Rock","|move|p1a: Empoleon|Scald|p2a: Seismitoad","|-heal|p2a: Seismitoad|314/376|[from] ability: Water Absorb|[of] p1a: Empoleon","|","|-heal|p1a: Empoleon|361/371|[from] item: Leftovers","|turn|8","|","|switch|p1a: Quagsire|Quagsire, M|389/389","|move|p2a: Seismitoad|Earth Power|p1a: Quagsire","|-damage|p1a: Quagsire|113/389","|","|turn|9","|","|switch|p2a: Mamoswine|Mamoswine, F|253/361","|-damage|p2a: Mamoswine|208/361|[from] Stealth Rock","|switch|p1a: Gyarados|Gyarados, M|20/363","|-ability|p1a: Gyarados|Intimidate","|-unboost|p2a: Mamoswine|atk|1","|","|turn|10","|","|switch|p1a: Empoleon|Empoleon, M|361/371","|move|p2a: Mamoswine|Ice Shard|p1a: Empoleon","|-crit|p1a: Empoleon","|-resisted|p1a: Empoleon","|-damage|p1a: Empoleon|321/371","|-damage|p2a: Mamoswine|172/361|[from] item: Life Orb","|","|-heal|p1a: Empoleon|344/371|[from] item: Leftovers","|turn|11","|","|move|p2a: Mamoswine|Earthquake|p1a: Empoleon","|-supereffective|p1a: Empoleon","|-damage|p1a: Empoleon|0 fnt","|-damage|p2a: Mamoswine|136/361|[from] item: Life Orb","|faint|p1a: Empoleon","|","|","|switch|p1a: Gyarados|Gyarados, M|20/363","|-ability|p1a: Gyarados|Intimidate","|-unboost|p2a: Mamoswine|atk|1","|turn|12","|","|detailschange|p1a: Gyarados|Gyarados-Mega, M","|-mega|p1a: Gyarados|Gyarados|Gyaradosite","|-ability|p1a: Gyarados|Mold Breaker","|move|p2a: Mamoswine|Ice Shard|p1a: Gyarados","|-resisted|p1a: Gyarados","|-damage|p1a: Gyarados|0 fnt","|-damage|p2a: Mamoswine|100/361|[from] item: Life Orb","|faint|p1a: Gyarados","|","|","|switch|p1a: Lanturn|Lanturn, F|391/391","|turn|13","|","|move|p2a: Mamoswine|Earthquake|p1a: Lanturn","|-supereffective|p1a: Lanturn","|-damage|p1a: Lanturn|24/391","|-damage|p2a: Mamoswine|64/361|[from] item: Life Orb","|move|p1a: Lanturn|Dazzling Gleam|p2a: Mamoswine","|-damage|p2a: Mamoswine|0 fnt","|faint|p2a: Mamoswine","|","|-heal|p1a: Lanturn|48/391|[from] item: Leftovers","|","|switch|p2a: Hippowdon|Hippowdon, F|419/419","|-damage|p2a: Hippowdon|393/419|[from] Stealth Rock","|-weather|Sandstorm","|turn|14","|","|move|p1a: Lanturn|Toxic|p2a: Hippowdon","|-status|p2a: Hippowdon|tox","|move|p2a: Hippowdon|Stealth Rock|p1a: Lanturn","|-sidestart|p1: Vin Prof Gortex|move: Stealth Rock","|","|-weather|Sandstorm|[upkeep]","|-damage|p1a: Lanturn|24/391|[from] sandstorm","|-heal|p1a: Lanturn|48/391|[from] item: Leftovers","|-heal|p2a: Hippowdon|419/419 tox|[from] item: Leftovers","|-damage|p2a: Hippowdon|393/419 tox|[from] psn","|turn|15","|","|move|p1a: Lanturn|Dazzling Gleam|p2a: Hippowdon","|-damage|p2a: Hippowdon|336/419 tox","|move|p2a: Hippowdon|Earthquake|p1a: Lanturn","|-supereffective|p1a: Lanturn","|-damage|p1a: Lanturn|0 fnt","|faint|p1a: Lanturn","|","|-weather|Sandstorm|[upkeep]","|-heal|p2a: Hippowdon|362/419 tox|[from] item: Leftovers","|-damage|p2a: Hippowdon|310/419 tox|[from] psn","|","|switch|p1a: Slowbro|Slowbro, F|182/331","|-damage|p1a: Slowbro|141/331|[from] Stealth Rock","|turn|16","|","|switch|p2a: Seismitoad|Seismitoad, F|314/376","|-damage|p2a: Seismitoad|291/376|[from] Stealth Rock","|move|p1a: Slowbro|Psyshock|p2a: Seismitoad","|-damage|p2a: Seismitoad|158/376","|","|-weather|Sandstorm|[upkeep]","|-damage|p1a: Slowbro|121/331|[from] sandstorm","|turn|17","|","|move|p2a: Seismitoad|Grass Knot|p1a: Slowbro","|-supereffective|p1a: Slowbro","|-damage|p1a: Slowbro|0 fnt","|faint|p1a: Slowbro","|","|-weather|Sandstorm|[upkeep]","|","|switch|p1a: Keldeo|Keldeo|323/323","|-damage|p1a: Keldeo|303/323|[from] Stealth Rock","|turn|18","|","|move|p1a: Keldeo|Calm Mind|p1a: Keldeo","|-boost|p1a: Keldeo|spa|1","|-boost|p1a: Keldeo|spd|1","|move|p2a: Seismitoad|Grass Knot|p1a: Keldeo","|-supereffective|p1a: Keldeo","|-damage|p1a: Keldeo|169/323","|","|-weather|none","|-heal|p1a: Keldeo|189/323|[from] item: Leftovers","|turn|19","|","|move|p1a: Keldeo|Calm Mind|p1a: Keldeo","|-boost|p1a: Keldeo|spa|1","|-boost|p1a: Keldeo|spd|1","|move|p2a: Seismitoad|Grass Knot|p1a: Keldeo","|-supereffective|p1a: Keldeo","|-damage|p1a: Keldeo|99/323","|","|-heal|p1a: Keldeo|119/323|[from] item: Leftovers","|turn|20","|","|switch|p2a: Hippowdon|Hippowdon, F|310/419 tox","|-damage|p2a: Hippowdon|284/419 tox|[from] Stealth Rock","|-weather|Sandstorm","|move|p1a: Keldeo|Calm Mind|p1a: Keldeo","|-boost|p1a: Keldeo|spa|1","|-boost|p1a: Keldeo|spd|1","|","|-weather|Sandstorm|[upkeep]","|-damage|p1a: Keldeo|99/323|[from] sandstorm","|-heal|p1a: Keldeo|119/323|[from] item: Leftovers","|-heal|p2a: Hippowdon|310/419 tox|[from] item: Leftovers","|-damage|p2a: Hippowdon|284/419 tox|[from] psn","|turn|21","|","|move|p1a: Keldeo|Substitute|p1a: Keldeo","|-start|p1a: Keldeo|Substitute","|-damage|p1a: Keldeo|39/323","|move|p2a: Hippowdon|Earthquake|p1a: Keldeo","|-end|p1a: Keldeo|Substitute","|","|-weather|Sandstorm|[upkeep]","|-damage|p1a: Keldeo|19/323|[from] sandstorm","|-heal|p1a: Keldeo|39/323|[from] item: Leftovers","|-heal|p2a: Hippowdon|310/419 tox|[from] item: Leftovers","|-damage|p2a: Hippowdon|258/419 tox|[from] psn","|turn|22","|","|move|p1a: Keldeo|Scald|p2a: Hippowdon","|-crit|p2a: Hippowdon","|-supereffective|p2a: Hippowdon","|-damage|p2a: Hippowdon|0 fnt","|faint|p2a: Hippowdon","|","|-weather|Sandstorm|[upkeep]","|-damage|p1a: Keldeo|19/323|[from] sandstorm","|-heal|p1a: Keldeo|39/323|[from] item: Leftovers","|","|switch|p2a: Excadrill|Excadrill, F|361/361","|-damage|p2a: Excadrill|350/361|[from] Stealth Rock","|turn|23","|","|move|p2a: Excadrill|Earthquake|p1a: Keldeo","|-crit|p1a: Keldeo","|-damage|p1a: Keldeo|0 fnt","|faint|p1a: Keldeo","|","|-weather|Sandstorm|[upkeep]","|","|switch|p1a: Quagsire|Quagsire, M|113/389","|-damage|p1a: Quagsire|89/389|[from] Stealth Rock","|turn|24","|","|move|p2a: Excadrill|Earthquake|p1a: Quagsire","|-damage|p1a: Quagsire|0 fnt","|faint|p1a: Quagsire","|","|win|Crystal M★n"],"p1rating":{"entryid":"578346","serverid":"eos","formatid":"monotype","userid":"vinprofgortex","username":"Vin Prof Gortex","w":"1","l":3,"t":"0","gxe":42.3,"r":"1500","rd":"130","sigma":"0","rptime":"1440752400","rpr":1439.1765093242,"rprd":106.91164920561,"rpsigma":"0","acre":1000,"lacre":1000,"oldacre":"1011.584579097"},"p2rating":{"entryid":586276,"formatid":"monotype","userid":"crystalmn","username":"Crystal M★n","r":1500,"rd":130,"sigma":0,"rpr":1540.1606143388,"rprd":122.8583080769,"rpsigma":0,"rptime":1440752400,"w":1,"l":0,"t":0,"gxe":55,"acre":1041.3332299153,"lacre":1041.3332299153,"oldacre":1000},"endType":"normal"}