{"seed":[53542,52046,58590,33485],"turns":41,"p1":"Void Daemon","p2":"Void Lonely","p1team":[{"name":"Strong Belwas","species":"slowbro","item":"rockyhelmet","ability":"Regenerator","moves":["thunderwave","flamethrower","slackoff","scald"],"nature":"Modest","evs":{"hp":252,"atk":0,"def":4,"spa":252,"spd":0,"spe":0},"gender":"M","ivs":{"hp":31,"atk":31,"def":31,"spa":31,"spd":31,"spe":31}},{"name":"Oberyn Martell","species":"victini","item":"choicescarf","ability":"Victory Star","moves":["vcreate","boltstrike","uturn","zenheadbutt"],"nature":"Naive","evs":{"hp":0,"atk":252,"def":0,"spa":4,"spd":0,"spe":252},"ivs":{"hp":31,"atk":31,"def":31,"spa":31,"spd":31,"spe":31}},{"name":"Cersei Lannister","species":"gardevoir","item":"gardevoirite","ability":"Synchronize","moves":["psyshock","hypervoice","hiddenpowerfire","shadowball"],"nature":"Modest","evs":{"hp":0,"atk":0,"def":8,"spa":252,"spd":248,"spe":0},"gender":"F","ivs":{"hp":31,"atk":30,"def":31,"spa":30,"spd":31,"spe":30}},{"name":"Ramsay Bolton","species":"hoopaunbound","item":"choicescarf","ability":"Magician","moves":["hyperspacefury","drainpunch","gunkshot","hyperspacehole"],"nature":"Hasty","evs":{"hp":0,"atk":252,"def":0,"spa":4,"spd":0,"spe":252},"ivs":{"hp":31,"atk":31,"def":31,"spa":31,"spd":31,"spe":31}},{"name":"Daenerys Targaryen","species":"meloetta","item":"assaultvest","ability":"Serene Grace","moves":["chargebeam","psyshock","shadowball","hypervoice"],"nature":"Modest","evs":{"hp":252,"atk":0,"def":0,"spa":252,"spd":4,"spe":0},"ivs":{"hp":31,"atk":31,"def":31,"spa":31,"spd":31,"spe":31}},{"name":"Jaime Lannister","species":"gallade","item":"assaultvest","ability":"Justified","moves":["psychocut","earthquake","drainpunch","icepunch"],"nature":"Adamant","evs":{"hp":248,"atk":252,"def":0,"spa":0,"spd":8,"spe":0},"ivs":{"hp":31,"atk":31,"def":31,"spa":31,"spd":31,"spe":31}}],"p2team":[{"name":"Diggersby","species":"Diggersby","item":"choiceband","ability":"Huge Power","moves":["quickattack","earthquake","knockoff","rockslide"],"nature":"Adamant","evs":{"hp":248,"atk":252,"def":0,"spa":0,"spd":8,"spe":0},"ivs":{"hp":31,"atk":31,"def":31,"spa":31,"spd":31,"spe":31}},{"name":"Lopunny","species":"Lopunny","item":"lopunnite","ability":"Limber","moves":["fakeout","drainpunch","frustration","healbell"],"nature":"Jolly","evs":{"hp":0,"atk":252,"def":0,"spa":0,"spd":4,"spe":252},"happiness":0,"ivs":{"hp":31,"atk":31,"def":31,"spa":31,"spd":31,"spe":31}},{"name":"Meloetta","species":"Meloetta","item":"choicespecs","ability":"Serene Grace","moves":["hypervoice","psychic","energyball","shadowball"],"nature":"Modest","evs":{"hp":248,"atk":0,"def":0,"spa":252,"spd":8,"spe":0},"ivs":{"hp":31,"atk":31,"def":31,"spa":31,"spd":31,"spe":31}},{"name":"Chansey","species":"Chansey","item":"eviolite","ability":"Natural Cure","moves":["wish","healbell","protect","seismictoss"],"nature":"Bold","evs":{"hp":248,"atk":0,"def":252,"spa":0,"spd":8,"spe":0},"ivs":{"hp":31,"atk":31,"def":31,"spa":31,"spd":31,"spe":31}},{"name":"Ditto","species":"Ditto","item":"choicescarf","ability":"Imposter","moves":["transform"],"nature":"Bold","evs":{"hp":248,"atk":0,"def":252,"spa":0,"spd":8,"spe":0},"ivs":{"hp":31,"atk":30,"def":30,"spa":31,"spd":31,"spe":31},"happiness":0},{"name":"Staravia","species":"Staravia","item":"eviolite","ability":"Intimidate","moves":["featherdance","bravebird","defog","roost"],"nature":"Impish","evs":{"hp":248,"atk":8,"def":252,"spa":0,"spd":0,"spe":0},"ivs":{"hp":31,"atk":31,"def":31,"spa":31,"spd":31,"spe":31}}],"log":["|player|p1|Void Daemon|1","|player|p2|Void Lonely|voidlonely.png","|gametype|singles","|gen|6","|tier|Monotype","|rated","|rule|Baton Pass Clause: Limit one Baton Passer, can't pass Spe and other stats simultaneously","|rule|Swagger Clause: Swagger is banned","|rule|Same Type Clause: Pokémon in a team must share a type","|clearpoke","|poke|p1|Slowbro, M","|poke|p1|Victini","|poke|p1|Gardevoir, F","|poke|p1|Hoopa-Unbound","|poke|p1|Meloetta","|poke|p1|Gallade, M","|poke|p2|Diggersby, F","|poke|p2|Lopunny, M","|poke|p2|Meloetta","|poke|p2|Chansey, F","|poke|p2|Ditto","|poke|p2|Staravia, F","|rule|Sleep Clause Mod: Limit one foe put to sleep","|rule|Species Clause: Limit one of each Pokémon","|rule|OHKO Clause: OHKO moves are banned","|rule|Moody Clause: Moody is banned","|rule|Evasion Moves Clause: Evasion moves are banned","|rule|Endless Battle Clause: Forcing endless battles is banned","|rule|HP Percentage Mod: HP is shown in percentages","|teampreview","|","|start","|switch|p1a: Strong Belwas|Slowbro, M|394/394","|switch|p2a: Lopunny|Lopunny, M|271/271","|turn|1","|","|detailschange|p2a: Lopunny|Lopunny-Mega, M","|-mega|p2a: Lopunny|Lopunny|Lopunnite","|move|p2a: Lopunny|Fake Out|p1a: Strong Belwas","|-damage|p1a: Strong Belwas|330/394","|-damage|p2a: Lopunny|226/271|[from] item: Rocky Helmet|[of] p1a: Strong Belwas","|cant|p1a: Strong Belwas|flinch","|","|turn|2","|","|switch|p2a: Meloetta|Meloetta|403/403","|move|p1a: Strong Belwas|Thunder Wave|p2a: Meloetta","|-status|p2a: Meloetta|par","|","|turn|3","|","|switch|p1a: Ramsay Bolton|Hoopa-Unbound|301/301","|move|p2a: Meloetta|Hyper Voice|p1a: Ramsay Bolton","|-damage|p1a: Ramsay Bolton|100/301","|","|turn|4","|","|switch|p2a: Chansey|Chansey, F|703/703","|move|p1a: Ramsay Bolton|Hyperspace Fury|p2a: Chansey","|-damage|p2a: Chansey|411/703","|-unboost|p1a: Ramsay Bolton|def|1","|","|turn|5","|","|switch|p1a: Jaime Lannister|Gallade, M|339/339","|move|p2a: Chansey|Wish|p2a: Chansey","|","|turn|6","|","|switch|p2a: Staravia|Staravia, F|313/313","|-ability|p2a: Staravia|Intimidate","|-unboost|p1a: Jaime Lannister|atk|1","|move|p1a: Jaime Lannister|Drain Punch|p2a: Staravia","|-damage|p2a: Staravia|240/313","|","|-heal|p2a: Staravia|313/313|[from] move: Wish|[wisher] Chansey","|turn|7","|","|switch|p1a: Daenerys Targaryen|Meloetta|404/404","|move|p2a: Staravia|Feather Dance|p1a: Daenerys Targaryen","|-unboost|p1a: Daenerys Targaryen|atk|2","|","|turn|8","|","|switch|p2a: Chansey|Chansey, F|411/703","|move|p1a: Daenerys Targaryen|Charge Beam|p2a: Chansey","|-damage|p2a: Chansey|365/703","|-boost|p1a: Daenerys Targaryen|spa|1","|","|turn|9","|","|move|p1a: Daenerys Targaryen|Psyshock|p2a: Chansey","|-damage|p2a: Chansey|53/703","|move|p2a: Chansey|Wish|p2a: Chansey","|","|turn|10","|","|move|p2a: Chansey|Protect|p2a: Chansey","|-singleturn|p2a: Chansey|Protect","|move|p1a: Daenerys Targaryen|Charge Beam|p2a: Chansey","|-activate|p2a: Chansey|Protect","|","|-heal|p2a: Chansey|404/703|[from] move: Wish|[wisher] Chansey","|turn|11","|","|move|p1a: Daenerys Targaryen|Charge Beam|p2a: Chansey","|-damage|p2a: Chansey|342/703","|-boost|p1a: Daenerys Targaryen|spa|1","|move|p2a: Chansey|Wish|p2a: Chansey","|","|turn|12","|","|move|p1a: Daenerys Targaryen|Charge Beam|p2a: Chansey|[miss]","|-miss|p1a: Daenerys Targaryen|p2a: Chansey","|move|p2a: Chansey|Heal Bell|p2a: Chansey","|-cureteam|p2a: Chansey|[from] move: HealBell","|","|-heal|p2a: Chansey|693/703|[from] move: Wish|[wisher] Chansey","|turn|13","|","|switch|p2a: Ditto|Ditto|299/299","|-transform|p2a: Ditto|p1a: Daenerys Targaryen","|move|p1a: Daenerys Targaryen|Charge Beam|p2a: Ditto","|-damage|p2a: Ditto|194/299","|-boost|p1a: Daenerys Targaryen|spa|1","|","|turn|14","|","|move|p2a: Ditto|Hyper Voice|p1a: Daenerys Targaryen","|-damage|p1a: Daenerys Targaryen|209/404","|move|p1a: Daenerys Targaryen|Hyper Voice|p2a: Ditto","|-damage|p2a: Ditto|0 fnt","|faint|p2a: Ditto","|","|","|switch|p2a: Lopunny|Lopunny-Mega, M|226/271","|turn|15","|","|switch|p1a: Strong Belwas|Slowbro, M|394/394","|move|p2a: Lopunny|Frustration|p1a: Strong Belwas","|-damage|p1a: Strong Belwas|234/394","|-damage|p2a: Lopunny|181/271|[from] item: Rocky Helmet|[of] p1a: Strong Belwas","|","|turn|16","|","|switch|p2a: Meloetta|Meloetta|403/403","|move|p1a: Strong Belwas|Slack Off|p1a: Strong Belwas","|-heal|p1a: Strong Belwas|394/394","|","|turn|17","|","|move|p2a: Meloetta|Hyper Voice|p1a: Strong Belwas","|-damage|p1a: Strong Belwas|96/394","|move|p1a: Strong Belwas|Thunder Wave|p2a: Meloetta","|-status|p2a: Meloetta|par","|","|turn|18","|","|switch|p1a: Jaime Lannister|Gallade, M|339/339","|cant|p2a: Meloetta|par","|","|turn|19","|","|switch|p2a: Staravia|Staravia, F|313/313","|-ability|p2a: Staravia|Intimidate","|-unboost|p1a: Jaime Lannister|atk|1","|move|p1a: Jaime Lannister|Ice Punch|p2a: Staravia","|-supereffective|p2a: Staravia","|-damage|p2a: Staravia|211/313","|","|turn|20","|","|switch|p1a: Strong Belwas|Slowbro, M|227/394","|move|p2a: Staravia|Feather Dance|p1a: Strong Belwas","|-unboost|p1a: Strong Belwas|atk|2","|","|turn|21","|","|switch|p2a: Meloetta|Meloetta|403/403 par","|switch|p1a: Jaime Lannister|Gallade, M|339/339","|","|turn|22","|","|move|p1a: Jaime Lannister|Drain Punch|p2a: Meloetta","|-damage|p2a: Meloetta|222/403 par","|move|p2a: Meloetta|Shadow Ball|p1a: Jaime Lannister","|-supereffective|p1a: Jaime Lannister","|-damage|p1a: Jaime Lannister|157/339","|","|turn|23","|","|switch|p2a: Staravia|Staravia, F|211/313","|-ability|p2a: Staravia|Intimidate","|-unboost|p1a: Jaime Lannister|atk|1","|move|p1a: Jaime Lannister|Drain Punch|p2a: Staravia","|-damage|p2a: Staravia|144/313","|-heal|p1a: Jaime Lannister|191/339|[from] drain|[of] p2a: Staravia","|","|turn|24","|","|switch|p1a: Strong Belwas|Slowbro, M|358/394","|move|p2a: Staravia|Roost|p2a: Staravia","|-heal|p2a: Staravia|301/313","|","|turn|25","|","|switch|p2a: Meloetta|Meloetta|222/403 par","|move|p1a: Strong Belwas|Scald|p2a: Meloetta","|-damage|p2a: Meloetta|123/403 par","|","|turn|26","|","|move|p1a: Strong Belwas|Scald|p2a: Meloetta","|-damage|p2a: Meloetta|24/403 par","|move|p2a: Meloetta|Hyper Voice|p1a: Strong Belwas","|-damage|p1a: Strong Belwas|28/394","|","|turn|27","|","|switch|p1a: Daenerys Targaryen|Meloetta|209/404","|move|p2a: Meloetta|Hyper Voice|p1a: Daenerys Targaryen","|-crit|p1a: Daenerys Targaryen","|-damage|p1a: Daenerys Targaryen|0 fnt","|faint|p1a: Daenerys Targaryen","|","|","|switch|p1a: Jaime Lannister|Gallade, M|191/339","|turn|28","|","|switch|p2a: Staravia|Staravia, F|301/313","|-ability|p2a: Staravia|Intimidate","|-unboost|p1a: Jaime Lannister|atk|1","|move|p1a: Jaime Lannister|Ice Punch|p2a: Staravia","|-supereffective|p2a: Staravia","|-damage|p2a: Staravia|215/313","|","|turn|29","|","|switch|p1a: Strong Belwas|Slowbro, M|159/394","|switch|p2a: Diggersby|Diggersby, F|373/373","|","|turn|30","|","|move|p2a: Diggersby|Earthquake|p1a: Strong Belwas","|-damage|p1a: Strong Belwas|0 fnt","|faint|p1a: Strong Belwas","|","|","|switch|p1a: Oberyn Martell|Victini|341/341","|turn|31","|","|switch|p2a: Staravia|Staravia, F|215/313","|-ability|p2a: Staravia|Intimidate","|-unboost|p1a: Oberyn Martell|atk|1","|move|p1a: Oberyn Martell|U-turn|p2a: Staravia","|-resisted|p2a: Staravia","|-damage|p2a: Staravia|198/313","|","|switch|p1a: Cersei Lannister|Gardevoir, F|277/277","|","|turn|32","|","|switch|p2a: Chansey|Chansey, F|693/703","|detailschange|p1a: Cersei Lannister|Gardevoir-Mega, F","|-mega|p1a: Cersei Lannister|Gardevoir|Gardevoirite","|move|p1a: Cersei Lannister|Hyper Voice|p2a: Chansey","|-damage|p2a: Chansey|521/703","|","|turn|33","|","|move|p1a: Cersei Lannister|Psyshock|p2a: Chansey","|-damage|p2a: Chansey|272/703","|move|p2a: Chansey|Wish|p2a: Chansey","|","|turn|34","|","|switch|p1a: Ramsay Bolton|Hoopa-Unbound|100/301","|move|p2a: Chansey|Seismic Toss|p1a: Ramsay Bolton","|-damage|p1a: Ramsay Bolton|0 fnt","|faint|p1a: Ramsay Bolton","|","|-heal|p2a: Chansey|623/703|[from] move: Wish|[wisher] Chansey","|","|switch|p1a: Jaime Lannister|Gallade, M|191/339","|turn|35","|","|switch|p2a: Staravia|Staravia, F|198/313","|-ability|p2a: Staravia|Intimidate","|-unboost|p1a: Jaime Lannister|atk|1","|move|p1a: Jaime Lannister|Drain Punch|p2a: Staravia","|-damage|p2a: Staravia|128/313","|-heal|p1a: Jaime Lannister|226/339|[from] drain|[of] p2a: Staravia","|","|turn|36","|","|move|p1a: Jaime Lannister|Ice Punch|p2a: Staravia","|-supereffective|p2a: Staravia","|-damage|p2a: Staravia|40/313","|move|p2a: Staravia|Roost|p2a: Staravia","|-heal|p2a: Staravia|197/313","|","|turn|37","|","|switch|p1a: Oberyn Martell|Victini|341/341","|move|p2a: Staravia|Feather Dance|p1a: Oberyn Martell","|-unboost|p1a: Oberyn Martell|atk|2","|","|turn|38","|","|move|p1a: Oberyn Martell|V-create|p2a: Staravia","|-damage|p2a: Staravia|98/313","|-unboost|p1a: Oberyn Martell|spe|1","|-unboost|p1a: Oberyn Martell|def|1","|-unboost|p1a: Oberyn Martell|spd|1","|move|p2a: Staravia|Roost|p2a: Staravia","|-heal|p2a: Staravia|255/313","|","|turn|39","|","|switch|p1a: Cersei Lannister|Gardevoir-Mega, F|277/277","|move|p2a: Staravia|Brave Bird|p1a: Cersei Lannister","|-damage|p1a: Cersei Lannister|129/277","|-damage|p2a: Staravia|206/313|[from] recoil|[of] p1a: Cersei Lannister","|","|turn|40","|","|switch|p2a: Meloetta|Meloetta|24/403 par","|move|p1a: Cersei Lannister|Psyshock|p2a: Meloetta","|-resisted|p2a: Meloetta","|-damage|p2a: Meloetta|0 fnt","|faint|p2a: Meloetta","|","|","|switch|p2a: Diggersby|Diggersby, F|373/373","|turn|41","|","|move|p2a: Diggersby|Quick Attack|p1a: Cersei Lannister","|-damage|p1a: Cersei Lannister|0 fnt","|faint|p1a: Cersei Lannister","|","|","|win|Void Lonely"],"p1rating":{"entryid":"203453","serverid":"eos","formatid":"monotype","userid":"voiddaemon","username":"Void Daemon","w":"1","l":3,"t":"0","gxe":44.7,"r":"1459.8393856612","rd":"124.12206552901","sigma":"0","rptime":"1440752400","rpr":1458.2167509823,"rprd":108.39973873174,"rpsigma":"0","acre":1022.1444924543,"lacre":1022.1444924543,"oldacre":"1037.6948618043"},"p2rating":{"entryid":"52667","serverid":"eos","formatid":"monotype","userid":"voidlonely","username":"Void Lonely","w":2,"l":"1","t":"0","gxe":53.8,"r":"1500","rd":"118.48331129884","sigma":"0","rptime":"1440752400","rpr":1530.5280351946,"rprd":112.99414588298,"rpsigma":"0","acre":1073.7744227939,"lacre":1073.7744227939,"oldacre":"1040"},"endType":"forfeit"}