{"seed":[58863,35861,10001,43904],"turns":27,"p1":"GTX♅Wrecker","p2":"GTX♅Bugy","p1team":[{"name":"shitmonchan","species":"hitmonchan","item":"lifeorb","ability":"Iron Fist","moves":["firepunch","icepunch","drainpunch","thunderpunch"],"nature":"Jolly","evs":{"hp":0,"atk":252,"def":0,"spa":0,"spd":4,"spe":252},"ivs":{"hp":31,"atk":31,"def":31,"spa":31,"spd":31,"spe":31}},{"name":"Primeape","species":"Primeape","item":"choicescarf","ability":"Defiant","moves":["earthquake","closecombat","gunkshot","outrage"],"nature":"Jolly","evs":{"hp":0,"atk":252,"def":0,"spa":0,"spd":4,"spe":252},"ivs":{"hp":31,"atk":31,"def":31,"spa":31,"spd":31,"spe":31}},{"name":"pepe","species":"toxicroak","item":"choicescarf","ability":"Dry Skin","moves":["sludgewave","darkpulse","focusblast","hiddenpowerice"],"nature":"Timid","evs":{"hp":0,"atk":0,"def":0,"spa":252,"spd":4,"spe":252},"ivs":{"hp":31,"atk":30,"def":30,"spa":31,"spd":31,"spe":31}},{"name":"dank dog","species":"throh","item":"leftovers","ability":"Mold Breaker","moves":["circlethrow","payback","protect","toxic"],"nature":"Careful","evs":{"hp":252,"atk":4,"def":0,"spa":0,"spd":252,"spe":0},"ivs":{"hp":31,"atk":31,"def":31,"spa":31,"spd":31,"spe":31}},{"name":"dangoro","species":"pangoro","item":"lumberry","ability":"Scrappy","moves":["poweruppunch","knockoff","rest","stormthrow"],"nature":"","evs":{"hp":0,"atk":0,"def":0,"spa":0,"spd":0,"spe":0},"ivs":{"hp":31,"atk":31,"def":31,"spa":31,"spd":31,"spe":31}},{"name":"railroad","species":"gallade","item":"choicescarf","ability":"Justified","moves":["closecombat","leafblade","psychocut","xscissor"],"nature":"Adamant","evs":{"hp":0,"atk":252,"def":0,"spa":0,"spd":4,"spe":252},"ivs":{"hp":31,"atk":31,"def":31,"spa":31,"spd":31,"spe":31}}],"p2team":[{"name":"Virizion","species":"Virizion","item":"choicescarf","ability":"Justified","moves":["stoneedge","leafblade","closecombat","zenheadbutt"],"nature":"Jolly","evs":{"hp":4,"atk":252,"def":0,"spa":0,"spd":0,"spe":252},"shiny":true,"ivs":{"hp":31,"atk":31,"def":31,"spa":31,"spd":31,"spe":31}},{"name":"Ferrothorn","species":"Ferrothorn","item":"leftovers","ability":"Iron Barbs","moves":["stealthrock","leechseed","gyroball","protect"],"nature":"Relaxed","evs":{"hp":252,"atk":0,"def":88,"spa":0,"spd":168,"spe":0},"ivs":{"hp":31,"atk":31,"def":31,"spa":31,"spd":31,"spe":0},"shiny":true},{"name":"Serperior","species":"Serperior","item":"lifeorb","ability":"Contrary","moves":["leafstorm","dragonpulse","hiddenpowerfire","gigadrain"],"nature":"Timid","evs":{"hp":0,"atk":0,"def":0,"spa":252,"spd":4,"spe":252},"shiny":true,"ivs":{"atk":30,"spa":30,"spe":30,"hp":31,"def":31,"spd":31}},{"name":"Ludicolo","species":"Ludicolo","item":"lifeorb","ability":"Swift Swim","moves":["hydropump","gigadrain","icebeam","raindance"],"nature":"Modest","evs":{"hp":0,"atk":0,"def":4,"spa":252,"spd":0,"spe":252},"shiny":true,"ivs":{"hp":31,"atk":31,"def":31,"spa":31,"spd":31,"spe":31}},{"name":"Sceptile","species":"Sceptile","item":"sceptilite","ability":"Overgrow","moves":["leafstorm","focusblast","dragonpulse","earthquake"],"nature":"Timid","evs":{"hp":4,"atk":0,"def":0,"spa":252,"spd":0,"spe":252},"shiny":true,"ivs":{"hp":31,"atk":31,"def":31,"spa":31,"spd":31,"spe":31}},{"name":"Cradily","species":"Cradily","item":"leftovers","ability":"Suction Cups","moves":["ancientpower","earthpower","recover","protect"],"nature":"Modest","evs":{"hp":252,"atk":0,"def":0,"spa":252,"spd":4,"spe":0},"ivs":{"hp":31,"atk":31,"def":31,"spa":31,"spd":31,"spe":31}}],"log":["|player|p1|GTX♅Wrecker|124","|player|p2|GTX♅Bugy|170","|gametype|singles","|gen|6","|tier|Monotype","|rated","|rule|Baton Pass Clause: Limit one Baton Passer, can't pass Spe and other stats simultaneously","|rule|Swagger Clause: Swagger is banned","|rule|Same Type Clause: Pokémon in a team must share a type","|clearpoke","|poke|p1|Hitmonchan, M","|poke|p1|Primeape, F","|poke|p1|Toxicroak, F","|poke|p1|Throh, M","|poke|p1|Pangoro, M","|poke|p1|Gallade, M","|poke|p2|Virizion, shiny","|poke|p2|Ferrothorn, M, shiny","|poke|p2|Serperior, M, shiny","|poke|p2|Ludicolo, F, shiny","|poke|p2|Sceptile, F, shiny","|poke|p2|Cradily, M","|rule|Sleep Clause Mod: Limit one foe put to sleep","|rule|Species Clause: Limit one of each Pokémon","|rule|OHKO Clause: OHKO moves are banned","|rule|Moody Clause: Moody is banned","|rule|Evasion Moves Clause: Evasion moves are banned","|rule|Endless Battle Clause: Forcing endless battles is banned","|rule|HP Percentage Mod: HP is shown in percentages","|teampreview","|","|start","|switch|p1a: shitmonchan|Hitmonchan, M|241/241","|switch|p2a: Ferrothorn|Ferrothorn, M, shiny|352/352","|turn|1","|","|move|p2a: Ferrothorn|Protect|p2a: Ferrothorn","|-singleturn|p2a: Ferrothorn|Protect","|move|p1a: shitmonchan|Fire Punch|p2a: Ferrothorn","|-activate|p2a: Ferrothorn|Protect","|","|turn|2","|","|move|p1a: shitmonchan|Fire Punch|p2a: Ferrothorn","|-supereffective|p2a: Ferrothorn","|-damage|p2a: Ferrothorn|19/352","|-damage|p1a: shitmonchan|211/241|[from] ability: Iron Barbs|[of] p2a: Ferrothorn","|-damage|p1a: shitmonchan|187/241|[from] item: Life Orb","|move|p2a: Ferrothorn|Stealth Rock|p1a: shitmonchan","|-sidestart|p1: GTX♅Wrecker|move: Stealth Rock","|","|-heal|p2a: Ferrothorn|41/352|[from] item: Leftovers","|turn|3","|","|move|p2a: Ferrothorn|Protect|p2a: Ferrothorn","|-singleturn|p2a: Ferrothorn|Protect","|move|p1a: shitmonchan|Drain Punch|p2a: Ferrothorn","|-activate|p2a: Ferrothorn|Protect","|","|-heal|p2a: Ferrothorn|63/352|[from] item: Leftovers","|turn|4","|","|move|p1a: shitmonchan|Fire Punch|p2a: Ferrothorn","|-supereffective|p2a: Ferrothorn","|-damage|p2a: Ferrothorn|0 fnt","|-damage|p1a: shitmonchan|157/241|[from] ability: Iron Barbs|[of] p2a: Ferrothorn","|-damage|p1a: shitmonchan|133/241|[from] item: Life Orb","|faint|p2a: Ferrothorn","|","|","|switch|p2a: Serperior|Serperior, M, shiny|291/291","|turn|5","|","|move|p2a: Serperior|Leaf Storm|p1a: shitmonchan","|-damage|p1a: shitmonchan|0 fnt","|-boost|p2a: Serperior|spa|2","|-damage|p2a: Serperior|262/291|[from] item: Life Orb","|faint|p1a: shitmonchan","|","|","|switch|p1a: pepe|Toxicroak, F|307/307","|-damage|p1a: pepe|288/307|[from] Stealth Rock","|turn|6","|","|move|p1a: pepe|Sludge Wave|p2a: Serperior","|-supereffective|p2a: Serperior","|-damage|p2a: Serperior|10/291","|move|p2a: Serperior|Dragon Pulse|p1a: pepe","|-damage|p1a: pepe|53/307","|-damage|p2a: Serperior|0 fnt|[from] item: Life Orb","|faint|p2a: Serperior","|","|","|switch|p2a: Virizion|Virizion, shiny|324/324","|turn|7","|","|move|p2a: Virizion|Zen Headbutt|p1a: pepe","|-supereffective|p1a: pepe","|-damage|p1a: pepe|0 fnt","|faint|p1a: pepe","|","|","|switch|p1a: Primeape|Primeape, F|271/271","|-damage|p1a: Primeape|255/271|[from] Stealth Rock","|turn|8","|","|move|p2a: Virizion|Zen Headbutt|p1a: Primeape","|-supereffective|p1a: Primeape","|-damage|p1a: Primeape|15/271","|cant|p1a: Primeape|flinch","|","|turn|9","|","|switch|p2a: Cradily|Cradily, M|376/376","|switch|p1a: dangoro|Pangoro, M|331/331","|-damage|p1a: dangoro|311/331|[from] Stealth Rock","|","|turn|10","|","|move|p2a: Cradily|Protect|p2a: Cradily","|-singleturn|p2a: Cradily|Protect","|move|p1a: dangoro|Knock Off|p2a: Cradily","|-activate|p2a: Cradily|Protect","|","|turn|11","|","|switch|p2a: Sceptile|Sceptile, F, shiny|282/282","|move|p1a: dangoro|Knock Off|p2a: Sceptile","|-damage|p2a: Sceptile|144/282","|","|turn|12","|","|detailschange|p2a: Sceptile|Sceptile-Mega, F, shiny","|-mega|p2a: Sceptile|Sceptile|Sceptilite","|move|p2a: Sceptile|Focus Blast|p1a: dangoro","|-crit|p1a: dangoro","|-supereffective|p1a: dangoro","|-damage|p1a: dangoro|0 fnt","|faint|p1a: dangoro","|","|","|switch|p1a: railroad|Gallade, M|277/277","|-damage|p1a: railroad|260/277|[from] Stealth Rock","|turn|13","|","|move|p2a: Sceptile|Leaf Storm|p1a: railroad","|-damage|p1a: railroad|25/277","|-unboost|p2a: Sceptile|spa|2","|move|p1a: railroad|X-Scissor|p2a: Sceptile","|-supereffective|p2a: Sceptile","|-damage|p2a: Sceptile|0 fnt","|faint|p2a: Sceptile","|","|","|switch|p2a: Virizion|Virizion, shiny|324/324","|turn|14","|","|switch|p1a: Primeape|Primeape, F|15/271","|-damage|p1a: Primeape|0 fnt|[from] Stealth Rock","|faint|p1a: Primeape","|move|p2a: Virizion|Leaf Blade|p1: Primeape|[notarget]","|-notarget","|","|","|switch|p1a: dank dog|Throh, M|444/444","|-damage|p1a: dank dog|417/444|[from] Stealth Rock","|-ability|p1a: dank dog|Mold Breaker","|turn|15","|","|switch|p2a: Cradily|Cradily, M|376/376","|move|p1a: dank dog|Toxic|p2a: Cradily","|-status|p2a: Cradily|tox","|","|-heal|p1a: dank dog|444/444|[from] item: Leftovers","|-damage|p2a: Cradily|353/376 tox|[from] psn","|turn|16","|","|move|p1a: dank dog|Protect|p1a: dank dog","|-singleturn|p1a: dank dog|Protect","|move|p2a: Cradily|Ancient Power|p1a: dank dog","|-activate|p1a: dank dog|Protect","|","|-heal|p2a: Cradily|376/376 tox|[from] item: Leftovers","|-damage|p2a: Cradily|330/376 tox|[from] psn","|turn|17","|","|move|p2a: Cradily|Ancient Power|p1a: dank dog","|-resisted|p1a: dank dog","|-damage|p1a: dank dog|411/444","|move|p1a: dank dog|Circle Throw|p2a: Cradily","|-supereffective|p2a: Cradily","|-damage|p2a: Cradily|196/376 tox","|drag|p2a: Virizion|Virizion, shiny|324/324","|","|-heal|p1a: dank dog|438/444|[from] item: Leftovers","|turn|18","|","|move|p2a: Virizion|Zen Headbutt|p1a: dank dog|[miss]","|-miss|p2a: Virizion|p1a: dank dog","|move|p1a: dank dog|Toxic|p2a: Virizion","|-status|p2a: Virizion|tox","|","|-heal|p1a: dank dog|444/444|[from] item: Leftovers","|-damage|p2a: Virizion|304/324 tox|[from] psn","|turn|19","|","|move|p1a: dank dog|Protect|p1a: dank dog","|-singleturn|p1a: dank dog|Protect","|move|p2a: Virizion|Zen Headbutt|p1a: dank dog","|-activate|p1a: dank dog|Protect","|","|-damage|p2a: Virizion|264/324 tox|[from] psn","|turn|20","|","|move|p2a: Virizion|Zen Headbutt|p1a: dank dog","|-supereffective|p1a: dank dog","|-damage|p1a: dank dog|262/444","|cant|p1a: dank dog|flinch","|","|-heal|p1a: dank dog|289/444|[from] item: Leftovers","|-damage|p2a: Virizion|204/324 tox|[from] psn","|turn|21","|","|move|p1a: dank dog|Protect|p1a: dank dog","|-singleturn|p1a: dank dog|Protect","|move|p2a: Virizion|Zen Headbutt|p1a: dank dog","|-activate|p1a: dank dog|Protect","|","|-heal|p1a: dank dog|316/444|[from] item: Leftovers","|-damage|p2a: Virizion|124/324 tox|[from] psn","|turn|22","|","|move|p2a: Virizion|Zen Headbutt|p1a: dank dog","|-supereffective|p1a: dank dog","|-damage|p1a: dank dog|152/444","|move|p1a: dank dog|Payback|p2a: Virizion","|-resisted|p2a: Virizion","|-damage|p2a: Virizion|75/324 tox","|-boost|p2a: Virizion|atk|1|[from] ability: Justified","|","|-heal|p1a: dank dog|179/444|[from] item: Leftovers","|-damage|p2a: Virizion|0 fnt|[from] psn","|faint|p2a: Virizion","|","|switch|p2a: Ludicolo|Ludicolo, F, shiny|301/301","|turn|23","|","|move|p2a: Ludicolo|Rain Dance|p2a: Ludicolo","|-weather|RainDance","|move|p1a: dank dog|Toxic|p2a: Ludicolo","|-status|p2a: Ludicolo|tox","|","|-weather|RainDance|[upkeep]","|-heal|p1a: dank dog|206/444|[from] item: Leftovers","|-damage|p2a: Ludicolo|283/301 tox|[from] psn","|turn|24","|","|move|p1a: dank dog|Protect|p1a: dank dog","|-singleturn|p1a: dank dog|Protect","|move|p2a: Ludicolo|Hydro Pump|p1a: dank dog","|-activate|p1a: dank dog|Protect","|","|-weather|RainDance|[upkeep]","|-heal|p1a: dank dog|233/444|[from] item: Leftovers","|-damage|p2a: Ludicolo|247/301 tox|[from] psn","|turn|25","|","|move|p1a: dank dog|Protect|p1a: dank dog","|-singleturn|p1a: dank dog|Protect","|move|p2a: Ludicolo|Hydro Pump|p1a: dank dog","|-activate|p1a: dank dog|Protect","|","|-weather|RainDance|[upkeep]","|-heal|p1a: dank dog|260/444|[from] item: Leftovers","|-damage|p2a: Ludicolo|193/301 tox|[from] psn","|turn|26","|","|move|p2a: Ludicolo|Hydro Pump|p1a: dank dog","|-damage|p1a: dank dog|0 fnt","|-damage|p2a: Ludicolo|163/301 tox|[from] item: Life Orb","|faint|p1a: dank dog","|","|-weather|RainDance|[upkeep]","|-damage|p2a: Ludicolo|91/301 tox|[from] psn","|","|switch|p1a: railroad|Gallade, M|25/277","|-damage|p1a: railroad|8/277|[from] Stealth Rock","|turn|27","|","|move|p2a: Ludicolo|Giga Drain|p1a: railroad","|-damage|p1a: railroad|0 fnt","|-heal|p2a: Ludicolo|95/301 tox|[from] drain|[of] p1a: railroad","|-damage|p2a: Ludicolo|65/301 tox|[from] item: Life Orb","|faint|p1a: railroad","|","|win|GTX♅Bugy"],"p1rating":{"entryid":590249,"formatid":"monotype","userid":"gtxwrecker","username":"GTX♅Wrecker","r":1500,"rd":130,"sigma":0,"rpr":1467.2582401822,"rprd":122.58225421175,"rpsigma":0,"rptime":1440752400,"w":0,"l":1,"t":0,"gxe":45.9,"acre":1000,"lacre":1000,"oldacre":1000},"p2rating":{"entryid":"464882","serverid":"eos","formatid":"monotype","userid":"gtxbugy","username":"GTX♅Bugy","w":10,"l":"4","t":"0","gxe":63.4,"r":"1579.2111138406","rd":"83.374350392164","sigma":"0","rptime":"1440752400","rpr":1605.9963717319,"rprd":79.705700615983,"rpsigma":"0","acre":1178.5703260189,"lacre":1178.5703260189,"oldacre":"1164.6011369768"},"endType":"normal"}