{"seed":[52266,18043,2696,51503],"turns":20,"p1":"Void Wiley","p2":"Void Daemon","p1team":[{"name":"Galvantula","species":"Galvantula","item":"focussash","ability":"Compound Eyes","moves":["thunder","stickyweb","bugbuzz","gigadrain"],"nature":"Timid","evs":{"hp":0,"atk":0,"def":0,"spa":252,"spd":4,"spe":252},"ivs":{"hp":31,"atk":31,"def":31,"spa":31,"spd":31,"spe":31}},{"name":"Raikou","species":"Raikou","item":"leftovers","ability":"Pressure","moves":["thunderbolt","extrasensory","hiddenpowerice","calmmind"],"nature":"Timid","evs":{"hp":0,"atk":0,"def":0,"spa":252,"spd":4,"spe":252},"ivs":{"hp":31,"atk":30,"def":30,"spa":31,"spd":31,"spe":31}},{"name":"Zapdos","species":"Zapdos","item":"leftovers","ability":"Pressure","moves":["roost","discharge","defog","toxic"],"nature":"Calm","evs":{"hp":252,"atk":0,"def":0,"spa":4,"spd":252,"spe":0},"ivs":{"hp":31,"atk":30,"def":30,"spa":31,"spd":31,"spe":31}},{"name":"Rotom-Wash","species":"Rotom-Wash","item":"leftovers","ability":"Levitate","moves":["hydropump","voltswitch","willowisp","painsplit"],"nature":"Bold","evs":{"hp":252,"atk":0,"def":252,"spa":4,"spd":0,"spe":0},"ivs":{"hp":31,"atk":31,"def":31,"spa":31,"spd":31,"spe":31}},{"name":"Thundurus","species":"Thundurus","item":"leftovers","ability":"Prankster","moves":["thunderwave","thunderbolt","nastyplot","hiddenpowerice"],"nature":"Timid","evs":{"hp":0,"atk":0,"def":0,"spa":252,"spd":4,"spe":252},"ivs":{"hp":31,"atk":30,"def":30,"spa":31,"spd":31,"spe":31}},{"name":"Manectric","species":"Manectric","item":"manectite","ability":"Lightning Rod","moves":["thunderbolt","flamethrower","hiddenpowerice","signalbeam"],"nature":"Timid","evs":{"hp":0,"atk":0,"def":0,"spa":252,"spd":4,"spe":252},"ivs":{"hp":31,"atk":30,"def":30,"spa":31,"spd":31,"spe":31}}],"p2team":[{"name":"Strong Belwas","species":"slowbro","item":"rockyhelmet","ability":"Regenerator","moves":["thunderwave","flamethrower","slackoff","scald"],"nature":"Modest","evs":{"hp":252,"atk":0,"def":4,"spa":252,"spd":0,"spe":0},"gender":"M","ivs":{"hp":31,"atk":31,"def":31,"spa":31,"spd":31,"spe":31}},{"name":"Oberyn Martell","species":"victini","item":"choicescarf","ability":"Victory Star","moves":["vcreate","boltstrike","uturn","zenheadbutt"],"nature":"Naive","evs":{"hp":0,"atk":252,"def":0,"spa":4,"spd":0,"spe":252},"ivs":{"hp":31,"atk":31,"def":31,"spa":31,"spd":31,"spe":31}},{"name":"Cersei Lannister","species":"gardevoir","item":"gardevoirite","ability":"Synchronize","moves":["psyshock","hypervoice","hiddenpowerfire","shadowball"],"nature":"Modest","evs":{"hp":0,"atk":0,"def":8,"spa":252,"spd":248,"spe":0},"gender":"F","ivs":{"hp":31,"atk":30,"def":31,"spa":30,"spd":31,"spe":30}},{"name":"Ramsay Bolton","species":"hoopaunbound","item":"choicescarf","ability":"Magician","moves":["hyperspacefury","drainpunch","gunkshot","hyperspacehole"],"nature":"Hasty","evs":{"hp":0,"atk":252,"def":0,"spa":4,"spd":0,"spe":252},"ivs":{"hp":31,"atk":31,"def":31,"spa":31,"spd":31,"spe":31}},{"name":"Daenerys Targaryen","species":"meloetta","item":"assaultvest","ability":"Serene Grace","moves":["chargebeam","psyshock","shadowball","hypervoice"],"nature":"Modest","evs":{"hp":252,"atk":0,"def":0,"spa":252,"spd":4,"spe":0},"ivs":{"hp":31,"atk":31,"def":31,"spa":31,"spd":31,"spe":31}},{"name":"Jaime Lannister","species":"gallade","item":"assaultvest","ability":"Justified","moves":["psychocut","knockoff","drainpunch","icepunch"],"nature":"Adamant","evs":{"hp":248,"atk":252,"def":0,"spa":0,"spd":8,"spe":0},"ivs":{"hp":31,"atk":31,"def":31,"spa":31,"spd":31,"spe":31}}],"log":["|player|p1|Void Wiley|voidwiley.png","|player|p2|Void Daemon|1","|gametype|singles","|gen|6","|tier|Monotype","|rated","|rule|Baton Pass Clause: Limit one Baton Passer, can't pass Spe and other stats simultaneously","|rule|Swagger Clause: Swagger is banned","|rule|Same Type Clause: Pokémon in a team must share a type","|clearpoke","|poke|p1|Galvantula, M","|poke|p1|Raikou","|poke|p1|Zapdos","|poke|p1|Rotom-Wash","|poke|p1|Thundurus, M","|poke|p1|Manectric, F","|poke|p2|Slowbro, M","|poke|p2|Victini","|poke|p2|Gardevoir, F","|poke|p2|Hoopa-Unbound","|poke|p2|Meloetta","|poke|p2|Gallade, M","|rule|Sleep Clause Mod: Limit one foe put to sleep","|rule|Species Clause: Limit one of each Pokémon","|rule|OHKO Clause: OHKO moves are banned","|rule|Moody Clause: Moody is banned","|rule|Evasion Moves Clause: Evasion moves are banned","|rule|Endless Battle Clause: Forcing endless battles is banned","|rule|HP Percentage Mod: HP is shown in percentages","|teampreview","|","|start","|switch|p1a: Rotom-Wash|Rotom-Wash|304/304","|switch|p2a: Strong Belwas|Slowbro, M|394/394","|turn|1","|","|move|p1a: Rotom-Wash|Volt Switch|p2a: Strong Belwas","|-supereffective|p2a: Strong Belwas","|-damage|p2a: Strong Belwas|166/394","|","|switch|p1a: Galvantula|Galvantula, M|281/281","|move|p2a: Strong Belwas|Scald|p1a: Galvantula","|-crit|p1a: Galvantula","|-enditem|p1a: Galvantula|Focus Sash","|-damage|p1a: Galvantula|1/281","|","|turn|2","|","|switch|p2a: Daenerys Targaryen|Meloetta|404/404","|move|p1a: Galvantula|Thunder|p2a: Daenerys Targaryen","|-damage|p2a: Daenerys Targaryen|313/404","|-status|p2a: Daenerys Targaryen|par","|","|turn|3","|","|move|p1a: Galvantula|Sticky Web|p2a: Daenerys Targaryen","|-sidestart|p2: Void Daemon|move: Sticky Web","|move|p2a: Daenerys Targaryen|Charge Beam|p1a: Galvantula","|-crit|p1a: Galvantula","|-resisted|p1a: Galvantula","|-damage|p1a: Galvantula|0 fnt","|-boost|p2a: Daenerys Targaryen|spa|1","|faint|p1a: Galvantula","|","|","|switch|p1a: Thundurus|Thundurus, M|299/299","|turn|4","|","|move|p1a: Thundurus|Nasty Plot|p1a: Thundurus","|-boost|p1a: Thundurus|spa|2","|cant|p2a: Daenerys Targaryen|par","|","|turn|5","|","|move|p1a: Thundurus|Thunderbolt|p2a: Daenerys Targaryen","|-damage|p2a: Daenerys Targaryen|153/404 par","|move|p2a: Daenerys Targaryen|Hyper Voice|p1a: Thundurus","|-damage|p1a: Thundurus|0 fnt","|faint|p1a: Thundurus","|","|","|switch|p1a: Raikou|Raikou|321/321","|-ability|p1a: Raikou|Pressure","|turn|6","|","|move|p1a: Raikou|Calm Mind|p1a: Raikou","|-boost|p1a: Raikou|spa|1","|-boost|p1a: Raikou|spd|1","|move|p2a: Daenerys Targaryen|Hyper Voice|p1a: Raikou","|-damage|p1a: Raikou|149/321","|","|-heal|p1a: Raikou|169/321|[from] item: Leftovers","|turn|7","|","|move|p1a: Raikou|Thunderbolt|p2a: Daenerys Targaryen","|-damage|p2a: Daenerys Targaryen|39/404 par","|move|p2a: Daenerys Targaryen|Psyshock|p1a: Raikou","|-damage|p1a: Raikou|0 fnt","|faint|p1a: Raikou","|","|","|switch|p1a: Manectric|Manectric, F|281/281","|turn|8","|","|detailschange|p1a: Manectric|Manectric-Mega, F","|-mega|p1a: Manectric|Manectric|Manectite","|-ability|p1a: Manectric|Intimidate","|-unboost|p2a: Daenerys Targaryen|atk|1","|move|p1a: Manectric|Signal Beam|p2a: Daenerys Targaryen","|-supereffective|p2a: Daenerys Targaryen","|-damage|p2a: Daenerys Targaryen|0 fnt","|faint|p2a: Daenerys Targaryen","|","|","|switch|p2a: Oberyn Martell|Victini|341/341","|-activate|p2a: Oberyn Martell|move: Sticky Web","|-unboost|p2a: Oberyn Martell|spe|1","|turn|9","|","|move|p1a: Manectric|Thunderbolt|p2a: Oberyn Martell","|-damage|p2a: Oberyn Martell|170/341","|move|p2a: Oberyn Martell|V-create|p1a: Manectric","|-damage|p1a: Manectric|0 fnt","|-unboost|p2a: Oberyn Martell|spe|1","|-unboost|p2a: Oberyn Martell|def|1","|-unboost|p2a: Oberyn Martell|spd|1","|faint|p1a: Manectric","|","|","|switch|p1a: Rotom-Wash|Rotom-Wash|304/304","|turn|10","|","|switch|p2a: Strong Belwas|Slowbro, M|297/394","|-activate|p2a: Strong Belwas|move: Sticky Web","|-unboost|p2a: Strong Belwas|spe|1","|move|p1a: Rotom-Wash|Hydro Pump|p2a: Strong Belwas","|-resisted|p2a: Strong Belwas","|-damage|p2a: Strong Belwas|222/394","|","|turn|11","|","|move|p1a: Rotom-Wash|Volt Switch|p2a: Strong Belwas","|-supereffective|p2a: Strong Belwas","|-damage|p2a: Strong Belwas|24/394","|","|switch|p1a: Zapdos|Zapdos|384/384","|-ability|p1a: Zapdos|Pressure","|move|p2a: Strong Belwas|Scald|p1a: Zapdos","|-damage|p1a: Zapdos|278/384","|-status|p1a: Zapdos|brn","|","|-heal|p1a: Zapdos|302/384 brn|[from] item: Leftovers","|-damage|p1a: Zapdos|254/384 brn|[from] brn","|turn|12","|","|move|p1a: Zapdos|Discharge|p2a: Strong Belwas","|-supereffective|p2a: Strong Belwas","|-damage|p2a: Strong Belwas|0 fnt","|faint|p2a: Strong Belwas","|","|-heal|p1a: Zapdos|278/384 brn|[from] item: Leftovers","|-damage|p1a: Zapdos|230/384 brn|[from] brn","|","|switch|p2a: Jaime Lannister|Gallade, M|339/339","|-activate|p2a: Jaime Lannister|move: Sticky Web","|-unboost|p2a: Jaime Lannister|spe|1","|turn|13","|","|move|p1a: Zapdos|Roost|p1a: Zapdos","|-heal|p1a: Zapdos|384/384 brn","|move|p2a: Jaime Lannister|Ice Punch|p1a: Zapdos","|-damage|p1a: Zapdos|280/384 brn","|","|-heal|p1a: Zapdos|304/384 brn|[from] item: Leftovers","|-damage|p1a: Zapdos|256/384 brn|[from] brn","|turn|14","|","|move|p1a: Zapdos|Discharge|p2a: Jaime Lannister","|-damage|p2a: Jaime Lannister|267/339","|move|p2a: Jaime Lannister|Knock Off|p1a: Zapdos","|-crit|p1a: Zapdos","|-damage|p1a: Zapdos|32/384 brn","|-enditem|p1a: Zapdos|Leftovers|[from] move: Knock Off|[of] p2a: Jaime Lannister","|","|-damage|p1a: Zapdos|0 fnt|[from] brn","|faint|p1a: Zapdos","|","|switch|p1a: Rotom-Wash|Rotom-Wash|304/304","|turn|15","|","|move|p1a: Rotom-Wash|Will-O-Wisp|p2a: Jaime Lannister","|-status|p2a: Jaime Lannister|brn","|move|p2a: Jaime Lannister|Knock Off|p1a: Rotom-Wash","|-damage|p1a: Rotom-Wash|265/304","|-enditem|p1a: Rotom-Wash|Leftovers|[from] move: Knock Off|[of] p2a: Jaime Lannister","|","|-damage|p2a: Jaime Lannister|225/339 brn|[from] brn","|turn|16","|","|move|p1a: Rotom-Wash|Hydro Pump|p2a: Jaime Lannister","|-damage|p2a: Jaime Lannister|150/339 brn","|move|p2a: Jaime Lannister|Psycho Cut|p1a: Rotom-Wash","|-damage|p1a: Rotom-Wash|223/304","|","|-damage|p2a: Jaime Lannister|108/339 brn|[from] brn","|turn|17","|","|move|p1a: Rotom-Wash|Hydro Pump|p2a: Jaime Lannister","|-damage|p2a: Jaime Lannister|33/339 brn","|move|p2a: Jaime Lannister|Drain Punch|p1a: Rotom-Wash","|-damage|p1a: Rotom-Wash|172/304","|-heal|p2a: Jaime Lannister|59/339 brn|[from] drain|[of] p1a: Rotom-Wash","|","|-damage|p2a: Jaime Lannister|17/339 brn|[from] brn","|turn|18","|","|move|p1a: Rotom-Wash|Volt Switch|p2a: Jaime Lannister","|-damage|p2a: Jaime Lannister|0 fnt","|faint|p2a: Jaime Lannister","|","|","|switch|p2a: Ramsay Bolton|Hoopa-Unbound|301/301","|-activate|p2a: Ramsay Bolton|move: Sticky Web","|-unboost|p2a: Ramsay Bolton|spe|1","|turn|19","|","|move|p2a: Ramsay Bolton|Hyperspace Fury|p1a: Rotom-Wash","|-damage|p1a: Rotom-Wash|39/304","|-unboost|p2a: Ramsay Bolton|def|1","|move|p1a: Rotom-Wash|Will-O-Wisp|p2a: Ramsay Bolton","|-status|p2a: Ramsay Bolton|brn","|","|-damage|p2a: Ramsay Bolton|264/301 brn|[from] brn","|turn|20","|","|move|p2a: Ramsay Bolton|Hyperspace Fury|p1a: Rotom-Wash","|-damage|p1a: Rotom-Wash|0 fnt","|-unboost|p2a: Ramsay Bolton|def|1","|faint|p1a: Rotom-Wash","|","|win|Void Daemon"],"p1rating":{"entryid":"91212","serverid":"eos","formatid":"monotype","userid":"voidwiley","username":"Void Wiley","w":"46","l":28,"t":"0","gxe":63.1,"r":"1635.1929176036","rd":"45.344567644967","sigma":"0","rptime":"1440752400","rpr":1601.3540707818,"rprd":43.16652266678,"rpsigma":"0","acre":1045.2818968257,"lacre":1045.2818968257,"oldacre":"1068.1714834298"},"p2rating":{"entryid":"203453","serverid":"eos","formatid":"monotype","userid":"voiddaemon","username":"Void Daemon","w":2,"l":"3","t":"0","gxe":50.5,"r":"1459.8393856612","rd":"124.12206552901","sigma":"0","rptime":"1440752400","rpr":1503.8486099189,"rprd":104.54839628037,"rpsigma":"0","acre":1063.6536015548,"lacre":1063.6536015548,"oldacre":"1022.1444924543"},"endType":"normal"}