{"seed":[33542,27002,61890,34282],"turns":37,"p1":"GTX♅Bugy","p2":"Crystal Blade64","p1team":[{"name":"Heatran","species":"Heatran","item":"choicescarf","ability":"Flash Fire","moves":["lavaplume","earthpower","ancientpower","dragonpulse"],"nature":"Timid","evs":{"hp":0,"atk":0,"def":0,"spa":252,"spd":4,"spe":252},"ivs":{"hp":31,"atk":31,"def":31,"spa":31,"spd":31,"spe":31}},{"name":"Excadrill","species":"Excadrill","item":"choicescarf","ability":"Mold Breaker","moves":["earthquake","ironhead","rockslide","brickbreak"],"nature":"Jolly","evs":{"hp":0,"atk":252,"def":0,"spa":0,"spd":4,"spe":252},"ivs":{"hp":31,"atk":31,"def":31,"spa":31,"spd":31,"spe":31}},{"name":"Skarmory","species":"Skarmory","item":"leftovers","ability":"Sturdy","moves":["stealthrock","whirlwind","drillpeck","roost"],"nature":"Impish","evs":{"hp":252,"atk":0,"def":232,"spa":0,"spd":0,"spe":24},"ivs":{"hp":31,"atk":31,"def":31,"spa":31,"spd":31,"spe":31}},{"name":"Scizor","species":"Scizor","item":"scizorite","ability":"Technician","moves":["bulletpunch","roost","uturn","swordsdance"],"nature":"Impish","evs":{"hp":248,"atk":8,"def":252,"spa":0,"spd":0,"spe":0},"ivs":{"hp":31,"atk":31,"def":31,"spa":31,"spd":31,"spe":31}},{"name":"Doublade","species":"Doublade","item":"eviolite","ability":"No Guard","moves":["shadowsneak","swordsdance","sacredsword","ironhead"],"nature":"Adamant","evs":{"hp":248,"atk":252,"def":0,"spa":0,"spd":8,"spe":0},"ivs":{"hp":31,"atk":31,"def":31,"spa":31,"spd":31,"spe":31}},{"name":"Klefki","species":"Klefki","item":"lightclay","ability":"Prankster","moves":["reflect","lightscreen","thunderwave","magiccoat"],"nature":"Bold","evs":{"hp":248,"atk":0,"def":252,"spa":0,"spd":8,"spe":0},"ivs":{"hp":31,"atk":31,"def":31,"spa":31,"spd":31,"spe":31}}],"p2team":[{"name":"Reckless","species":"staraptor","item":"leftovers","ability":"Intimidate","moves":["bravebird","roost","featherdance","defog"],"nature":"Impish","evs":{"hp":252,"atk":4,"def":252,"spa":0,"spd":0,"spe":0},"ivs":{"hp":31,"atk":31,"def":31,"spa":31,"spd":31,"spe":31}},{"name":"BetterThanYou","species":"ditto","item":"choicescarf","ability":"Imposter","moves":["transform"],"nature":"Bold","evs":{"hp":248,"atk":0,"def":252,"spa":0,"spd":8,"spe":0},"happiness":0,"ivs":{"hp":31,"atk":31,"def":31,"spa":31,"spd":31,"spe":31}},{"name":"Nurse Joy pls","species":"chansey","item":"eviolite","ability":"Natural Cure","moves":["aromatherapy","softboiled","thunderwave","seismictoss"],"nature":"Bold","evs":{"hp":248,"atk":0,"def":252,"spa":0,"spd":8,"spe":0},"ivs":{"hp":31,"atk":31,"def":31,"spa":31,"spd":31,"spe":31}},{"name":"EnergizerBunny","species":"lopunny","item":"lopunnite","ability":"Cute Charm","moves":["fakeout","highjumpkick","icepunch","frustration"],"nature":"Jolly","evs":{"hp":4,"atk":252,"def":0,"spa":0,"spd":0,"spe":252},"happiness":0,"ivs":{"hp":31,"atk":31,"def":31,"spa":31,"spd":31,"spe":31}},{"name":"DownloadFreeRAM","species":"porygon2","item":"eviolite","ability":"Trace","moves":["toxic","recover","icebeam","discharge"],"nature":"Bold","evs":{"hp":248,"atk":0,"def":252,"spa":8,"spd":0,"spe":0},"ivs":{"hp":31,"atk":31,"def":31,"spa":31,"spd":31,"spe":31}},{"name":"Diggersby tho","species":"diggersby","item":"choiceband","ability":"Huge Power","moves":["earthquake","quickattack","frustration","uturn"],"nature":"Adamant","evs":{"hp":4,"atk":252,"def":0,"spa":0,"spd":0,"spe":252},"happiness":0,"ivs":{"hp":31,"atk":31,"def":31,"spa":31,"spd":31,"spe":31}}],"log":["|player|p1|GTX♅Bugy|170","|player|p2|Crystal Blade64|165","|gametype|singles","|gen|6","|tier|Monotype","|rated","|rule|Baton Pass Clause: Limit one Baton Passer, can't pass Spe and other stats simultaneously","|rule|Swagger Clause: Swagger is banned","|rule|Same Type Clause: Pokémon in a team must share a type","|clearpoke","|poke|p1|Heatran, F","|poke|p1|Excadrill, F","|poke|p1|Skarmory, M","|poke|p1|Scizor, M","|poke|p1|Doublade, F","|poke|p1|Klefki, F","|poke|p2|Staraptor, M","|poke|p2|Ditto","|poke|p2|Chansey, F","|poke|p2|Lopunny, M","|poke|p2|Porygon2","|poke|p2|Diggersby, M","|rule|Sleep Clause Mod: Limit one foe put to sleep","|rule|Species Clause: Limit one of each Pokémon","|rule|OHKO Clause: OHKO moves are banned","|rule|Moody Clause: Moody is banned","|rule|Evasion Moves Clause: Evasion moves are banned","|rule|Endless Battle Clause: Forcing endless battles is banned","|rule|HP Percentage Mod: HP is shown in percentages","|teampreview","|","|start","|switch|p1a: Skarmory|Skarmory, M|334/334","|switch|p2a: Diggersby tho|Diggersby, M|312/312","|turn|1","|","|move|p2a: Diggersby tho|U-turn|p1a: Skarmory","|-resisted|p1a: Skarmory","|-damage|p1a: Skarmory|313/334","|","|switch|p2a: DownloadFreeRAM|Porygon2|373/373","|-ability|p2a: DownloadFreeRAM|Sturdy|[from] ability: Trace|[of] p1a: Skarmory","|move|p1a: Skarmory|Stealth Rock|p2a: DownloadFreeRAM","|-sidestart|p2: Crystal Blade64|move: Stealth Rock","|","|-heal|p1a: Skarmory|333/334|[from] item: Leftovers","|turn|2","|","|switch|p1a: Heatran|Heatran, F|323/323","|move|p2a: DownloadFreeRAM|Discharge|p1a: Heatran","|-damage|p1a: Heatran|264/323","|-status|p1a: Heatran|par","|","|turn|3","|","|switch|p2a: Nurse Joy pls|Chansey, F|703/703","|-damage|p2a: Nurse Joy pls|616/703|[from] Stealth Rock","|move|p1a: Heatran|Lava Plume|p2a: Nurse Joy pls","|-damage|p2a: Nurse Joy pls|520/703","|-status|p2a: Nurse Joy pls|brn","|","|-damage|p2a: Nurse Joy pls|433/703 brn|[from] brn","|turn|4","|","|switch|p1a: Klefki|Klefki, F|317/317","|move|p2a: Nurse Joy pls|Soft-Boiled|p2a: Nurse Joy pls","|-heal|p2a: Nurse Joy pls|703/703 brn","|","|-damage|p2a: Nurse Joy pls|616/703 brn|[from] brn","|turn|5","|","|switch|p2a: Diggersby tho|Diggersby, M|312/312","|-damage|p2a: Diggersby tho|293/312|[from] Stealth Rock","|move|p1a: Klefki|Magic Coat|p1a: Klefki","|-singleturn|p1a: Klefki|move: Magic Coat","|","|turn|6","|","|switch|p1a: Skarmory|Skarmory, M|333/334","|move|p2a: Diggersby tho|Earthquake|p1a: Skarmory","|-immune|p1a: Skarmory|[msg]","|","|-heal|p1a: Skarmory|334/334|[from] item: Leftovers","|turn|7","|","|switch|p2a: Reckless|Staraptor, M|374/374","|-damage|p2a: Reckless|281/374|[from] Stealth Rock","|-ability|p2a: Reckless|Intimidate","|-unboost|p1a: Skarmory|atk|1","|move|p1a: Skarmory|Drill Peck|p2a: Reckless","|-damage|p2a: Reckless|236/374","|","|-heal|p2a: Reckless|259/374|[from] item: Leftovers","|turn|8","|","|switch|p1a: Doublade|Doublade, F|321/321","|move|p2a: Reckless|Defog|p1a: Doublade","|-unboost|p1a: Doublade|evasion|1","|-sideend|p2: Crystal Blade64|Stealth Rock|[from] move: Defog|[of] p2a: Reckless","|","|-heal|p2a: Reckless|282/374|[from] item: Leftovers","|turn|9","|","|switch|p2a: DownloadFreeRAM|Porygon2|373/373","|-ability|p2a: DownloadFreeRAM|No Guard|[from] ability: Trace|[of] p1a: Doublade","|move|p1a: Doublade|Swords Dance|p1a: Doublade","|-boost|p1a: Doublade|atk|2","|","|turn|10","|","|move|p2a: DownloadFreeRAM|Discharge|p1a: Doublade","|-damage|p1a: Doublade|241/321","|move|p1a: Doublade|Sacred Sword|p2a: DownloadFreeRAM","|-supereffective|p2a: DownloadFreeRAM","|-damage|p2a: DownloadFreeRAM|159/373","|","|turn|11","|","|switch|p2a: Reckless|Staraptor, M|282/374","|-ability|p2a: Reckless|Intimidate","|-unboost|p1a: Doublade|atk|1","|move|p1a: Doublade|Iron Head|p2a: Reckless","|-damage|p2a: Reckless|83/374","|","|-heal|p2a: Reckless|106/374|[from] item: Leftovers","|turn|12","|","|switch|p1a: Klefki|Klefki, F|317/317","|move|p2a: Reckless|Feather Dance|p1a: Klefki","|-unboost|p1a: Klefki|atk|2","|","|-heal|p2a: Reckless|129/374|[from] item: Leftovers","|turn|13","|","|switch|p2a: Nurse Joy pls|Chansey, F|616/703","|move|p1a: Klefki|Reflect|p1a: Klefki","|-sidestart|p1: GTX♅Bugy|Reflect","|","|turn|14","|","|move|p1a: Klefki|Magic Coat|p1a: Klefki","|-singleturn|p1a: Klefki|move: Magic Coat","|move|p2a: Nurse Joy pls|Seismic Toss|p1a: Klefki","|-damage|p1a: Klefki|217/317","|","|turn|15","|","|move|p1a: Klefki|Thunder Wave|p2a: Nurse Joy pls","|-status|p2a: Nurse Joy pls|par","|move|p2a: Nurse Joy pls|Seismic Toss|p1a: Klefki","|-damage|p1a: Klefki|117/317","|","|turn|16","|","|switch|p1a: Skarmory|Skarmory, M|334/334","|switch|p2a: DownloadFreeRAM|Porygon2|159/373","|-ability|p2a: DownloadFreeRAM|Sturdy|[from] ability: Trace|[of] p1a: Skarmory","|","|turn|17","|","|switch|p1a: Excadrill|Excadrill, F|361/361","|-ability|p1a: Excadrill|Mold Breaker","|move|p2a: DownloadFreeRAM|Recover|p2a: DownloadFreeRAM","|-heal|p2a: DownloadFreeRAM|346/373","|","|turn|18","|","|switch|p2a: Reckless|Staraptor, M|129/374","|-ability|p2a: Reckless|Intimidate","|-unboost|p1a: Excadrill|atk|1","|move|p1a: Excadrill|Brick Break|p2a: Reckless","|-damage|p2a: Reckless|75/374","|","|-heal|p2a: Reckless|98/374|[from] item: Leftovers","|turn|19","|","|switch|p1a: Skarmory|Skarmory, M|334/334","|move|p2a: Reckless|Roost|p2a: Reckless","|-heal|p2a: Reckless|285/374","|","|-heal|p2a: Reckless|308/374|[from] item: Leftovers","|turn|20","|","|switch|p2a: DownloadFreeRAM|Porygon2|346/373","|-ability|p2a: DownloadFreeRAM|Sturdy|[from] ability: Trace|[of] p1a: Skarmory","|move|p1a: Skarmory|Stealth Rock|p2a: DownloadFreeRAM","|-sidestart|p2: Crystal Blade64|move: Stealth Rock","|","|-sideend|p1: GTX♅Bugy|Reflect","|turn|21","|","|switch|p1a: Doublade|Doublade, F|241/321","|move|p2a: DownloadFreeRAM|Discharge|p1a: Doublade","|-damage|p1a: Doublade|162/321","|","|turn|22","|","|switch|p2a: Reckless|Staraptor, M|308/374","|-damage|p2a: Reckless|215/374|[from] Stealth Rock","|-ability|p2a: Reckless|Intimidate","|-unboost|p1a: Doublade|atk|1","|move|p1a: Doublade|Swords Dance|p1a: Doublade","|-boost|p1a: Doublade|atk|2","|","|-heal|p2a: Reckless|238/374|[from] item: Leftovers","|turn|23","|","|move|p2a: Reckless|Feather Dance|p1a: Doublade","|-unboost|p1a: Doublade|atk|2","|move|p1a: Doublade|Iron Head|p2a: Reckless","|-damage|p2a: Reckless|150/374","|","|-heal|p2a: Reckless|173/374|[from] item: Leftovers","|turn|24","|","|switch|p1a: Klefki|Klefki, F|117/317","|move|p2a: Reckless|Roost|p2a: Reckless","|-heal|p2a: Reckless|360/374","|","|-heal|p2a: Reckless|374/374|[from] item: Leftovers","|turn|25","|","|move|p1a: Klefki|Reflect|p1a: Klefki","|-sidestart|p1: GTX♅Bugy|Reflect","|move|p2a: Reckless|Brave Bird|p1a: Klefki","|-resisted|p1a: Klefki","|-damage|p1a: Klefki|87/317","|-damage|p2a: Reckless|364/374|[from] recoil|[of] p1a: Klefki","|","|-heal|p2a: Reckless|374/374|[from] item: Leftovers","|turn|26","|","|switch|p2a: DownloadFreeRAM|Porygon2|346/373","|-damage|p2a: DownloadFreeRAM|300/373|[from] Stealth Rock","|-ability|p2a: DownloadFreeRAM|Prankster|[from] ability: Trace|[of] p1a: Klefki","|move|p1a: Klefki|Thunder Wave|p2a: DownloadFreeRAM","|-status|p2a: DownloadFreeRAM|par","|","|turn|27","|","|move|p1a: Klefki|Light Screen|p1a: Klefki","|-sidestart|p1: GTX♅Bugy|move: Light Screen","|cant|p2a: DownloadFreeRAM|par","|","|turn|28","|","|switch|p1a: Scizor|Scizor, M|343/343","|move|p2a: DownloadFreeRAM|Discharge|p1a: Scizor","|-crit|p1a: Scizor","|-damage|p1a: Scizor|217/343","|-status|p1a: Scizor|par","|","|turn|29","|","|switch|p2a: Reckless|Staraptor, M|374/374","|-damage|p2a: Reckless|281/374|[from] Stealth Rock","|-ability|p2a: Reckless|Intimidate","|-unboost|p1a: Scizor|atk|1","|detailschange|p1a: Scizor|Scizor-Mega, M","|-mega|p1a: Scizor|Scizor|Scizorite","|move|p1a: Scizor|Swords Dance|p1a: Scizor","|-boost|p1a: Scizor|atk|2","|","|-heal|p2a: Reckless|304/374|[from] item: Leftovers","|turn|30","|","|move|p1a: Scizor|Bullet Punch|p2a: Reckless","|-damage|p2a: Reckless|169/374","|move|p2a: Reckless|Feather Dance|p1a: Scizor","|-unboost|p1a: Scizor|atk|2","|","|-heal|p2a: Reckless|192/374|[from] item: Leftovers","|turn|31","|","|move|p2a: Reckless|Roost|p2a: Reckless","|-heal|p2a: Reckless|374/374","|move|p1a: Scizor|Swords Dance|p1a: Scizor","|-boost|p1a: Scizor|atk|2","|","|turn|32","|","|cant|p1a: Scizor|par","|move|p2a: Reckless|Feather Dance|p1a: Scizor","|-unboost|p1a: Scizor|atk|2","|","|-sideend|p1: GTX♅Bugy|Reflect","|turn|33","|","|switch|p1a: Skarmory|Skarmory, M|334/334","|move|p2a: Reckless|Defog|p1a: Skarmory","|-unboost|p1a: Skarmory|evasion|1","|-sideend|p1: GTX♅Bugy|move: Light Screen","|-sideend|p2: Crystal Blade64|Stealth Rock|[from] move: Defog|[of] p2a: Reckless","|","|turn|34","|","|switch|p2a: DownloadFreeRAM|Porygon2|300/373 par","|-ability|p2a: DownloadFreeRAM|Sturdy|[from] ability: Trace|[of] p1a: Skarmory","|move|p1a: Skarmory|Stealth Rock|p2a: DownloadFreeRAM","|-sidestart|p2: Crystal Blade64|move: Stealth Rock","|","|turn|35","|","|switch|p1a: Doublade|Doublade, F|162/321","|move|p2a: DownloadFreeRAM|Discharge|p1a: Doublade","|-damage|p1a: Doublade|89/321","|","|turn|36","|","|switch|p1a: Heatran|Heatran, F|264/323 par","|move|p2a: DownloadFreeRAM|Discharge|p1a: Heatran","|-damage|p1a: Heatran|198/323 par","|","|turn|37","|","|win|Crystal Blade64"],"p1rating":{"entryid":"464882","serverid":"eos","formatid":"monotype","userid":"gtxbugy","username":"GTX♅Bugy","w":"10","l":5,"t":"0","gxe":61.5,"r":"1579.2111138406","rd":"83.374350392164","sigma":"0","rptime":"1440752400","rpr":1589.9239297091,"rprd":77.800278164471,"rpsigma":"0","acre":1153.8981901745,"lacre":1153.8981901745,"oldacre":"1178.5703260189"},"p2rating":{"entryid":"73557","serverid":"eos","formatid":"monotype","userid":"crystalblade64","username":"Crystal Blade64","w":20,"l":"9","t":"0","gxe":66.2,"r":"1626.324291523","rd":"65.311594647492","sigma":"0","rptime":"1440752400","rpr":1628.5210549179,"rprd":62.647724365356,"rpsigma":"0","acre":1207.7991901106,"lacre":1207.7991901106,"oldacre":"1183.1270542662"},"endType":"forfeit"}