{"seed":[35674,60341,43375,15815],"turns":30,"p1":"KenruKage","p2":"Doctor Mental1st","p1team":[{"name":"Oven","species":"rotomheat","item":"leftovers","ability":"Levitate","moves":["overheat","voltswitch","thunderwave","painsplit"],"nature":"Bold","evs":{"hp":248,"atk":0,"def":124,"spa":0,"spd":0,"spe":136},"shiny":true,"ivs":{"hp":31,"atk":31,"def":31,"spa":31,"spd":31,"spe":31}},{"name":"Hephaestus","species":"infernape","item":"lifeorb","ability":"Blaze","moves":["fireblast","closecombat","grassknot","earthquake"],"nature":"Naive","evs":{"hp":0,"atk":168,"def":0,"spa":88,"spd":0,"spe":252},"shiny":true,"ivs":{"hp":31,"atk":31,"def":31,"spa":31,"spd":31,"spe":31}},{"name":"Betsu","species":"charizard","item":"charizarditey","ability":"Blaze","moves":["flamethrower","airslash","dragonpulse","solarbeam"],"nature":"Timid","evs":{"hp":0,"atk":0,"def":0,"spa":252,"spd":4,"spe":252},"shiny":true,"ivs":{"hp":31,"atk":31,"def":31,"spa":31,"spd":31,"spe":31}},{"name":"Ruffy","species":"arcanine","item":"leftovers","ability":"Intimidate","moves":["morningsun","willowisp","flareblitz","extremespeed"],"nature":"Impish","evs":{"hp":248,"atk":8,"def":252,"spa":0,"spd":0,"spe":0},"shiny":true,"ivs":{"hp":31,"atk":31,"def":31,"spa":31,"spd":31,"spe":31}},{"name":"Coolwalk","species":"heatran","item":"airballoon","ability":"Flash Fire","moves":["magmastorm","earthpower","taunt","toxic"],"nature":"Timid","evs":{"hp":0,"atk":0,"def":0,"spa":252,"spd":4,"spe":252},"shiny":true,"ivs":{"hp":31,"atk":31,"def":31,"spa":31,"spd":31,"spe":31}},{"name":"The Big V","species":"victini","item":"choiceband","ability":"Victory Star","moves":["vcreate","boltstrike","zenheadbutt","uturn"],"nature":"Adamant","evs":{"hp":0,"atk":252,"def":4,"spa":0,"spd":0,"spe":252},"ivs":{"hp":31,"atk":31,"def":31,"spa":31,"spd":31,"spe":31}}],"p2team":[{"name":"Jirachi","species":"Jirachi","item":"choicescarf","ability":"Serene Grace","moves":["ironhead","trick","healingwish","uturn"],"nature":"Jolly","evs":{"hp":0,"atk":252,"def":0,"spa":0,"spd":4,"spe":252},"ivs":{"hp":31,"atk":31,"def":31,"spa":31,"spd":31,"spe":31}},{"name":"Victini","species":"Victini","item":"choicescarf","ability":"Victory Star","moves":["vcreate","boltstrike","zenheadbutt","blueflare"],"nature":"Adamant","evs":{"hp":0,"atk":252,"def":0,"spa":0,"spd":4,"spe":252},"ivs":{"hp":31,"atk":31,"def":31,"spa":31,"spd":31,"spe":31}},{"name":"Mew","species":"Mew","item":"leftovers","ability":"Synchronize","moves":["roost","stealthrock","defog","willowisp"],"nature":"Calm","evs":{"hp":252,"atk":0,"def":4,"spa":0,"spd":144,"spe":108},"ivs":{"hp":31,"atk":31,"def":31,"spa":31,"spd":31,"spe":31}},{"name":"Gardevoir","species":"Gardevoir","item":"gardevoirite","ability":"Trace","moves":["hypervoice","psyshock","focusblast","substitute"],"nature":"Timid","evs":{"hp":0,"atk":0,"def":0,"spa":252,"spd":4,"spe":252},"shiny":true,"ivs":{"hp":31,"atk":31,"def":31,"spa":31,"spd":31,"spe":31}},{"name":"Meloetta","species":"Meloetta","item":"assaultvest","ability":"Serene Grace","moves":["focusblast","psyshock","energyball","shadowball"],"nature":"Modest","evs":{"hp":248,"atk":0,"def":0,"spa":252,"spd":8,"spe":0},"ivs":{"hp":31,"atk":31,"def":31,"spa":31,"spd":31,"spe":31}},{"name":"Slowbro","species":"Slowbro","item":"rockyhelmet","ability":"Regenerator","moves":["slackoff","scald","fireblast","thunderwave"],"nature":"Bold","evs":{"hp":248,"atk":0,"def":252,"spa":8,"spd":0,"spe":0},"ivs":{"hp":31,"atk":31,"def":31,"spa":31,"spd":31,"spe":31}}],"log":["|player|p1|KenruKage|94","|player|p2|Doctor Mental1st|184","|gametype|singles","|gen|6","|tier|Monotype","|rated","|rule|Baton Pass Clause: Limit one Baton Passer, can't pass Spe and other stats simultaneously","|rule|Swagger Clause: Swagger is banned","|rule|Same Type Clause: Pokémon in a team must share a type","|clearpoke","|poke|p1|Rotom-Heat, shiny","|poke|p1|Infernape, F, shiny","|poke|p1|Charizard, F, shiny","|poke|p1|Arcanine, F, shiny","|poke|p1|Heatran, F, shiny","|poke|p1|Victini","|poke|p2|Jirachi","|poke|p2|Victini","|poke|p2|Mew","|poke|p2|Gardevoir, M, shiny","|poke|p2|Meloetta","|poke|p2|Slowbro, F","|rule|Sleep Clause Mod: Limit one foe put to sleep","|rule|Species Clause: Limit one of each Pokémon","|rule|OHKO Clause: OHKO moves are banned","|rule|Moody Clause: Moody is banned","|rule|Evasion Moves Clause: Evasion moves are banned","|rule|Endless Battle Clause: Forcing endless battles is banned","|rule|HP Percentage Mod: HP is shown in percentages","|teampreview","|","|start","|switch|p1a: Oven|Rotom-Heat, shiny|303/303","|switch|p2a: Mew|Mew|404/404","|turn|1","|","|move|p2a: Mew|Stealth Rock|p1a: Oven","|-sidestart|p1: KenruKage|move: Stealth Rock","|move|p1a: Oven|Thunder Wave|p2a: Mew","|-status|p2a: Mew|par","|","|turn|2","|","|move|p1a: Oven|Overheat|p2a: Mew","|-damage|p2a: Mew|286/404 par","|-unboost|p1a: Oven|spa|2","|move|p2a: Mew|Roost|p2a: Mew","|-heal|p2a: Mew|404/404 par","|","|turn|3","|","|move|p1a: Oven|Overheat|p2a: Mew","|-damage|p2a: Mew|341/404 par","|-unboost|p1a: Oven|spa|2","|move|p2a: Mew|Roost|p2a: Mew","|-heal|p2a: Mew|404/404 par","|","|turn|4","|","|switch|p2a: Meloetta|Meloetta|403/403","|move|p1a: Oven|Volt Switch|p2a: Meloetta","|-damage|p2a: Meloetta|387/403","|","|switch|p1a: Ruffy|Arcanine, F, shiny|383/383","|-damage|p1a: Ruffy|288/383|[from] Stealth Rock","|-ability|p1a: Ruffy|Intimidate","|-unboost|p2a: Meloetta|atk|1","|","|-heal|p1a: Ruffy|311/383|[from] item: Leftovers","|turn|5","|","|switch|p2a: Slowbro|Slowbro, F|393/393","|move|p1a: Ruffy|Will-O-Wisp|p2a: Slowbro","|-status|p2a: Slowbro|brn","|","|-heal|p1a: Ruffy|334/383|[from] item: Leftovers","|-damage|p2a: Slowbro|344/393 brn|[from] brn","|turn|6","|","|switch|p1a: Oven|Rotom-Heat, shiny|303/303","|-damage|p1a: Oven|228/303|[from] Stealth Rock","|move|p2a: Slowbro|Scald|p1a: Oven","|-supereffective|p1a: Oven","|-damage|p1a: Oven|60/303","|","|-heal|p1a: Oven|78/303|[from] item: Leftovers","|-damage|p2a: Slowbro|295/393 brn|[from] brn","|turn|7","|","|switch|p2a: Meloetta|Meloetta|387/403","|move|p1a: Oven|Pain Split|p2a: Meloetta","|-sethp|p2a: Meloetta|232/403|p1a: Oven|232/303|[from] move: Pain Split","|","|-heal|p1a: Oven|250/303|[from] item: Leftovers","|turn|8","|","|move|p1a: Oven|Thunder Wave|p2a: Meloetta","|-status|p2a: Meloetta|par","|move|p2a: Meloetta|Psyshock|p1a: Oven","|-damage|p1a: Oven|123/303","|","|-heal|p1a: Oven|141/303|[from] item: Leftovers","|turn|9","|","|move|p1a: Oven|Pain Split|p2a: Meloetta","|-sethp|p2a: Meloetta|186/403 par|p1a: Oven|186/303|[from] move: Pain Split","|move|p2a: Meloetta|Psyshock|p1a: Oven","|-damage|p1a: Oven|62/303","|","|-heal|p1a: Oven|80/303|[from] item: Leftovers","|turn|10","|","|move|p1a: Oven|Pain Split|p2a: Meloetta","|-sethp|p2a: Meloetta|133/403 par|p1a: Oven|133/303|[from] move: Pain Split","|cant|p2a: Meloetta|par","|","|-heal|p1a: Oven|151/303|[from] item: Leftovers","|turn|11","|","|move|p1a: Oven|Overheat|p2a: Meloetta|[miss]","|-miss|p1a: Oven|p2a: Meloetta","|move|p2a: Meloetta|Psyshock|p1a: Oven","|-damage|p1a: Oven|39/303","|","|-heal|p1a: Oven|57/303|[from] item: Leftovers","|turn|12","|","|move|p1a: Oven|Pain Split|p2a: Meloetta","|-sethp|p2a: Meloetta|95/403 par|p1a: Oven|95/303|[from] move: Pain Split","|cant|p2a: Meloetta|par","|","|-heal|p1a: Oven|113/303|[from] item: Leftovers","|turn|13","|","|move|p1a: Oven|Volt Switch|p2a: Meloetta","|-damage|p2a: Meloetta|52/403 par","|","|switch|p1a: Ruffy|Arcanine, F, shiny|334/383","|-damage|p1a: Ruffy|239/383|[from] Stealth Rock","|-ability|p1a: Ruffy|Intimidate","|-unboost|p2a: Meloetta|atk|1","|move|p2a: Meloetta|Psyshock|p1a: Ruffy","|-damage|p1a: Ruffy|121/383","|","|-heal|p1a: Ruffy|144/383|[from] item: Leftovers","|turn|14","|","|switch|p2a: Victini|Victini|341/341","|move|p1a: Ruffy|Extreme Speed|p2a: Victini","|-damage|p2a: Victini|272/341","|","|-heal|p1a: Ruffy|167/383|[from] item: Leftovers","|turn|15","|","|move|p2a: Victini|Bolt Strike|p1a: Ruffy","|-damage|p1a: Ruffy|41/383","|move|p1a: Ruffy|Morning Sun|p1a: Ruffy","|-heal|p1a: Ruffy|232/383","|","|-heal|p1a: Ruffy|255/383|[from] item: Leftovers","|turn|16","|","|switch|p2a: Jirachi|Jirachi|341/341","|move|p1a: Ruffy|Morning Sun|p1a: Ruffy","|-heal|p1a: Ruffy|383/383","|","|turn|17","|","|move|p2a: Jirachi|Healing Wish|p2a: Jirachi","|faint|p2a: Jirachi","|move|p1a: Ruffy|Flare Blitz|p2: Jirachi|[notarget]","|-notarget","|","|","|switch|p2a: Meloetta|Meloetta|52/403 par","|-heal|p2a: Meloetta|403/403|[from] move: Healing Wish","|turn|18","|","|switch|p2a: Slowbro|Slowbro, F|393/393 brn","|move|p1a: Ruffy|Flare Blitz|p2a: Slowbro","|-resisted|p2a: Slowbro","|-damage|p2a: Slowbro|342/393 brn","|-damage|p1a: Ruffy|320/383|[from] item: Rocky Helmet|[of] p2a: Slowbro","|-damage|p1a: Ruffy|303/383|[from] recoil|[of] p2a: Slowbro","|","|-heal|p1a: Ruffy|326/383|[from] item: Leftovers","|-damage|p2a: Slowbro|293/393 brn|[from] brn","|turn|19","|","|switch|p1a: Betsu|Charizard, F, shiny|297/297","|-damage|p1a: Betsu|149/297|[from] Stealth Rock","|move|p2a: Slowbro|Thunder Wave|p1a: Betsu","|-status|p1a: Betsu|par","|","|-damage|p2a: Slowbro|244/393 brn|[from] brn","|turn|20","|","|detailschange|p1a: Betsu|Charizard-Mega-Y, F, shiny","|-mega|p1a: Betsu|Charizard|Charizardite Y","|-weather|SunnyDay","|move|p2a: Slowbro|Scald|p1a: Betsu","|-supereffective|p1a: Betsu","|-damage|p1a: Betsu|59/297 par","|move|p1a: Betsu|Solar Beam|p2a: Slowbro|[still]","|-prepare|p1a: Betsu|Solar Beam|p2a: Slowbro","|-anim|p1a: Betsu|Solar Beam|p2a: Slowbro","|-supereffective|p2a: Slowbro","|-damage|p2a: Slowbro|0 fnt","|faint|p2a: Slowbro","|","|-weather|SunnyDay|[upkeep]","|","|switch|p2a: Gardevoir|Gardevoir, M, shiny|277/277","|-ability|p2a: Gardevoir|Drought|[from] ability: Trace|[of] p1a: Betsu","|turn|21","|","|detailschange|p2a: Gardevoir|Gardevoir-Mega, M, shiny","|-mega|p2a: Gardevoir|Gardevoir|Gardevoirite","|move|p2a: Gardevoir|Hyper Voice|p1a: Betsu","|-resisted|p1a: Betsu","|-damage|p1a: Betsu|0 fnt","|faint|p1a: Betsu","|","|-weather|SunnyDay|[upkeep]","|","|switch|p1a: Coolwalk|Heatran, F, shiny|323/323","|-damage|p1a: Coolwalk|283/323|[from] Stealth Rock","|-item|p1a: Coolwalk|Air Balloon","|turn|22","|","|move|p2a: Gardevoir|Focus Blast|p1a: Coolwalk","|-supereffective|p1a: Coolwalk","|-damage|p1a: Coolwalk|0 fnt","|-enditem|p1a: Coolwalk|Air Balloon","|faint|p1a: Coolwalk","|","|-weather|SunnyDay|[upkeep]","|","|switch|p1a: Oven|Rotom-Heat, shiny|113/303","|-damage|p1a: Oven|38/303|[from] Stealth Rock","|turn|23","|","|move|p2a: Gardevoir|Hyper Voice|p1a: Oven","|-resisted|p1a: Oven","|-damage|p1a: Oven|0 fnt","|faint|p1a: Oven","|","|-weather|SunnyDay|[upkeep]","|","|switch|p1a: Ruffy|Arcanine, F, shiny|326/383","|-damage|p1a: Ruffy|231/383|[from] Stealth Rock","|-ability|p1a: Ruffy|Intimidate","|-unboost|p2a: Gardevoir|atk|1","|turn|24","|","|move|p2a: Gardevoir|Hyper Voice|p1a: Ruffy","|-resisted|p1a: Ruffy","|-damage|p1a: Ruffy|85/383","|move|p1a: Ruffy|Morning Sun|p1a: Ruffy","|-heal|p1a: Ruffy|340/383","|","|-weather|none","|-heal|p1a: Ruffy|363/383|[from] item: Leftovers","|turn|25","|","|move|p1a: Ruffy|Extreme Speed|p2a: Gardevoir","|-damage|p2a: Gardevoir|176/277","|move|p2a: Gardevoir|Psyshock|p1a: Ruffy","|-damage|p1a: Ruffy|231/383","|","|-heal|p1a: Ruffy|254/383|[from] item: Leftovers","|turn|26","|","|move|p1a: Ruffy|Extreme Speed|p2a: Gardevoir","|-damage|p2a: Gardevoir|85/277","|move|p2a: Gardevoir|Hyper Voice|p1a: Ruffy","|-resisted|p1a: Ruffy","|-damage|p1a: Ruffy|113/383","|","|-heal|p1a: Ruffy|136/383|[from] item: Leftovers","|turn|27","|","|move|p2a: Gardevoir|Hyper Voice|p1a: Ruffy","|-resisted|p1a: Ruffy","|-damage|p1a: Ruffy|0 fnt","|faint|p1a: Ruffy","|","|","|switch|p1a: The Big V|Victini|341/341","|-damage|p1a: The Big V|256/341|[from] Stealth Rock","|turn|28","|","|move|p2a: Gardevoir|Hyper Voice|p1a: The Big V","|-resisted|p1a: The Big V","|-damage|p1a: The Big V|124/341","|move|p1a: The Big V|U-turn|p2a: Gardevoir","|-damage|p2a: Gardevoir|0 fnt","|faint|p2a: Gardevoir","|","|switch|p1a: Hephaestus|Infernape, F, shiny|293/293","|-damage|p1a: Hephaestus|257/293|[from] Stealth Rock","|","|","|switch|p2a: Victini|Victini|272/341","|turn|29","|","|move|p2a: Victini|Zen Headbutt|p1a: Hephaestus","|-crit|p1a: Hephaestus","|-supereffective|p1a: Hephaestus","|-damage|p1a: Hephaestus|0 fnt","|faint|p1a: Hephaestus","|","|","|switch|p1a: The Big V|Victini|124/341","|-damage|p1a: The Big V|39/341|[from] Stealth Rock","|turn|30","|","|move|p2a: Victini|Zen Headbutt|p1a: The Big V","|-resisted|p1a: The Big V","|-damage|p1a: The Big V|0 fnt","|faint|p1a: The Big V","|","|win|Doctor Mental1st"],"p1rating":{"entryid":"355685","serverid":"eos","formatid":"monotype","userid":"kenrukage","username":"KenruKage","w":"0","l":3,"t":"0","gxe":37.5,"r":"1412.1611301086","rd":"117.66939243125","sigma":"0","rptime":"1440752400","rpr":1398.6567484372,"rprd":114.00716187091,"rpsigma":"0","acre":1000,"lacre":1000,"oldacre":"1000"},"p2rating":{"entryid":"188280","serverid":"eos","formatid":"monotype","userid":"doctormental1st","username":"Doctor Mental1st","w":13,"l":"2","t":"0","gxe":72.1,"r":"1676.5076148856","rd":"80.672587684296","sigma":"0","rptime":"1440752400","rpr":1683.1136915029,"rprd":79.505662003145,"rpsigma":"0","acre":1259.888179413,"lacre":1259.888179413,"oldacre":"1250.3182473873"},"endType":"normal"}