{"seed":[14825,43911,32588,32671],"turns":34,"p1":"Alliance ♋ akaFila","p2":"Void SYB3R","p1team":[{"name":"Wormadam-Sandy","species":"Wormadam-Sandy","item":"leftovers","ability":"Overcoat","moves":["infestation","toxic","substitute","protect"],"nature":"Bold","evs":{"hp":248,"atk":0,"def":252,"spa":8,"spd":0,"spe":0},"shiny":true,"ivs":{"hp":31,"atk":31,"def":31,"spa":31,"spd":31,"spe":31}},{"name":"Gastrodon","species":"Gastrodon","item":"leftovers","ability":"Storm Drain","moves":["scald","counter","toxic","recover"],"nature":"Calm","evs":{"hp":252,"atk":0,"def":120,"spa":0,"spd":136,"spe":0},"gender":"M","ivs":{"hp":31,"atk":31,"def":31,"spa":31,"spd":31,"spe":31}},{"name":"Landorus-Therian","species":"Landorus-Therian","item":"choicescarf","ability":"Intimidate","moves":["earthquake","stoneedge","explosion","uturn"],"nature":"Jolly","evs":{"hp":0,"atk":252,"def":0,"spa":0,"spd":4,"spe":252},"ivs":{"hp":31,"atk":31,"def":31,"spa":31,"spd":31,"spe":31}},{"name":"Mr. Bucket~","species":"hippowdon","item":"leftovers","ability":"Sand Stream","moves":["stealthrock","earthquake","toxic","slackoff"],"nature":"Impish","evs":{"hp":252,"atk":4,"def":252,"spa":0,"spd":0,"spe":0},"gender":"M","ivs":{"hp":31,"atk":31,"def":31,"spa":31,"spd":31,"spe":31}},{"name":"Excadrill","species":"Excadrill","item":"choiceband","ability":"Sand Rush","moves":["earthquake","ironhead","rockslide","facade"],"nature":"Adamant","evs":{"hp":0,"atk":252,"def":0,"spa":0,"spd":4,"spe":252},"ivs":{"hp":31,"atk":31,"def":31,"spa":31,"spd":31,"spe":31}},{"name":"Garchomp","species":"Garchomp","item":"garchompite","ability":"Sand Veil","moves":["dracometeor","earthquake","fireblast","stoneedge"],"nature":"Naive","evs":{"hp":0,"atk":4,"def":0,"spa":252,"spd":0,"spe":252},"ivs":{"hp":31,"atk":31,"def":31,"spa":31,"spd":31,"spe":31}}],"p2team":[{"name":"R.I.P. Genesect 1","species":"volcarona","item":"lumberry","ability":"Flame Body","moves":["quiverdance","fierydance","gigadrain","hiddenpowerground"],"nature":"Timid","evs":{"hp":72,"atk":0,"def":0,"spa":252,"spd":0,"spe":184},"ivs":{"hp":31,"atk":0,"def":31,"spa":30,"spd":30,"spe":31}},{"name":"R.I.P. Genesect 2","species":"scizor","item":"choiceband","ability":"Technician","moves":["bulletpunch","knockoff","superpower","uturn"],"nature":"Impish","evs":{"hp":40,"atk":252,"def":0,"spa":0,"spd":0,"spe":216},"ivs":{"hp":31,"atk":31,"def":31,"spa":31,"spd":31,"spe":31}},{"name":"R.I.P. Genesect 3","species":"galvantula","item":"focussash","ability":"Compound Eyes","moves":["thunder","stickyweb","hiddenpowerice","thunderwave"],"nature":"Timid","evs":{"hp":0,"atk":0,"def":0,"spa":252,"spd":4,"spe":252},"ivs":{"hp":31,"atk":0,"def":30,"spa":31,"spd":31,"spe":31}},{"name":"R.I.P. Genesect 4","species":"forretress","item":"redcard","ability":"Sturdy","moves":["stealthrock","voltswitch","painsplit","rapidspin"],"nature":"Bold","evs":{"hp":248,"atk":0,"def":252,"spa":0,"spd":8,"spe":0},"ivs":{"hp":31,"atk":0,"def":31,"spa":31,"spd":31,"spe":31}},{"name":"R.I.P. Genesect 5","species":"armaldo","item":"assaultvest","ability":"Battle Armor","moves":["rocktomb","earthquake","aquajet","rapidspin"],"nature":"Careful","evs":{"hp":248,"atk":252,"def":0,"spa":0,"spd":8,"spe":0},"ivs":{"hp":31,"atk":31,"def":31,"spa":31,"spd":31,"spe":31}},{"name":"R.I.P. Genesect 6","species":"heracross","item":"heracronite","ability":"Moxie","moves":["closecombat","pinmissile","rockblast","substitute"],"nature":"Adamant","evs":{"hp":40,"atk":252,"def":0,"spa":0,"spd":0,"spe":216},"ivs":{"hp":31,"atk":31,"def":31,"spa":31,"spd":31,"spe":31}}],"log":["|player|p1|Alliance ♋ akaFila|allianceakafila.gif","|player|p2|Void SYB3R|7","|gametype|singles","|gen|6","|tier|Monotype","|rated","|rule|Baton Pass Clause: Limit one Baton Passer, can't pass Spe and other stats simultaneously","|rule|Swagger Clause: Swagger is banned","|rule|Same Type Clause: Pokémon in a team must share a type","|clearpoke","|poke|p1|Wormadam-Sandy, F, shiny","|poke|p1|Gastrodon, M","|poke|p1|Landorus-Therian, M","|poke|p1|Hippowdon, M","|poke|p1|Excadrill, F","|poke|p1|Garchomp, M","|poke|p2|Volcarona, M","|poke|p2|Scizor, M","|poke|p2|Galvantula, M","|poke|p2|Forretress, F","|poke|p2|Armaldo, M","|poke|p2|Heracross, F","|rule|Sleep Clause Mod: Limit one foe put to sleep","|rule|Species Clause: Limit one of each Pokémon","|rule|OHKO Clause: OHKO moves are banned","|rule|Moody Clause: Moody is banned","|rule|Evasion Moves Clause: Evasion moves are banned","|rule|Endless Battle Clause: Forcing endless battles is banned","|rule|HP Percentage Mod: HP is shown in percentages","|teampreview","|","|start","|switch|p1a: Landorus-Therian|Landorus-Therian, M|319/319","|switch|p2a: R.I.P. Genesect 2|Scizor, M|291/291","|-ability|p1a: Landorus-Therian|Intimidate","|-unboost|p2a: R.I.P. Genesect 2|atk|1","|turn|1","|","|move|p1a: Landorus-Therian|U-turn|p2a: R.I.P. Genesect 2","|-resisted|p2a: R.I.P. Genesect 2","|-damage|p2a: R.I.P. Genesect 2|249/291","|","|switch|p1a: Gastrodon|Gastrodon, M|426/426","|move|p2a: R.I.P. Genesect 2|U-turn|p1a: Gastrodon","|-damage|p1a: Gastrodon|281/426","|","|switch|p2a: R.I.P. Genesect 1|Volcarona, M|329/329","|","|-heal|p1a: Gastrodon|307/426|[from] item: Leftovers","|turn|2","|","|switch|p1a: Landorus-Therian|Landorus-Therian, M|319/319","|-ability|p1a: Landorus-Therian|Intimidate","|-unboost|p2a: R.I.P. Genesect 1|atk|1","|move|p2a: R.I.P. Genesect 1|Quiver Dance|p2a: R.I.P. Genesect 1","|-boost|p2a: R.I.P. Genesect 1|spa|1","|-boost|p2a: R.I.P. Genesect 1|spd|1","|-boost|p2a: R.I.P. Genesect 1|spe|1","|","|turn|3","|","|switch|p2a: R.I.P. Genesect 4|Forretress, F|353/353","|move|p1a: Landorus-Therian|Stone Edge|p2a: R.I.P. Genesect 4","|-damage|p2a: R.I.P. Genesect 4|281/353","|-enditem|p2a: R.I.P. Genesect 4|Red Card|[of] p1a: Landorus-Therian","|drag|p1a: Wormadam-Sandy|Wormadam-Sandy, F, shiny|323/323","|","|turn|4","|","|switch|p1a: Garchomp|Garchomp, M|357/357","|move|p2a: R.I.P. Genesect 4|Stealth Rock|p1a: Garchomp","|-sidestart|p1: Alliance ♋ akaFila|move: Stealth Rock","|","|turn|5","|","|switch|p2a: R.I.P. Genesect 5|Armaldo, M|353/353","|detailschange|p1a: Garchomp|Garchomp-Mega, M","|-mega|p1a: Garchomp|Garchomp|Garchompite","|move|p1a: Garchomp|Fire Blast|p2a: R.I.P. Genesect 5","|-damage|p2a: R.I.P. Genesect 5|255/353","|","|turn|6","|","|switch|p1a: Gastrodon|Gastrodon, M|307/426","|-damage|p1a: Gastrodon|281/426|[from] Stealth Rock","|move|p2a: R.I.P. Genesect 5|Earthquake|p1a: Gastrodon","|-damage|p1a: Gastrodon|134/426","|","|-heal|p1a: Gastrodon|160/426|[from] item: Leftovers","|turn|7","|","|switch|p2a: R.I.P. Genesect 1|Volcarona, M|329/329","|move|p1a: Gastrodon|Recover|p1a: Gastrodon","|-heal|p1a: Gastrodon|373/426","|","|-heal|p1a: Gastrodon|399/426|[from] item: Leftovers","|turn|8","|","|move|p2a: R.I.P. Genesect 1|Giga Drain|p1a: Gastrodon","|-supereffective|p1a: Gastrodon","|-damage|p1a: Gastrodon|87/426","|move|p1a: Gastrodon|Toxic|p2a: R.I.P. Genesect 1","|-status|p2a: R.I.P. Genesect 1|tox","|-enditem|p2a: R.I.P. Genesect 1|Lum Berry|[eat]","|-curestatus|p2a: R.I.P. Genesect 1|tox","|","|-heal|p1a: Gastrodon|113/426|[from] item: Leftovers","|turn|9","|","|move|p2a: R.I.P. Genesect 1|Giga Drain|p1a: Gastrodon","|-supereffective|p1a: Gastrodon","|-damage|p1a: Gastrodon|0 fnt","|faint|p1a: Gastrodon","|","|","|switch|p1a: Landorus-Therian|Landorus-Therian, M|319/319","|-damage|p1a: Landorus-Therian|280/319|[from] Stealth Rock","|-ability|p1a: Landorus-Therian|Intimidate","|-unboost|p2a: R.I.P. Genesect 1|atk|1","|turn|10","|","|switch|p2a: R.I.P. Genesect 4|Forretress, F|281/353","|move|p1a: Landorus-Therian|Earthquake|p2a: R.I.P. Genesect 4","|-damage|p2a: R.I.P. Genesect 4|172/353","|","|turn|11","|","|switch|p1a: Mr. Bucket~|Hippowdon, M|420/420","|-damage|p1a: Mr. Bucket~|394/420|[from] Stealth Rock","|-weather|Sandstorm","|move|p2a: R.I.P. Genesect 4|Pain Split|p1a: Mr. Bucket~","|-sethp|p1a: Mr. Bucket~|283/420|p2a: R.I.P. Genesect 4|283/353|[from] move: Pain Split","|","|-weather|Sandstorm|[upkeep]","|-heal|p1a: Mr. Bucket~|309/420|[from] item: Leftovers","|turn|12","|","|move|p1a: Mr. Bucket~|Earthquake|p2a: R.I.P. Genesect 4","|-damage|p2a: R.I.P. Genesect 4|210/353","|move|p2a: R.I.P. Genesect 4|Rapid Spin|p1a: Mr. Bucket~","|-damage|p1a: Mr. Bucket~|301/420","|","|-weather|Sandstorm|[upkeep]","|-heal|p1a: Mr. Bucket~|327/420|[from] item: Leftovers","|turn|13","|","|switch|p1a: Excadrill|Excadrill, F|361/361","|-damage|p1a: Excadrill|350/361|[from] Stealth Rock","|move|p2a: R.I.P. Genesect 4|Pain Split|p1a: Excadrill","|-sethp|p1a: Excadrill|280/361|p2a: R.I.P. Genesect 4|280/353|[from] move: Pain Split","|","|-weather|Sandstorm|[upkeep]","|turn|14","|","|move|p1a: Excadrill|Earthquake|p2a: R.I.P. Genesect 4","|-damage|p2a: R.I.P. Genesect 4|97/353","|move|p2a: R.I.P. Genesect 4|Stealth Rock|p1a: Excadrill","|-fail|p1a: Excadrill","|","|-weather|Sandstorm|[upkeep]","|turn|15","|","|move|p1a: Excadrill|Earthquake|p2a: R.I.P. Genesect 4","|-damage|p2a: R.I.P. Genesect 4|0 fnt","|faint|p2a: R.I.P. Genesect 4","|","|-weather|none","|","|switch|p2a: R.I.P. Genesect 6|Heracross, F|311/311","|turn|16","|","|switch|p1a: Landorus-Therian|Landorus-Therian, M|280/319","|-damage|p1a: Landorus-Therian|241/319|[from] Stealth Rock","|-ability|p1a: Landorus-Therian|Intimidate","|-unboost|p2a: R.I.P. Genesect 6|atk|1","|move|p2a: R.I.P. Genesect 6|Substitute|p2a: R.I.P. Genesect 6","|-start|p2a: R.I.P. Genesect 6|Substitute","|-damage|p2a: R.I.P. Genesect 6|234/311","|","|turn|17","|","|detailschange|p2a: R.I.P. Genesect 6|Heracross-Mega, F","|-mega|p2a: R.I.P. Genesect 6|Heracross|Heracronite","|move|p1a: Landorus-Therian|Earthquake|p2a: R.I.P. Genesect 6","|-crit|p2a: R.I.P. Genesect 6","|-resisted|p2a: R.I.P. Genesect 6","|-end|p2a: R.I.P. Genesect 6|Substitute","|move|p2a: R.I.P. Genesect 6|Rock Blast|p1a: Landorus-Therian","|-damage|p1a: Landorus-Therian|207/319","|-damage|p1a: Landorus-Therian|177/319","|-damage|p1a: Landorus-Therian|144/319","|-damage|p1a: Landorus-Therian|114/319","|-damage|p1a: Landorus-Therian|81/319","|-hitcount|p1a: Landorus-Therian|5","|","|turn|18","|","|switch|p1a: Garchomp|Garchomp-Mega, M|357/357","|-damage|p1a: Garchomp|335/357|[from] Stealth Rock","|move|p2a: R.I.P. Genesect 6|Rock Blast|p1a: Garchomp","|-resisted|p1a: Garchomp","|-damage|p1a: Garchomp|322/357","|-resisted|p1a: Garchomp","|-damage|p1a: Garchomp|309/357","|-resisted|p1a: Garchomp","|-damage|p1a: Garchomp|297/357","|-resisted|p1a: Garchomp","|-damage|p1a: Garchomp|283/357","|-resisted|p1a: Garchomp","|-damage|p1a: Garchomp|270/357","|-hitcount|p1a: Garchomp|5","|","|turn|19","|","|move|p1a: Garchomp|Stone Edge|p2a: R.I.P. Genesect 6","|-damage|p2a: R.I.P. Genesect 6|116/311","|move|p2a: R.I.P. Genesect 6|Close Combat|p1a: Garchomp","|-damage|p1a: Garchomp|77/357","|-unboost|p2a: R.I.P. Genesect 6|def|1","|-unboost|p2a: R.I.P. Genesect 6|spd|1","|","|turn|20","|","|switch|p2a: R.I.P. Genesect 2|Scizor, M|249/291","|move|p1a: Garchomp|Earthquake|p2a: R.I.P. Genesect 2","|-damage|p2a: R.I.P. Genesect 2|78/291","|","|turn|21","|","|move|p1a: Garchomp|Earthquake|p2a: R.I.P. Genesect 2","|-crit|p2a: R.I.P. Genesect 2","|-damage|p2a: R.I.P. Genesect 2|0 fnt","|faint|p2a: R.I.P. Genesect 2","|","|","|switch|p2a: R.I.P. Genesect 3|Galvantula, M|281/281","|turn|22","|","|move|p2a: R.I.P. Genesect 3|Hidden Power|p1a: Garchomp","|-supereffective|p1a: Garchomp","|-damage|p1a: Garchomp|0 fnt","|faint|p1a: Garchomp","|","|","|switch|p1a: Landorus-Therian|Landorus-Therian, M|81/319","|-damage|p1a: Landorus-Therian|42/319|[from] Stealth Rock","|-ability|p1a: Landorus-Therian|Intimidate","|-unboost|p2a: R.I.P. Genesect 3|atk|1","|turn|23","|","|move|p1a: Landorus-Therian|U-turn|p2a: R.I.P. Genesect 3","|-damage|p2a: R.I.P. Genesect 3|138/281","|","|switch|p1a: Wormadam-Sandy|Wormadam-Sandy, F, shiny|323/323","|-damage|p1a: Wormadam-Sandy|283/323|[from] Stealth Rock","|move|p2a: R.I.P. Genesect 3|Sticky Web|p1a: Wormadam-Sandy","|-sidestart|p1: Alliance ♋ akaFila|move: Sticky Web","|","|-heal|p1a: Wormadam-Sandy|303/323|[from] item: Leftovers","|turn|24","|","|move|p2a: R.I.P. Genesect 3|Hidden Power|p1a: Wormadam-Sandy","|-supereffective|p1a: Wormadam-Sandy","|-damage|p1a: Wormadam-Sandy|175/323","|move|p1a: Wormadam-Sandy|Infestation|p2a: R.I.P. Genesect 3","|-damage|p2a: R.I.P. Genesect 3|113/281","|-activate|p2a: R.I.P. Genesect 3|move: Infestation|[of] p1a: Wormadam-Sandy","|","|-heal|p1a: Wormadam-Sandy|195/323|[from] item: Leftovers","|-damage|p2a: R.I.P. Genesect 3|78/281|[from] move: Infestation|[partiallytrapped]","|turn|25","|","|move|p1a: Wormadam-Sandy|Protect|p1a: Wormadam-Sandy","|-singleturn|p1a: Wormadam-Sandy|Protect","|move|p2a: R.I.P. Genesect 3|Hidden Power|p1a: Wormadam-Sandy","|-activate|p1a: Wormadam-Sandy|Protect","|","|-heal|p1a: Wormadam-Sandy|215/323|[from] item: Leftovers","|-damage|p2a: R.I.P. Genesect 3|43/281|[from] move: Infestation|[partiallytrapped]","|turn|26","|","|move|p2a: R.I.P. Genesect 3|Hidden Power|p1a: Wormadam-Sandy","|-supereffective|p1a: Wormadam-Sandy","|-damage|p1a: Wormadam-Sandy|75/323","|move|p1a: Wormadam-Sandy|Substitute|p1a: Wormadam-Sandy","|-fail|p1a: Wormadam-Sandy|move: Substitute|[weak]","|","|-heal|p1a: Wormadam-Sandy|95/323|[from] item: Leftovers","|-damage|p2a: R.I.P. Genesect 3|8/281|[from] move: Infestation|[partiallytrapped]","|turn|27","|","|move|p1a: Wormadam-Sandy|Protect|p1a: Wormadam-Sandy","|-singleturn|p1a: Wormadam-Sandy|Protect","|move|p2a: R.I.P. Genesect 3|Hidden Power|p1a: Wormadam-Sandy","|-activate|p1a: Wormadam-Sandy|Protect","|","|-heal|p1a: Wormadam-Sandy|115/323|[from] item: Leftovers","|-damage|p2a: R.I.P. Genesect 3|0 fnt|[from] move: Infestation|[partiallytrapped]","|faint|p2a: R.I.P. Genesect 3","|","|switch|p2a: R.I.P. Genesect 1|Volcarona, M|329/329","|turn|28","|","|move|p2a: R.I.P. Genesect 1|Quiver Dance|p2a: R.I.P. Genesect 1","|-boost|p2a: R.I.P. Genesect 1|spa|1","|-boost|p2a: R.I.P. Genesect 1|spd|1","|-boost|p2a: R.I.P. Genesect 1|spe|1","|move|p1a: Wormadam-Sandy|Infestation|p2a: R.I.P. Genesect 1","|-resisted|p2a: R.I.P. Genesect 1","|-damage|p2a: R.I.P. Genesect 1|324/329","|-activate|p2a: R.I.P. Genesect 1|move: Infestation|[of] p1a: Wormadam-Sandy","|","|-heal|p1a: Wormadam-Sandy|135/323|[from] item: Leftovers","|-damage|p2a: R.I.P. Genesect 1|283/329|[from] move: Infestation|[partiallytrapped]","|turn|29","|","|move|p1a: Wormadam-Sandy|Protect|p1a: Wormadam-Sandy","|-singleturn|p1a: Wormadam-Sandy|Protect","|move|p2a: R.I.P. Genesect 1|Fiery Dance|p1a: Wormadam-Sandy","|-activate|p1a: Wormadam-Sandy|Protect","|","|-heal|p1a: Wormadam-Sandy|155/323|[from] item: Leftovers","|-damage|p2a: R.I.P. Genesect 1|242/329|[from] move: Infestation|[partiallytrapped]","|turn|30","|","|move|p1a: Wormadam-Sandy|Protect|p1a: Wormadam-Sandy","|-fail|p1a: Wormadam-Sandy","|move|p2a: R.I.P. Genesect 1|Fiery Dance|p1a: Wormadam-Sandy","|-supereffective|p1a: Wormadam-Sandy","|-damage|p1a: Wormadam-Sandy|0 fnt","|faint|p1a: Wormadam-Sandy","|","|","|switch|p1a: Landorus-Therian|Landorus-Therian, M|42/319","|-damage|p1a: Landorus-Therian|3/319|[from] Stealth Rock","|-ability|p1a: Landorus-Therian|Intimidate","|-unboost|p2a: R.I.P. Genesect 1|atk|1","|turn|31","|","|move|p2a: R.I.P. Genesect 1|Fiery Dance|p1a: Landorus-Therian","|-damage|p1a: Landorus-Therian|0 fnt","|faint|p1a: Landorus-Therian","|","|","|switch|p1a: Mr. Bucket~|Hippowdon, M|327/420","|-damage|p1a: Mr. Bucket~|301/420|[from] Stealth Rock","|-activate|p1a: Mr. Bucket~|move: Sticky Web","|-unboost|p1a: Mr. Bucket~|spe|1","|-weather|Sandstorm","|turn|32","|","|switch|p1a: Excadrill|Excadrill, F|280/361","|-damage|p1a: Excadrill|269/361|[from] Stealth Rock","|-activate|p1a: Excadrill|move: Sticky Web","|-unboost|p1a: Excadrill|spe|1","|move|p2a: R.I.P. Genesect 1|Giga Drain|p1a: Excadrill","|-damage|p1a: Excadrill|87/361","|-heal|p2a: R.I.P. Genesect 1|329/329|[from] drain|[of] p1a: Excadrill","|","|-weather|Sandstorm|[upkeep]","|-damage|p2a: R.I.P. Genesect 1|309/329|[from] sandstorm","|turn|33","|","|move|p2a: R.I.P. Genesect 1|Fiery Dance|p1a: Excadrill","|-supereffective|p1a: Excadrill","|-damage|p1a: Excadrill|0 fnt","|faint|p1a: Excadrill","|","|-weather|Sandstorm|[upkeep]","|-damage|p2a: R.I.P. Genesect 1|289/329|[from] sandstorm","|","|switch|p1a: Mr. Bucket~|Hippowdon, M|301/420","|-damage|p1a: Mr. Bucket~|275/420|[from] Stealth Rock","|-activate|p1a: Mr. Bucket~|move: Sticky Web","|-unboost|p1a: Mr. Bucket~|spe|1","|turn|34","|","|move|p2a: R.I.P. Genesect 1|Giga Drain|p1a: Mr. Bucket~","|-supereffective|p1a: Mr. Bucket~","|-damage|p1a: Mr. Bucket~|0 fnt","|-heal|p2a: R.I.P. Genesect 1|329/329|[from] drain|[of] p1a: Mr. Bucket~","|faint|p1a: Mr. Bucket~","|","|win|Void SYB3R"],"p1rating":{"entryid":"126995","serverid":"eos","formatid":"monotype","userid":"allianceakafila","username":"Alliance ♋ akaFila","w":"21","l":18,"t":"0","gxe":52.6,"r":"1556.1707556585","rd":"56.857388954794","sigma":"0","rptime":"1440752400","rpr":1519.970782372,"rprd":54.292804456956,"rpsigma":"0","acre":1089.5116399594,"lacre":1089.5116399594,"oldacre":"1112.2646279576"},"p2rating":{"entryid":"244800","serverid":"eos","formatid":"monotype","userid":"voidsyb3r","username":"Void SYB3R","w":6,"l":"1","t":"0","gxe":65.2,"r":"1547.4731559933","rd":"107.02295682047","sigma":"0","rptime":"1440752400","rpr":1622.400309085,"rprd":95.398950870265,"rpsigma":"0","acre":1166.3297940778,"lacre":1166.3297940778,"oldacre":"1143.5768060796"},"endType":"normal"}