{"seed":[31488,43383,22882,15202],"turns":23,"p1":"DJ Mexican","p2":"DJ Gible","p1team":[{"name":"Girl's Best Friend","species":"diancie","item":"diancite","ability":"Clear Body","moves":["rockpolish","moonblast","diamondstorm","earthpower"],"nature":"Mild","evs":{"hp":0,"atk":4,"def":0,"spa":252,"spd":0,"spe":252},"ivs":{"hp":31,"atk":31,"def":31,"spa":31,"spd":31,"spe":31}},{"name":"Creamed","species":"slurpuff","item":"sitrusberry","ability":"Unburden","moves":["bellydrum","playrough","drainpunch","return"],"nature":"Adamant","evs":{"hp":4,"atk":252,"def":0,"spa":0,"spd":0,"spe":252},"ivs":{"hp":31,"atk":31,"def":31,"spa":31,"spd":31,"spe":31}},{"name":"Hax Master","species":"togekiss","item":"leftovers","ability":"Serene Grace","moves":["airslash","thunderwave","nastyplot","flamethrower"],"nature":"Modest","evs":{"hp":252,"atk":0,"def":0,"spa":252,"spd":4,"spe":0},"gender":"M","ivs":{"hp":31,"atk":31,"def":31,"spa":31,"spd":31,"spe":31}},{"name":"Bow-tiful","species":"sylveon","item":"leftovers","ability":"Pixilate","moves":["hypervoice","psyshock","calmmind","wish"],"nature":"Bold","evs":{"hp":252,"atk":0,"def":252,"spa":4,"spd":0,"spe":0},"gender":"F","shiny":true,"ivs":{"hp":31,"atk":31,"def":31,"spa":31,"spd":31,"spe":31}},{"name":"SwagBan :(","species":"klefki","item":"lightclay","ability":"Prankster","moves":["reflect","lightscreen","thunderwave","drainingkiss"],"nature":"Bold","evs":{"hp":248,"atk":0,"def":252,"spa":8,"spd":0,"spe":0},"ivs":{"hp":31,"atk":31,"def":31,"spa":31,"spd":31,"spe":31}},{"name":"Mr. Worldwide","species":"granbull","item":"lifeorb","ability":"Intimidate","moves":["bulkup","crunch","earthquake","icepunch"],"nature":"Adamant","evs":{"hp":248,"atk":252,"def":0,"spa":0,"spd":8,"spe":0},"gender":"M","ivs":{"hp":31,"atk":31,"def":31,"spa":31,"spd":31,"spe":31}}],"p2team":[{"name":"Conkeldurr","species":"Conkeldurr","item":"assaultvest","ability":"Iron Fist","moves":["icepunch","drainpunch","earthquake","machpunch"],"nature":"Adamant","evs":{"hp":248,"atk":252,"def":0,"spa":0,"spd":8,"spe":0},"ivs":{"hp":31,"atk":31,"def":31,"spa":31,"spd":31,"spe":31}},{"name":"Hawlucha","species":"Hawlucha","item":"powerherb","ability":"Unburden","moves":["acrobatics","roost","poisonjab","skyattack"],"nature":"Adamant","evs":{"hp":0,"atk":252,"def":0,"spa":0,"spd":4,"spe":252},"ivs":{"hp":31,"atk":31,"def":31,"spa":31,"spd":31,"spe":31}},{"name":"Keldeo","species":"Keldeo","item":"choicescarf","ability":"Justified","moves":["icywind","hydropump","secretsword","scald"],"nature":"Timid","evs":{"hp":0,"atk":0,"def":0,"spa":252,"spd":4,"spe":252},"ivs":{"hp":31,"atk":31,"def":31,"spa":31,"spd":31,"spe":31}},{"name":"Terrakion","species":"Terrakion","item":"choicescarf","ability":"Justified","moves":["closecombat","earthquake","rockslide","xscissor"],"nature":"Jolly","evs":{"hp":0,"atk":252,"def":0,"spa":0,"spd":4,"spe":252},"ivs":{"hp":31,"atk":31,"def":31,"spa":31,"spd":31,"spe":31}},{"name":"Lucario","species":"Lucario","item":"lifeorb","ability":"Justified","moves":["nastyplot","extremespeed","aurasphere","flashcannon"],"nature":"Hasty","evs":{"hp":0,"atk":4,"def":0,"spa":252,"spd":0,"spe":252},"ivs":{"hp":31,"atk":31,"def":31,"spa":31,"spd":31,"spe":31}},{"name":"Heracross","species":"Heracross","item":"heracronite","ability":"Moxie","moves":["megahorn","rockblast","closecombat","swordsdance"],"nature":"Adamant","evs":{"hp":248,"atk":252,"def":0,"spa":0,"spd":8,"spe":0},"ivs":{"hp":31,"atk":31,"def":31,"spa":31,"spd":31,"spe":31}}],"log":["|player|p1|DJ Mexican|99","|player|p2|DJ Gible|198","|gametype|singles","|gen|6","|tier|Monotype","|rated","|rule|Baton Pass Clause: Limit one Baton Passer, can't pass Spe and other stats simultaneously","|rule|Swagger Clause: Swagger is banned","|rule|Same Type Clause: Pokémon in a team must share a type","|clearpoke","|poke|p1|Diancie","|poke|p1|Slurpuff, F","|poke|p1|Togekiss, M","|poke|p1|Sylveon, F, shiny","|poke|p1|Klefki, M","|poke|p1|Granbull, M","|poke|p2|Conkeldurr, M","|poke|p2|Hawlucha, M","|poke|p2|Keldeo","|poke|p2|Terrakion","|poke|p2|Lucario, F","|poke|p2|Heracross, F","|rule|Sleep Clause Mod: Limit one foe put to sleep","|rule|Species Clause: Limit one of each Pokémon","|rule|OHKO Clause: OHKO moves are banned","|rule|Moody Clause: Moody is banned","|rule|Evasion Moves Clause: Evasion moves are banned","|rule|Endless Battle Clause: Forcing endless battles is banned","|rule|HP Percentage Mod: HP is shown in percentages","|teampreview","|","|start","|switch|p1a: SwagBan :(|Klefki, M|317/317","|switch|p2a: Lucario|Lucario, F|281/281","|turn|1","|","|move|p1a: SwagBan :(|Thunder Wave|p2a: Lucario","|-status|p2a: Lucario|par","|move|p2a: Lucario|Nasty Plot|p2a: Lucario","|-boost|p2a: Lucario|spa|2","|","|turn|2","|","|move|p1a: SwagBan :(|Light Screen|p1a: SwagBan :(","|-sidestart|p1: DJ Mexican|move: Light Screen","|cant|p2a: Lucario|par","|","|turn|3","|","|switch|p1a: Hax Master|Togekiss, M|374/374","|cant|p2a: Lucario|par","|","|turn|4","|","|move|p1a: Hax Master|Nasty Plot|p1a: Hax Master","|-boost|p1a: Hax Master|spa|2","|move|p2a: Lucario|Flash Cannon|p1a: Hax Master","|-supereffective|p1a: Hax Master","|-damage|p1a: Hax Master|89/374","|-damage|p2a: Lucario|253/281 par|[from] item: Life Orb","|","|-heal|p1a: Hax Master|112/374|[from] item: Leftovers","|turn|5","|","|move|p2a: Lucario|Extreme Speed|p1a: Hax Master","|-damage|p1a: Hax Master|15/374","|-damage|p2a: Lucario|225/281 par|[from] item: Life Orb","|move|p1a: Hax Master|Flamethrower|p2a: Lucario","|-supereffective|p2a: Lucario","|-damage|p2a: Lucario|0 fnt","|faint|p2a: Lucario","|","|-heal|p1a: Hax Master|38/374|[from] item: Leftovers","|","|switch|p2a: Terrakion|Terrakion|323/323","|turn|6","|","|move|p2a: Terrakion|Rock Slide|p1a: Hax Master","|-supereffective|p1a: Hax Master","|-damage|p1a: Hax Master|0 fnt","|faint|p1a: Hax Master","|","|","|switch|p1a: SwagBan :(|Klefki, M|317/317","|turn|7","|","|switch|p2a: Heracross|Heracross, F|363/363","|move|p1a: SwagBan :(|Reflect|p1a: SwagBan :(","|-sidestart|p1: DJ Mexican|Reflect","|","|turn|8","|","|detailschange|p2a: Heracross|Heracross-Mega, F","|-mega|p2a: Heracross|Heracross|Heracronite","|move|p1a: SwagBan :(|Thunder Wave|p2a: Heracross","|-status|p2a: Heracross|par","|move|p2a: Heracross|Swords Dance|p2a: Heracross","|-boost|p2a: Heracross|atk|2","|","|turn|9","|","|move|p1a: SwagBan :(|Draining Kiss|p2a: Heracross","|-supereffective|p2a: Heracross","|-damage|p2a: Heracross|265/363 par","|cant|p2a: Heracross|par","|","|-sideend|p1: DJ Mexican|move: Light Screen","|turn|10","|","|move|p1a: SwagBan :(|Draining Kiss|p2a: Heracross","|-supereffective|p2a: Heracross","|-damage|p2a: Heracross|175/363 par","|move|p2a: Heracross|Close Combat|p1a: SwagBan :(","|-damage|p1a: SwagBan :(|87/317","|-unboost|p2a: Heracross|def|1","|-unboost|p2a: Heracross|spd|1","|","|turn|11","|","|move|p1a: SwagBan :(|Draining Kiss|p2a: Heracross","|-supereffective|p2a: Heracross","|-damage|p2a: Heracross|35/363 par","|-heal|p1a: SwagBan :(|192/317|[from] drain|[of] p2a: Heracross","|move|p2a: Heracross|Close Combat|p1a: SwagBan :(","|-damage|p1a: SwagBan :(|0 fnt","|-unboost|p2a: Heracross|def|1","|-unboost|p2a: Heracross|spd|1","|faint|p1a: SwagBan :(","|","|","|switch|p1a: Girl's Best Friend|Diancie|241/241","|turn|12","|","|detailschange|p1a: Girl's Best Friend|Diancie-Mega","|-mega|p1a: Girl's Best Friend|Diancie|Diancite","|move|p1a: Girl's Best Friend|Moonblast|p2a: Heracross","|-supereffective|p2a: Heracross","|-damage|p2a: Heracross|0 fnt","|faint|p2a: Heracross","|","|","|switch|p2a: Keldeo|Keldeo|323/323","|turn|13","|","|move|p2a: Keldeo|Hydro Pump|p1a: Girl's Best Friend|[miss]","|-miss|p2a: Keldeo|p1a: Girl's Best Friend","|move|p1a: Girl's Best Friend|Moonblast|p2a: Keldeo","|-supereffective|p2a: Keldeo","|-damage|p2a: Keldeo|0 fnt","|faint|p2a: Keldeo","|","|","|switch|p2a: Conkeldurr|Conkeldurr, M|413/413","|turn|14","|","|move|p1a: Girl's Best Friend|Moonblast|p2a: Conkeldurr","|-supereffective|p2a: Conkeldurr","|-damage|p2a: Conkeldurr|27/413","|-unboost|p2a: Conkeldurr|spa|1","|move|p2a: Conkeldurr|Drain Punch|p1a: Girl's Best Friend","|-damage|p1a: Girl's Best Friend|143/241","|-heal|p2a: Conkeldurr|76/413|[from] drain|[of] p1a: Girl's Best Friend","|","|-sideend|p1: DJ Mexican|Reflect","|turn|15","|","|move|p2a: Conkeldurr|Mach Punch|p1a: Girl's Best Friend","|-damage|p1a: Girl's Best Friend|34/241","|move|p1a: Girl's Best Friend|Moonblast|p2a: Conkeldurr","|-supereffective|p2a: Conkeldurr","|-damage|p2a: Conkeldurr|0 fnt","|faint|p2a: Conkeldurr","|","|","|switch|p2a: Terrakion|Terrakion|323/323","|turn|16","|","|move|p2a: Terrakion|Earthquake|p1a: Girl's Best Friend","|-supereffective|p1a: Girl's Best Friend","|-damage|p1a: Girl's Best Friend|0 fnt","|faint|p1a: Girl's Best Friend","|","|","|switch|p1a: Mr. Worldwide|Granbull, M|383/383","|-ability|p1a: Mr. Worldwide|Intimidate","|-unboost|p2a: Terrakion|atk|1","|turn|17","|","|move|p2a: Terrakion|Earthquake|p1a: Mr. Worldwide","|-damage|p1a: Mr. Worldwide|281/383","|move|p1a: Mr. Worldwide|Bulk Up|p1a: Mr. Worldwide","|-boost|p1a: Mr. Worldwide|atk|1","|-boost|p1a: Mr. Worldwide|def|1","|","|turn|18","|","|move|p2a: Terrakion|Earthquake|p1a: Mr. Worldwide","|-damage|p1a: Mr. Worldwide|213/383","|move|p1a: Mr. Worldwide|Bulk Up|p1a: Mr. Worldwide","|-boost|p1a: Mr. Worldwide|atk|1","|-boost|p1a: Mr. Worldwide|def|1","|","|turn|19","|","|switch|p2a: Hawlucha|Hawlucha, M|297/297","|move|p1a: Mr. Worldwide|Earthquake|p2a: Hawlucha","|-immune|p2a: Hawlucha|[msg]","|","|turn|20","|","|move|p2a: Hawlucha|Sky Attack|p1a: Mr. Worldwide|[still]","|-prepare|p2a: Hawlucha|Sky Attack|p1a: Mr. Worldwide","|-enditem|p2a: Hawlucha|Power Herb","|-anim|p2a: Hawlucha|Sky Attack|p1a: Mr. Worldwide","|-damage|p1a: Mr. Worldwide|66/383","|move|p1a: Mr. Worldwide|Ice Punch|p2a: Hawlucha","|-supereffective|p2a: Hawlucha","|-damage|p2a: Hawlucha|0 fnt","|-damage|p1a: Mr. Worldwide|28/383|[from] item: Life Orb","|faint|p2a: Hawlucha","|","|","|switch|p2a: Terrakion|Terrakion|323/323","|turn|21","|","|move|p2a: Terrakion|Earthquake|p1a: Mr. Worldwide","|-damage|p1a: Mr. Worldwide|0 fnt","|faint|p1a: Mr. Worldwide","|","|","|switch|p1a: Bow-tiful|Sylveon, F, shiny|394/394","|turn|22","|","|move|p2a: Terrakion|Earthquake|p1a: Bow-tiful","|-damage|p1a: Bow-tiful|292/394","|move|p1a: Bow-tiful|Hyper Voice|p2a: Terrakion","|-supereffective|p2a: Terrakion","|-damage|p2a: Terrakion|9/323","|","|-heal|p1a: Bow-tiful|316/394|[from] item: Leftovers","|turn|23","|","|move|p2a: Terrakion|Earthquake|p1a: Bow-tiful","|-damage|p1a: Bow-tiful|212/394","|move|p1a: Bow-tiful|Psyshock|p2a: Terrakion","|-crit|p2a: Terrakion","|-supereffective|p2a: Terrakion","|-damage|p2a: Terrakion|0 fnt","|faint|p2a: Terrakion","|","|win|DJ Mexican"],"p1rating":{"entryid":"593684","serverid":"eos","formatid":"monotype","userid":"djmexican","username":"DJ Mexican","w":2,"l":"0","t":"0","gxe":58.4,"r":"1500","rd":"130","sigma":"0","rptime":"1440752400","rpr":1567.0857550466,"rprd":116.10700535498,"rpsigma":"0","acre":1080.9000342945,"lacre":1080.9000342945,"oldacre":"1040"},"p2rating":{"entryid":"166635","serverid":"eos","formatid":"monotype","userid":"djgible","username":"DJ Gible","w":"13","l":16,"t":"0","gxe":47.5,"r":"1476.9387290542","rd":"63.583583923878","sigma":"0","rptime":"1440752400","rpr":1481.0412433812,"rprd":61.854714232385,"rpsigma":"0","acre":1081.4284177235,"lacre":1081.4284177235,"oldacre":"1111.5019723518"},"endType":"normal"}