{"seed":[22677,8085,25384,45814],"turns":26,"p1":"hypershaymin","p2":"Crystl Sabo","p1team":[{"name":"Medicham","species":"Medicham","item":"medichamite","ability":"Pure Power","moves":["fakeout","drainpunch","zenheadbutt","icepunch"],"nature":"Adamant","evs":{"hp":248,"atk":252,"def":0,"spa":0,"spd":8,"spe":0},"ivs":{"hp":31,"atk":31,"def":31,"spa":31,"spd":31,"spe":31}},{"name":"Meloetta","species":"Meloetta","item":"leftovers","ability":"Serene Grace","moves":["substitute","calmmind","shadowball","hypervoice"],"nature":"Timid","evs":{"hp":0,"atk":0,"def":0,"spa":252,"spd":4,"spe":252},"ivs":{"hp":31,"atk":31,"def":31,"spa":31,"spd":31,"spe":31}},{"name":"Jirachi","species":"Jirachi","item":"leftovers","ability":"Serene Grace","moves":["bodyslam","ironhead","wish","protect"],"nature":"Careful","evs":{"hp":252,"atk":0,"def":0,"spa":0,"spd":224,"spe":32},"ivs":{"hp":31,"atk":31,"def":31,"spa":31,"spd":31,"spe":31}},{"name":"Victini","species":"Victini","item":"choicescarf","ability":"Victory Star","moves":["blueflare","uturn","boltstrike","psyshock"],"nature":"Hasty","evs":{"hp":0,"atk":4,"def":0,"spa":252,"spd":0,"spe":252},"ivs":{"hp":31,"atk":31,"def":31,"spa":31,"spd":31,"spe":31}},{"name":"Uxie","species":"Uxie","item":"leftovers","ability":"Levitate","moves":["thunderwave","healbell","stealthrock","knockoff"],"nature":"Careful","evs":{"hp":252,"atk":4,"def":0,"spa":0,"spd":252,"spe":0},"ivs":{"hp":31,"atk":31,"def":31,"spa":31,"spd":31,"spe":31}},{"name":"Slowbro","species":"Slowbro","item":"rockyhelmet","ability":"Regenerator","moves":["calmmind","slackoff","scald","flamethrower"],"nature":"Bold","evs":{"hp":248,"atk":0,"def":252,"spa":8,"spd":0,"spe":0},"ivs":{"hp":31,"atk":31,"def":31,"spa":31,"spd":31,"spe":31}}],"p2team":[{"name":"Poseidick","species":"heracross","item":"heracronite","ability":"Moxie","moves":["pinmissile","rockblast","substitute","focuspunch"],"nature":"Impish","evs":{"hp":236,"atk":0,"def":252,"spa":0,"spd":0,"spe":20},"shiny":true,"ivs":{"hp":31,"atk":31,"def":31,"spa":31,"spd":31,"spe":31}},{"name":"Mr.NiceFro","species":"keldeo","item":"choicescarf","ability":"Justified","moves":["hydropump","icywind","secretsword","hiddenpowergrass"],"nature":"Modest","evs":{"hp":0,"atk":0,"def":0,"spa":252,"spd":4,"spe":252},"ivs":{"hp":31,"atk":30,"def":31,"spa":30,"spd":31,"spe":31}},{"name":"Deus","species":"medicham","item":"choicescarf","ability":"Pure Power","moves":["highjumpkick","psychocut","poisonjab","icepunch"],"nature":"Adamant","evs":{"hp":0,"atk":252,"def":0,"spa":0,"spd":4,"spe":252},"shiny":true,"ivs":{"hp":31,"atk":31,"def":31,"spa":31,"spd":31,"spe":31}},{"name":"HotHead","species":"infernape","item":"choiceband","ability":"Blaze","moves":["flareblitz","closecombat","stoneedge","shadowclaw"],"nature":"Jolly","evs":{"hp":0,"atk":252,"def":0,"spa":0,"spd":4,"spe":252},"ivs":{"hp":31,"atk":31,"def":31,"spa":31,"spd":31,"spe":31}},{"name":"Deepthroat","species":"toxicroak","item":"lifeorb","ability":"Dry Skin","moves":["gunkshot","suckerpunch","drainpunch","swordsdance"],"nature":"Jolly","evs":{"hp":0,"atk":252,"def":0,"spa":0,"spd":0,"spe":252},"shiny":true,"ivs":{"hp":31,"atk":31,"def":31,"spa":31,"spd":31,"spe":31}},{"name":"Kobi","species":"cobalion","item":"leftovers","ability":"Justified","moves":["thunderwave","ironhead","stealthrock","voltswitch"],"nature":"Impish","evs":{"hp":252,"atk":0,"def":252,"spa":0,"spd":0,"spe":0},"ivs":{"hp":31,"atk":31,"def":31,"spa":31,"spd":31,"spe":31}}],"log":["|player|p1|hypershaymin|hypershaymin.gif","|player|p2|Crystl Sabo|crystlsabo.png","|gametype|singles","|gen|6","|tier|Monotype","|rated","|rule|Baton Pass Clause: Limit one Baton Passer, can't pass Spe and other stats simultaneously","|rule|Swagger Clause: Swagger is banned","|rule|Same Type Clause: Pokémon in a team must share a type","|clearpoke","|poke|p1|Medicham, M","|poke|p1|Meloetta","|poke|p1|Jirachi","|poke|p1|Victini","|poke|p1|Uxie","|poke|p1|Slowbro, F","|poke|p2|Heracross, F, shiny","|poke|p2|Keldeo","|poke|p2|Medicham, F, shiny","|poke|p2|Infernape, F","|poke|p2|Toxicroak, F, shiny","|poke|p2|Cobalion","|rule|Sleep Clause Mod: Limit one foe put to sleep","|rule|Species Clause: Limit one of each Pokémon","|rule|OHKO Clause: OHKO moves are banned","|rule|Moody Clause: Moody is banned","|rule|Evasion Moves Clause: Evasion moves are banned","|rule|Endless Battle Clause: Forcing endless battles is banned","|rule|HP Percentage Mod: HP is shown in percentages","|teampreview","|","|start","|switch|p1a: Uxie|Uxie|354/354","|switch|p2a: Mr.NiceFro|Keldeo|323/323","|turn|1","|","|move|p2a: Mr.NiceFro|Hydro Pump|p1a: Uxie","|-damage|p1a: Uxie|227/354","|move|p1a: Uxie|Stealth Rock|p2a: Mr.NiceFro","|-sidestart|p2: Crystl Sabo|move: Stealth Rock","|","|-heal|p1a: Uxie|249/354|[from] item: Leftovers","|turn|2","|","|switch|p2a: Kobi|Cobalion|386/386","|-damage|p2a: Kobi|374/386|[from] Stealth Rock","|move|p1a: Uxie|Thunder Wave|p2a: Kobi","|-status|p2a: Kobi|par","|","|-heal|p1a: Uxie|271/354|[from] item: Leftovers","|-heal|p2a: Kobi|386/386 par|[from] item: Leftovers","|turn|3","|","|switch|p1a: Victini|Victini|341/341","|move|p2a: Kobi|Stealth Rock|p1a: Victini","|-sidestart|p1: hypershaymin|move: Stealth Rock","|","|turn|4","|","|move|p1a: Victini|Psyshock|p2a: Kobi","|-crit|p2a: Kobi","|-damage|p2a: Kobi|284/386 par","|move|p2a: Kobi|Thunder Wave|p1a: Victini","|-status|p1a: Victini|par","|","|-heal|p2a: Kobi|308/386 par|[from] item: Leftovers","|turn|5","|","|switch|p1a: Uxie|Uxie|271/354","|-damage|p1a: Uxie|227/354|[from] Stealth Rock","|move|p2a: Kobi|Iron Head|p1a: Uxie","|-crit|p1a: Uxie","|-damage|p1a: Uxie|113/354","|","|-heal|p1a: Uxie|135/354|[from] item: Leftovers","|-heal|p2a: Kobi|332/386 par|[from] item: Leftovers","|turn|6","|","|move|p1a: Uxie|Heal Bell|p1a: Uxie","|-cureteam|p1a: Uxie|[from] move: HealBell","|cant|p2a: Kobi|par","|","|-heal|p1a: Uxie|157/354|[from] item: Leftovers","|-heal|p2a: Kobi|356/386 par|[from] item: Leftovers","|turn|7","|","|switch|p1a: Medicham|Medicham, M|323/323","|-damage|p1a: Medicham|303/323|[from] Stealth Rock","|move|p2a: Kobi|Volt Switch|p1a: Medicham","|-crit|p1a: Medicham","|-damage|p1a: Medicham|224/323","|","|switch|p2a: HotHead|Infernape, F|293/293","|-damage|p2a: HotHead|257/293|[from] Stealth Rock","|","|turn|8","|","|detailschange|p1a: Medicham|Medicham-Mega, M","|-mega|p1a: Medicham|Medicham|Medichamite","|move|p1a: Medicham|Fake Out|p2a: HotHead","|-damage|p2a: HotHead|149/293","|cant|p2a: HotHead|flinch","|","|turn|9","|","|move|p2a: HotHead|Flare Blitz|p1a: Medicham","|-damage|p1a: Medicham|0 fnt","|-damage|p2a: HotHead|75/293|[from] recoil|[of] p1a: Medicham","|faint|p1a: Medicham","|","|","|switch|p1a: Victini|Victini|341/341","|-damage|p1a: Victini|256/341|[from] Stealth Rock","|turn|10","|","|switch|p2a: Kobi|Cobalion|356/386 par","|-damage|p2a: Kobi|344/386 par|[from] Stealth Rock","|move|p1a: Victini|Blue Flare|p2a: Kobi","|-supereffective|p2a: Kobi","|-damage|p2a: Kobi|0 fnt","|faint|p2a: Kobi","|","|","|switch|p2a: Mr.NiceFro|Keldeo|323/323","|-damage|p2a: Mr.NiceFro|303/323|[from] Stealth Rock","|turn|11","|","|switch|p1a: Slowbro|Slowbro, F|393/393","|-damage|p1a: Slowbro|344/393|[from] Stealth Rock","|move|p2a: Mr.NiceFro|Hidden Power|p1a: Slowbro","|-supereffective|p1a: Slowbro","|-damage|p1a: Slowbro|158/393","|","|turn|12","|","|switch|p1a: Meloetta|Meloetta|341/341","|-damage|p1a: Meloetta|299/341|[from] Stealth Rock","|move|p2a: Mr.NiceFro|Hidden Power|p1a: Meloetta","|-damage|p1a: Meloetta|241/341","|","|-heal|p1a: Meloetta|262/341|[from] item: Leftovers","|turn|13","|","|switch|p2a: Deus|Medicham, F, shiny|261/261","|-damage|p2a: Deus|245/261|[from] Stealth Rock","|move|p1a: Meloetta|Substitute|p1a: Meloetta","|-start|p1a: Meloetta|Substitute","|-damage|p1a: Meloetta|177/341","|","|-heal|p1a: Meloetta|198/341|[from] item: Leftovers","|turn|14","|","|move|p2a: Deus|High Jump Kick|p1a: Meloetta","|-end|p1a: Meloetta|Substitute","|move|p1a: Meloetta|Shadow Ball|p2a: Deus","|-supereffective|p2a: Deus","|-damage|p2a: Deus|0 fnt","|faint|p2a: Deus","|","|-heal|p1a: Meloetta|219/341|[from] item: Leftovers","|","|switch|p2a: HotHead|Infernape, F|75/293","|-damage|p2a: HotHead|39/293|[from] Stealth Rock","|turn|15","|","|switch|p1a: Slowbro|Slowbro, F|289/393","|-damage|p1a: Slowbro|240/393|[from] Stealth Rock","|move|p2a: HotHead|Flare Blitz|p1a: Slowbro","|-resisted|p1a: Slowbro","|-damage|p1a: Slowbro|111/393","|-damage|p2a: HotHead|0 fnt|[from] item: Rocky Helmet|[of] p1a: Slowbro","|faint|p2a: HotHead","|","|","|switch|p2a: Poseidick|Heracross, F, shiny|360/360","|-damage|p2a: Poseidick|315/360|[from] Stealth Rock","|turn|16","|","|detailschange|p2a: Poseidick|Heracross-Mega, F, shiny","|-mega|p2a: Poseidick|Heracross|Heracronite","|move|p2a: Poseidick|Substitute|p2a: Poseidick","|-start|p2a: Poseidick|Substitute","|-damage|p2a: Poseidick|225/360","|move|p1a: Slowbro|Flamethrower|p2a: Poseidick","|-supereffective|p2a: Poseidick","|-end|p2a: Poseidick|Substitute","|","|turn|17","|","|move|p2a: Poseidick|Pin Missile|p1a: Slowbro","|-supereffective|p1a: Slowbro","|-damage|p1a: Slowbro|45/393","|-supereffective|p1a: Slowbro","|-damage|p1a: Slowbro|0 fnt","|-hitcount|p1a: Slowbro|2","|faint|p1a: Slowbro","|","|","|switch|p1a: Victini|Victini|256/341","|-damage|p1a: Victini|171/341|[from] Stealth Rock","|turn|18","|","|switch|p2a: Mr.NiceFro|Keldeo|303/323","|-damage|p2a: Mr.NiceFro|283/323|[from] Stealth Rock","|move|p1a: Victini|Psyshock|p2a: Mr.NiceFro","|-crit|p2a: Mr.NiceFro","|-supereffective|p2a: Mr.NiceFro","|-damage|p2a: Mr.NiceFro|0 fnt","|faint|p2a: Mr.NiceFro","|","|","|switch|p2a: Deepthroat|Toxicroak, F, shiny|307/307","|-damage|p2a: Deepthroat|288/307|[from] Stealth Rock","|turn|19","|","|switch|p1a: Jirachi|Jirachi|404/404","|-damage|p1a: Jirachi|379/404|[from] Stealth Rock","|move|p2a: Deepthroat|Swords Dance|p2a: Deepthroat","|-boost|p2a: Deepthroat|atk|2","|","|-heal|p1a: Jirachi|404/404|[from] item: Leftovers","|turn|20","|","|move|p2a: Deepthroat|Drain Punch|p1a: Jirachi","|-damage|p1a: Jirachi|84/404","|-heal|p2a: Deepthroat|307/307|[from] drain|[of] p1a: Jirachi","|-damage|p2a: Deepthroat|277/307|[from] item: Life Orb","|move|p1a: Jirachi|Iron Head|p2a: Deepthroat","|-damage|p2a: Deepthroat|132/307","|","|-heal|p1a: Jirachi|109/404|[from] item: Leftovers","|turn|21","|","|move|p2a: Deepthroat|Drain Punch|p1a: Jirachi","|-damage|p1a: Jirachi|0 fnt","|-heal|p2a: Deepthroat|187/307|[from] drain|[of] p1a: Jirachi","|-damage|p2a: Deepthroat|157/307|[from] item: Life Orb","|faint|p1a: Jirachi","|","|","|switch|p1a: Meloetta|Meloetta|219/341","|-damage|p1a: Meloetta|177/341|[from] Stealth Rock","|turn|22","|","|move|p1a: Meloetta|Substitute|p1a: Meloetta","|-start|p1a: Meloetta|Substitute","|-damage|p1a: Meloetta|92/341","|move|p2a: Deepthroat|Drain Punch|p1a: Meloetta","|-end|p1a: Meloetta|Substitute","|-heal|p2a: Deepthroat|200/307|[from] drain|[of] p1a: Meloetta","|-damage|p2a: Deepthroat|170/307|[from] item: Life Orb","|","|-heal|p1a: Meloetta|113/341|[from] item: Leftovers","|turn|23","|","|move|p2a: Deepthroat|Sucker Punch|p1a: Meloetta","|-supereffective|p1a: Meloetta","|-damage|p1a: Meloetta|0 fnt","|-damage|p2a: Deepthroat|140/307|[from] item: Life Orb","|faint|p1a: Meloetta","|","|","|switch|p1a: Uxie|Uxie|157/354","|-damage|p1a: Uxie|113/354|[from] Stealth Rock","|turn|24","|","|move|p2a: Deepthroat|Sucker Punch|p1a: Uxie","|-fail|p2a: Deepthroat","|move|p1a: Uxie|Thunder Wave|p2a: Deepthroat","|-status|p2a: Deepthroat|par","|","|-heal|p1a: Uxie|135/354|[from] item: Leftovers","|turn|25","|","|move|p2a: Deepthroat|Sucker Punch|p1a: Uxie","|-crit|p1a: Uxie","|-supereffective|p1a: Uxie","|-damage|p1a: Uxie|0 fnt","|-damage|p2a: Deepthroat|110/307 par|[from] item: Life Orb","|faint|p1a: Uxie","|","|","|switch|p1a: Victini|Victini|171/341","|-damage|p1a: Victini|86/341|[from] Stealth Rock","|turn|26","|","|move|p2a: Deepthroat|Sucker Punch|p1a: Victini","|-supereffective|p1a: Victini","|-damage|p1a: Victini|0 fnt","|-damage|p2a: Deepthroat|80/307 par|[from] item: Life Orb","|faint|p1a: Victini","|","|win|Crystl Sabo"],"p1rating":{"entryid":"67995","serverid":"eos","formatid":"monotype","userid":"hypershaymin","username":"hypershaymin","w":"6","l":2,"t":"0","gxe":60.2,"r":"1580.4036276174","rd":"103.76080582894","sigma":"0","rptime":"1440752400","rpr":1580.297513795,"rprd":94.217836685783,"rpsigma":"0","acre":1133.6097748507,"lacre":1133.6097748507,"oldacre":"1168.6435325672"},"p2rating":{"entryid":"307070","serverid":"eos","formatid":"monotype","userid":"crystlsabo","username":"Crystl Sabo","w":6,"l":"6","t":"0","gxe":49.1,"r":"1488.0504342115","rd":"87.875165368414","sigma":"0","rptime":"1440752400","rpr":1492.7363079705,"rprd":83.291600206479,"rpsigma":"0","acre":1072.5560026929,"lacre":1072.5560026929,"oldacre":"1020.893952328"},"endType":"normal"}