{"seed":[59005,8647,15787,54326],"turns":38,"p1":"Vin Prof Gortex","p2":"Alliance ♋ akaFila","p1team":[{"name":"Empoleon","species":"Empoleon","item":"leftovers","ability":"Torrent","moves":["stealthrock","defog","icebeam","scald"],"nature":"Calm","evs":{"hp":240,"atk":0,"def":0,"spa":16,"spd":252,"spe":0},"ivs":{"hp":31,"atk":0,"def":31,"spa":31,"spd":31,"spe":31}},{"name":"Quagsire","species":"Quagsire","item":"rockyhelmet","ability":"Unaware","moves":["recover","rockslide","toxic","scald"],"nature":"Bold","evs":{"hp":232,"atk":0,"def":252,"spa":16,"spd":8,"spe":0},"ivs":{"hp":31,"atk":31,"def":31,"spa":31,"spd":31,"spe":31}},{"name":"Lanturn","species":"Lanturn","item":"leftovers","ability":"Volt Absorb","moves":["dazzlinggleam","discharge","healbell","toxic"],"nature":"Calm","evs":{"hp":232,"atk":0,"def":0,"spa":24,"spd":252,"spe":0},"ivs":{"hp":31,"atk":0,"def":31,"spa":31,"spd":31,"spe":31}},{"name":"Gyarados","species":"Gyarados","item":"gyaradosite","ability":"Intimidate","moves":["crunch","icefang","dragondance","earthquake"],"nature":"Adamant","evs":{"hp":128,"atk":252,"def":0,"spa":0,"spd":0,"spe":128},"ivs":{"hp":31,"atk":31,"def":31,"spa":31,"spd":31,"spe":31}},{"name":"Keldeo","species":"Keldeo","item":"leftovers","ability":"Justified","moves":["calmmind","scald","secretsword","substitute"],"nature":"Timid","evs":{"hp":0,"atk":0,"def":0,"spa":252,"spd":4,"spe":252},"ivs":{"hp":31,"atk":0,"def":31,"spa":31,"spd":31,"spe":31}},{"name":"Starmie","species":"Starmie","item":"lifeorb","ability":"Analytic","moves":["icebeam","psyshock","hydropump","signalbeam"],"nature":"Timid","evs":{"hp":0,"atk":0,"def":0,"spa":252,"spd":4,"spe":252},"ivs":{"hp":31,"atk":31,"def":31,"spa":31,"spd":31,"spe":31}}],"p2team":[{"name":"Landorus","species":"Landorus","item":"lifeorb","ability":"Sheer Force","moves":["earthpower","focusblast","psychic","gravity"],"nature":"Timid","evs":{"hp":0,"atk":0,"def":0,"spa":252,"spd":4,"spe":252},"ivs":{"hp":31,"atk":31,"def":31,"spa":31,"spd":31,"spe":31}},{"name":"Zygarde","species":"Zygarde","item":"leftovers","ability":"Aura Break","moves":["coil","earthquake","crunch","extremespeed"],"nature":"Impish","evs":{"hp":200,"atk":0,"def":252,"spa":0,"spd":0,"spe":56},"ivs":{"hp":31,"atk":31,"def":31,"spa":31,"spd":31,"spe":31}},{"name":"Mamoswine","species":"Mamoswine","item":"focussash","ability":"Thick Fat","moves":["stealthrock","freezedry","earthquake","iceshard"],"nature":"Naive","evs":{"hp":0,"atk":252,"def":0,"spa":6,"spd":0,"spe":252},"ivs":{"hp":31,"atk":31,"def":31,"spa":31,"spd":31,"spe":31}},{"name":"Gastrodon","species":"Gastrodon","item":"leftovers","ability":"Storm Drain","moves":["scald","stockpile","toxic","recover"],"nature":"Calm","evs":{"hp":252,"atk":0,"def":120,"spa":0,"spd":136,"spe":0},"gender":"F","shiny":true,"ivs":{"hp":31,"atk":31,"def":31,"spa":31,"spd":31,"spe":31}},{"name":"Torterra","species":"Torterra","item":"salacberry","ability":"Overgrow","moves":["rockpolish","seedbomb","earthquake","stoneedge"],"nature":"Adamant","evs":{"hp":0,"atk":252,"def":0,"spa":0,"spd":4,"spe":252},"happiness":0,"ivs":{"hp":31,"atk":31,"def":31,"spa":31,"spd":31,"spe":31}},{"name":"Excadrill","species":"Excadrill","item":"choicescarf","ability":"Mold Breaker","moves":["earthquake","ironhead","rockslide","xscissor"],"nature":"Jolly","evs":{"hp":0,"atk":252,"def":0,"spa":0,"spd":4,"spe":252},"ivs":{"hp":31,"atk":31,"def":31,"spa":31,"spd":31,"spe":31}}],"log":["|player|p1|Vin Prof Gortex|102","|player|p2|Alliance ♋ akaFila|allianceakafila.gif","|gametype|singles","|gen|6","|tier|Monotype","|rated","|rule|Baton Pass Clause: Limit one Baton Passer, can't pass Spe and other stats simultaneously","|rule|Swagger Clause: Swagger is banned","|rule|Same Type Clause: Pokémon in a team must share a type","|clearpoke","|poke|p1|Empoleon, M","|poke|p1|Quagsire, M","|poke|p1|Lanturn, F","|poke|p1|Gyarados, F","|poke|p1|Keldeo","|poke|p1|Starmie","|poke|p2|Landorus, M","|poke|p2|Zygarde","|poke|p2|Mamoswine, F","|poke|p2|Gastrodon, F, shiny","|poke|p2|Torterra, F","|poke|p2|Excadrill, M","|rule|Sleep Clause Mod: Limit one foe put to sleep","|rule|Species Clause: Limit one of each Pokémon","|rule|OHKO Clause: OHKO moves are banned","|rule|Moody Clause: Moody is banned","|rule|Evasion Moves Clause: Evasion moves are banned","|rule|Endless Battle Clause: Forcing endless battles is banned","|rule|HP Percentage Mod: HP is shown in percentages","|teampreview","|","|start","|switch|p1a: Empoleon|Empoleon, M|369/369","|switch|p2a: Mamoswine|Mamoswine, F|361/361","|turn|1","|","|move|p2a: Mamoswine|Earthquake|p1a: Empoleon","|-supereffective|p1a: Empoleon","|-damage|p1a: Empoleon|0 fnt","|faint|p1a: Empoleon","|","|","|switch|p1a: Gyarados|Gyarados, F|363/363","|-ability|p1a: Gyarados|Intimidate","|-unboost|p2a: Mamoswine|atk|1","|turn|2","|","|move|p2a: Mamoswine|Freeze-Dry|p1a: Gyarados","|-supereffective|p1a: Gyarados","|-damage|p1a: Gyarados|123/363","|-status|p1a: Gyarados|frz","|cant|p1a: Gyarados|frz","|","|turn|3","|","|switch|p1a: Lanturn|Lanturn, F|449/449","|move|p2a: Mamoswine|Freeze-Dry|p1a: Lanturn","|-supereffective|p1a: Lanturn","|-damage|p1a: Lanturn|347/449","|","|-heal|p1a: Lanturn|375/449|[from] item: Leftovers","|turn|4","|","|switch|p1a: Gyarados|Gyarados, F|123/363 frz","|-ability|p1a: Gyarados|Intimidate","|-unboost|p2a: Mamoswine|atk|1","|move|p2a: Mamoswine|Earthquake|p1a: Gyarados","|-immune|p1a: Gyarados|[msg]","|","|turn|5","|","|move|p2a: Mamoswine|Freeze-Dry|p1a: Gyarados","|-supereffective|p1a: Gyarados","|-damage|p1a: Gyarados|0 fnt","|faint|p1a: Gyarados","|","|","|switch|p1a: Starmie|Starmie|261/261","|turn|6","|","|move|p1a: Starmie|Psyshock|p2a: Mamoswine","|-damage|p2a: Mamoswine|158/361","|-damage|p1a: Starmie|235/261|[from] item: Life Orb","|move|p2a: Mamoswine|Freeze-Dry|p1a: Starmie","|-supereffective|p1a: Starmie","|-damage|p1a: Starmie|103/261","|","|turn|7","|","|switch|p2a: Gastrodon|Gastrodon, F, shiny|426/426","|move|p1a: Starmie|Hydro Pump|p2a: Gastrodon","|-boost|p2a: Gastrodon|spa|1|[from] ability: Storm Drain","|","|turn|8","|","|move|p1a: Starmie|Psyshock|p2a: Gastrodon","|-damage|p2a: Gastrodon|254/426","|-damage|p1a: Starmie|77/261|[from] item: Life Orb","|move|p2a: Gastrodon|Toxic|p1a: Starmie","|-status|p1a: Starmie|tox","|","|-heal|p2a: Gastrodon|280/426|[from] item: Leftovers","|-damage|p1a: Starmie|61/261 tox|[from] psn","|turn|9","|","|move|p1a: Starmie|Psyshock|p2a: Gastrodon","|-damage|p2a: Gastrodon|101/426","|-damage|p1a: Starmie|35/261 tox|[from] item: Life Orb","|move|p2a: Gastrodon|Recover|p2a: Gastrodon","|-heal|p2a: Gastrodon|314/426","|","|-heal|p2a: Gastrodon|340/426|[from] item: Leftovers","|-damage|p1a: Starmie|3/261 tox|[from] psn","|turn|10","|","|move|p1a: Starmie|Psyshock|p2a: Gastrodon","|-damage|p2a: Gastrodon|175/426","|-damage|p1a: Starmie|0 fnt|[from] item: Life Orb","|faint|p1a: Starmie","|move|p2a: Gastrodon|Toxic|p1: Starmie|[notarget]","|-notarget","|","|-heal|p2a: Gastrodon|201/426|[from] item: Leftovers","|","|switch|p1a: Quagsire|Quagsire, M|389/389","|turn|11","|","|move|p2a: Gastrodon|Scald|p1a: Quagsire","|-damage|p1a: Quagsire|268/389","|move|p1a: Quagsire|Toxic|p2a: Gastrodon","|-status|p2a: Gastrodon|tox","|","|-heal|p2a: Gastrodon|227/426 tox|[from] item: Leftovers","|-damage|p2a: Gastrodon|201/426 tox|[from] psn","|turn|12","|","|move|p2a: Gastrodon|Scald|p1a: Quagsire","|-damage|p1a: Quagsire|150/389","|move|p1a: Quagsire|Recover|p1a: Quagsire","|-heal|p1a: Quagsire|345/389","|","|-heal|p2a: Gastrodon|227/426 tox|[from] item: Leftovers","|-damage|p2a: Gastrodon|175/426 tox|[from] psn","|turn|13","|","|switch|p1a: Lanturn|Lanturn, F|375/449","|move|p2a: Gastrodon|Toxic|p1a: Lanturn","|-status|p1a: Lanturn|tox","|","|-heal|p1a: Lanturn|403/449 tox|[from] item: Leftovers","|-heal|p2a: Gastrodon|201/426 tox|[from] item: Leftovers","|-damage|p1a: Lanturn|375/449 tox|[from] psn","|-damage|p2a: Gastrodon|123/426 tox|[from] psn","|turn|14","|","|switch|p1a: Keldeo|Keldeo|323/323","|switch|p2a: Landorus|Landorus, M|319/319","|","|turn|15","|","|switch|p2a: Torterra|Torterra, F|331/331","|move|p1a: Keldeo|Scald|p2a: Torterra","|-damage|p2a: Torterra|171/331","|-status|p2a: Torterra|brn","|","|-damage|p2a: Torterra|130/331 brn|[from] brn","|turn|16","|","|move|p1a: Keldeo|Substitute|p1a: Keldeo","|-start|p1a: Keldeo|Substitute","|-damage|p1a: Keldeo|243/323","|move|p2a: Torterra|Seed Bomb|p1a: Keldeo","|-supereffective|p1a: Keldeo","|-end|p1a: Keldeo|Substitute","|","|-heal|p1a: Keldeo|263/323|[from] item: Leftovers","|-damage|p2a: Torterra|89/331 brn|[from] brn","|turn|17","|","|move|p1a: Keldeo|Substitute|p1a: Keldeo","|-start|p1a: Keldeo|Substitute","|-damage|p1a: Keldeo|183/323","|move|p2a: Torterra|Seed Bomb|p1a: Keldeo","|-supereffective|p1a: Keldeo","|-end|p1a: Keldeo|Substitute","|","|-heal|p1a: Keldeo|203/323|[from] item: Leftovers","|-damage|p2a: Torterra|48/331 brn|[from] brn","|-enditem|p2a: Torterra|Salac Berry|[eat]","|-boost|p2a: Torterra|spe|1|[from] item: Salac Berry","|turn|18","|","|move|p1a: Keldeo|Substitute|p1a: Keldeo","|-start|p1a: Keldeo|Substitute","|-damage|p1a: Keldeo|123/323","|move|p2a: Torterra|Seed Bomb|p1a: Keldeo","|-crit|p1a: Keldeo","|-supereffective|p1a: Keldeo","|-end|p1a: Keldeo|Substitute","|","|-heal|p1a: Keldeo|143/323|[from] item: Leftovers","|-damage|p2a: Torterra|7/331 brn|[from] brn","|turn|19","|","|move|p1a: Keldeo|Secret Sword|p2a: Torterra","|-damage|p2a: Torterra|0 fnt","|faint|p2a: Torterra","|","|-heal|p1a: Keldeo|163/323|[from] item: Leftovers","|","|switch|p2a: Excadrill|Excadrill, M|361/361","|-ability|p2a: Excadrill|Mold Breaker","|turn|20","|","|switch|p1a: Quagsire|Quagsire, M|345/389","|move|p2a: Excadrill|Earthquake|p1a: Quagsire","|-damage|p1a: Quagsire|195/389","|","|turn|21","|","|switch|p2a: Gastrodon|Gastrodon, F, shiny|123/426 tox","|move|p1a: Quagsire|Recover|p1a: Quagsire","|-heal|p1a: Quagsire|389/389","|","|-heal|p2a: Gastrodon|149/426 tox|[from] item: Leftovers","|-damage|p2a: Gastrodon|123/426 tox|[from] psn","|turn|22","|","|switch|p1a: Lanturn|Lanturn, F|375/449 tox","|move|p2a: Gastrodon|Recover|p2a: Gastrodon","|-heal|p2a: Gastrodon|336/426 tox","|","|-heal|p1a: Lanturn|403/449 tox|[from] item: Leftovers","|-heal|p2a: Gastrodon|362/426 tox|[from] item: Leftovers","|-damage|p1a: Lanturn|375/449 tox|[from] psn","|-damage|p2a: Gastrodon|310/426 tox|[from] psn","|turn|23","|","|switch|p2a: Zygarde|Zygarde|407/407","|-ability|p2a: Zygarde|Aura Break","|move|p1a: Lanturn|Dazzling Gleam|p2a: Zygarde","|-supereffective|p2a: Zygarde","|-damage|p2a: Zygarde|299/407","|","|-heal|p2a: Zygarde|324/407|[from] item: Leftovers","|-heal|p1a: Lanturn|403/449 tox|[from] item: Leftovers","|-damage|p1a: Lanturn|347/449 tox|[from] psn","|turn|24","|","|move|p2a: Zygarde|Coil|p2a: Zygarde","|-boost|p2a: Zygarde|atk|1","|-boost|p2a: Zygarde|def|1","|-boost|p2a: Zygarde|accuracy|1","|move|p1a: Lanturn|Toxic|p2a: Zygarde","|-status|p2a: Zygarde|tox","|","|-heal|p2a: Zygarde|349/407 tox|[from] item: Leftovers","|-heal|p1a: Lanturn|375/449 tox|[from] item: Leftovers","|-damage|p2a: Zygarde|324/407 tox|[from] psn","|-damage|p1a: Lanturn|291/449 tox|[from] psn","|turn|25","|","|move|p2a: Zygarde|Earthquake|p1a: Lanturn","|-supereffective|p1a: Lanturn","|-damage|p1a: Lanturn|0 fnt","|faint|p1a: Lanturn","|","|-heal|p2a: Zygarde|349/407 tox|[from] item: Leftovers","|-damage|p2a: Zygarde|299/407 tox|[from] psn","|","|switch|p1a: Quagsire|Quagsire, M|389/389","|turn|26","|","|switch|p2a: Gastrodon|Gastrodon, F, shiny|310/426 tox","|move|p1a: Quagsire|Rock Slide|p2a: Gastrodon","|-resisted|p2a: Gastrodon","|-damage|p2a: Gastrodon|281/426 tox","|","|-heal|p2a: Gastrodon|307/426 tox|[from] item: Leftovers","|-damage|p2a: Gastrodon|281/426 tox|[from] psn","|turn|27","|","|move|p2a: Gastrodon|Toxic|p1a: Quagsire","|-status|p1a: Quagsire|tox","|move|p1a: Quagsire|Rock Slide|p2a: Gastrodon","|-crit|p2a: Gastrodon","|-resisted|p2a: Gastrodon","|-damage|p2a: Gastrodon|244/426 tox","|","|-heal|p2a: Gastrodon|270/426 tox|[from] item: Leftovers","|-damage|p2a: Gastrodon|218/426 tox|[from] psn","|-damage|p1a: Quagsire|365/389 tox|[from] psn","|turn|28","|","|switch|p1a: Keldeo|Keldeo|163/323","|move|p2a: Gastrodon|Recover|p2a: Gastrodon","|-heal|p2a: Gastrodon|426/426 tox","|","|-heal|p1a: Keldeo|183/323|[from] item: Leftovers","|-damage|p2a: Gastrodon|348/426 tox|[from] psn","|turn|29","|","|switch|p2a: Zygarde|Zygarde|299/407 tox","|-ability|p2a: Zygarde|Aura Break","|move|p1a: Keldeo|Substitute|p1a: Keldeo","|-start|p1a: Keldeo|Substitute","|-damage|p1a: Keldeo|103/323","|","|-heal|p1a: Keldeo|123/323|[from] item: Leftovers","|-heal|p2a: Zygarde|324/407 tox|[from] item: Leftovers","|-damage|p2a: Zygarde|299/407 tox|[from] psn","|turn|30","|","|move|p2a: Zygarde|Extreme Speed|p1a: Keldeo","|-activate|p1a: Keldeo|Substitute|[damage]","|move|p1a: Keldeo|Calm Mind|p1a: Keldeo","|-boost|p1a: Keldeo|spa|1","|-boost|p1a: Keldeo|spd|1","|","|-heal|p1a: Keldeo|143/323|[from] item: Leftovers","|-heal|p2a: Zygarde|324/407 tox|[from] item: Leftovers","|-damage|p2a: Zygarde|274/407 tox|[from] psn","|turn|31","|","|move|p1a: Keldeo|Scald|p2a: Zygarde","|-crit|p2a: Zygarde","|-damage|p2a: Zygarde|0 fnt","|faint|p2a: Zygarde","|","|-heal|p1a: Keldeo|163/323|[from] item: Leftovers","|","|switch|p2a: Mamoswine|Mamoswine, F|158/361","|turn|32","|","|move|p2a: Mamoswine|Ice Shard|p1a: Keldeo","|-resisted|p1a: Keldeo","|-end|p1a: Keldeo|Substitute","|move|p1a: Keldeo|Secret Sword|p2a: Mamoswine","|-supereffective|p2a: Mamoswine","|-damage|p2a: Mamoswine|0 fnt","|faint|p2a: Mamoswine","|","|-heal|p1a: Keldeo|183/323|[from] item: Leftovers","|","|switch|p2a: Excadrill|Excadrill, M|361/361","|-ability|p2a: Excadrill|Mold Breaker","|turn|33","|","|switch|p1a: Quagsire|Quagsire, M|365/389 tox","|move|p2a: Excadrill|Earthquake|p1a: Quagsire","|-damage|p1a: Quagsire|215/389 tox","|","|-damage|p1a: Quagsire|191/389 tox|[from] psn","|turn|34","|","|switch|p2a: Landorus|Landorus, M|319/319","|switch|p1a: Keldeo|Keldeo|183/323","|","|-heal|p1a: Keldeo|203/323|[from] item: Leftovers","|turn|35","|","|move|p1a: Keldeo|Scald|p2a: Landorus","|-supereffective|p2a: Landorus","|-damage|p2a: Landorus|0 fnt","|faint|p2a: Landorus","|","|-heal|p1a: Keldeo|223/323|[from] item: Leftovers","|","|switch|p2a: Excadrill|Excadrill, M|361/361","|-ability|p2a: Excadrill|Mold Breaker","|turn|36","|","|move|p2a: Excadrill|Earthquake|p1a: Keldeo","|-damage|p1a: Keldeo|24/323","|move|p1a: Keldeo|Scald|p2a: Excadrill","|-supereffective|p2a: Excadrill","|-damage|p2a: Excadrill|0 fnt","|faint|p2a: Excadrill","|","|-heal|p1a: Keldeo|44/323|[from] item: Leftovers","|","|switch|p2a: Gastrodon|Gastrodon, F, shiny|348/426 tox","|turn|37","|","|move|p1a: Keldeo|Secret Sword|p2a: Gastrodon","|-damage|p2a: Gastrodon|182/426 tox","|move|p2a: Gastrodon|Toxic|p1a: Keldeo","|-status|p1a: Keldeo|tox","|","|-heal|p1a: Keldeo|64/323 tox|[from] item: Leftovers","|-heal|p2a: Gastrodon|208/426 tox|[from] item: Leftovers","|-damage|p1a: Keldeo|44/323 tox|[from] psn","|-damage|p2a: Gastrodon|182/426 tox|[from] psn","|turn|38","|","|move|p1a: Keldeo|Secret Sword|p2a: Gastrodon","|-damage|p2a: Gastrodon|0 fnt","|faint|p2a: Gastrodon","|","|win|Vin Prof Gortex"],"p1rating":{"entryid":"578346","serverid":"eos","formatid":"monotype","userid":"vinprofgortex","username":"Vin Prof Gortex","w":6,"l":"4","t":"0","gxe":56.6,"r":"1500","rd":"130","sigma":"0","rptime":"1440752400","rpr":1551.8105125126,"rprd":86.884187160945,"rpsigma":"0","acre":1143.6205674534,"lacre":1143.6205674534,"oldacre":"1117.0558924554"},"p2rating":{"entryid":"126995","serverid":"eos","formatid":"monotype","userid":"allianceakafila","username":"Alliance ♋ akaFila","w":"21","l":17,"t":"0","gxe":53.6,"r":"1556.1707556585","rd":"56.857388954794","sigma":"0","rptime":"1440752400","rpr":1527.5687502558,"rprd":54.896733071542,"rpsigma":"0","acre":1112.2646279576,"lacre":1112.2646279576,"oldacre":"1138.8293029556"},"endType":"normal"}