{"seed":[33338,35394,54609,28989],"turns":31,"p1":"LightOfAKnowing","p2":"Vin Prof Gortex","p1team":[{"name":"Sharpedo","species":"Sharpedo","item":"sharpedonite","ability":"Speed Boost","moves":["protect","substitute","crunch","waterfall"],"nature":"Adamant","evs":{"hp":0,"atk":252,"def":0,"spa":0,"spd":4,"spe":252},"ivs":{"hp":31,"atk":31,"def":31,"spa":31,"spd":31,"spe":31}},{"name":"Starmie","species":"Starmie","item":"lightclay","ability":"Natural Cure","moves":["rapidspin","scald","lightscreen","reflect"],"nature":"Timid","evs":{"hp":252,"atk":0,"def":0,"spa":4,"spd":0,"spe":252},"ivs":{"hp":31,"atk":31,"def":31,"spa":31,"spd":31,"spe":31}},{"name":"Azumarill","species":"Azumarill","item":"sitrusberry","ability":"Huge Power","moves":["bellydrum","aquajet","playrough","bodyslam"],"nature":"Adamant","evs":{"hp":252,"atk":252,"def":0,"spa":0,"spd":4,"spe":0},"ivs":{"hp":31,"atk":31,"def":31,"spa":31,"spd":31,"spe":31}},{"name":"Poliwrath","species":"Poliwrath","item":"leftovers","ability":"Water Absorb","moves":["substitute","focuspunch","poisonjab","waterfall"],"nature":"Adamant","evs":{"hp":252,"atk":252,"def":0,"spa":0,"spd":4,"spe":0},"ivs":{"hp":31,"atk":31,"def":31,"spa":31,"spd":31,"spe":31}},{"name":"Milotic","species":"Milotic","item":"leftovers","ability":"Competitive","moves":["mirrorcoat","scald","recover","magiccoat"],"nature":"Bold","evs":{"hp":248,"atk":0,"def":252,"spa":0,"spd":8,"spe":0},"ivs":{"hp":31,"atk":31,"def":31,"spa":31,"spd":31,"spe":31}},{"name":"Clawitzer","species":"Clawitzer","item":"choicescarf","ability":"Mega Launcher","moves":["waterpulse","aurasphere","darkpulse","dragonpulse"],"nature":"Timid","evs":{"hp":0,"atk":0,"def":0,"spa":252,"spd":4,"spe":252},"ivs":{"hp":31,"atk":31,"def":31,"spa":31,"spd":31,"spe":31}}],"p2team":[{"name":"Empoleon","species":"Empoleon","item":"leftovers","ability":"Torrent","moves":["stealthrock","defog","icebeam","scald"],"nature":"Calm","evs":{"hp":240,"atk":0,"def":0,"spa":16,"spd":252,"spe":0},"ivs":{"hp":31,"atk":0,"def":31,"spa":31,"spd":31,"spe":31}},{"name":"Quagsire","species":"Quagsire","item":"rockyhelmet","ability":"Unaware","moves":["recover","rockslide","toxic","scald"],"nature":"Bold","evs":{"hp":232,"atk":0,"def":252,"spa":16,"spd":8,"spe":0},"ivs":{"hp":31,"atk":31,"def":31,"spa":31,"spd":31,"spe":31}},{"name":"Lanturn","species":"Lanturn","item":"leftovers","ability":"Volt Absorb","moves":["dazzlinggleam","discharge","healbell","toxic"],"nature":"Calm","evs":{"hp":232,"atk":0,"def":0,"spa":24,"spd":252,"spe":0},"ivs":{"hp":31,"atk":0,"def":31,"spa":31,"spd":31,"spe":31}},{"name":"Gyarados","species":"Gyarados","item":"gyaradosite","ability":"Intimidate","moves":["crunch","icefang","dragondance","earthquake"],"nature":"Adamant","evs":{"hp":128,"atk":252,"def":0,"spa":0,"spd":0,"spe":128},"ivs":{"hp":31,"atk":31,"def":31,"spa":31,"spd":31,"spe":31}},{"name":"Keldeo","species":"Keldeo","item":"leftovers","ability":"Justified","moves":["calmmind","scald","secretsword","substitute"],"nature":"Timid","evs":{"hp":0,"atk":0,"def":0,"spa":252,"spd":4,"spe":252},"ivs":{"hp":31,"atk":0,"def":31,"spa":31,"spd":31,"spe":31}},{"name":"Slowbro","species":"Slowbro","item":"assaultvest","ability":"Regenerator","moves":["scald","psyshock","fireblast","icebeam"],"nature":"Bold","evs":{"hp":252,"atk":0,"def":128,"spa":112,"spd":16,"spe":0},"ivs":{"hp":31,"atk":0,"def":31,"spa":31,"spd":31,"spe":31}}],"log":["|player|p1|LightOfAKnowing|lightofaknowing.png","|player|p2|Vin Prof Gortex|102","|gametype|singles","|gen|6","|tier|Monotype","|rated","|rule|Baton Pass Clause: Limit one Baton Passer, can't pass Spe and other stats simultaneously","|rule|Swagger Clause: Swagger is banned","|rule|Same Type Clause: Pokémon in a team must share a type","|clearpoke","|poke|p1|Sharpedo, M","|poke|p1|Starmie","|poke|p1|Azumarill, F","|poke|p1|Poliwrath, M","|poke|p1|Milotic, F","|poke|p1|Clawitzer, F","|poke|p2|Empoleon, M","|poke|p2|Quagsire, M","|poke|p2|Lanturn, F","|poke|p2|Gyarados, M","|poke|p2|Keldeo","|poke|p2|Slowbro, F","|rule|Sleep Clause Mod: Limit one foe put to sleep","|rule|Species Clause: Limit one of each Pokémon","|rule|OHKO Clause: OHKO moves are banned","|rule|Moody Clause: Moody is banned","|rule|Evasion Moves Clause: Evasion moves are banned","|rule|Endless Battle Clause: Forcing endless battles is banned","|rule|HP Percentage Mod: HP is shown in percentages","|teampreview","|","|start","|switch|p1a: Starmie|Starmie|324/324","|switch|p2a: Empoleon|Empoleon, M|369/369","|turn|1","|","|switch|p2a: Lanturn|Lanturn, F|449/449","|move|p1a: Starmie|Light Screen|p1a: Starmie","|-sidestart|p1: LightOfAKnowing|move: Light Screen","|","|turn|2","|","|move|p1a: Starmie|Reflect|p1a: Starmie","|-sidestart|p1: LightOfAKnowing|Reflect","|move|p2a: Lanturn|Discharge|p1a: Starmie","|-supereffective|p1a: Starmie","|-damage|p1a: Starmie|227/324","|","|turn|3","|","|switch|p1a: Milotic|Milotic, F|393/393","|move|p2a: Lanturn|Toxic|p1a: Milotic","|-status|p1a: Milotic|tox","|","|-damage|p1a: Milotic|369/393 tox|[from] psn","|turn|4","|","|move|p2a: Lanturn|Discharge|p1a: Milotic","|-supereffective|p1a: Milotic","|-damage|p1a: Milotic|308/393 tox","|move|p1a: Milotic|Mirror Coat|p2a: Lanturn","|-damage|p2a: Lanturn|327/449","|","|-heal|p1a: Milotic|332/393 tox|[from] item: Leftovers","|-heal|p2a: Lanturn|355/449|[from] item: Leftovers","|-damage|p1a: Milotic|284/393 tox|[from] psn","|turn|5","|","|switch|p2a: Keldeo|Keldeo|323/323","|move|p1a: Milotic|Mirror Coat|p2a: Keldeo","|-fail|p2a: Keldeo","|","|-heal|p1a: Milotic|308/393 tox|[from] item: Leftovers","|-damage|p1a: Milotic|236/393 tox|[from] psn","|turn|6","|","|move|p2a: Keldeo|Substitute|p2a: Keldeo","|-start|p2a: Keldeo|Substitute","|-damage|p2a: Keldeo|243/323","|move|p1a: Milotic|Scald|p2a: Keldeo","|-resisted|p2a: Keldeo","|-activate|p2a: Keldeo|Substitute|[damage]","|","|-heal|p2a: Keldeo|263/323|[from] item: Leftovers","|-heal|p1a: Milotic|260/393 tox|[from] item: Leftovers","|-damage|p1a: Milotic|164/393 tox|[from] psn","|turn|7","|","|switch|p1a: Clawitzer|Clawitzer, F|283/283","|move|p2a: Keldeo|Calm Mind|p2a: Keldeo","|-boost|p2a: Keldeo|spa|1","|-boost|p2a: Keldeo|spd|1","|","|-heal|p2a: Keldeo|283/323|[from] item: Leftovers","|turn|8","|","|move|p1a: Clawitzer|Dragon Pulse|p2a: Keldeo","|-end|p2a: Keldeo|Substitute","|move|p2a: Keldeo|Calm Mind|p2a: Keldeo","|-boost|p2a: Keldeo|spa|1","|-boost|p2a: Keldeo|spd|1","|","|-heal|p2a: Keldeo|303/323|[from] item: Leftovers","|-sideend|p1: LightOfAKnowing|move: Light Screen","|turn|9","|","|move|p1a: Clawitzer|Dragon Pulse|p2a: Keldeo","|-damage|p2a: Keldeo|225/323","|move|p2a: Keldeo|Substitute|p2a: Keldeo","|-start|p2a: Keldeo|Substitute","|-damage|p2a: Keldeo|145/323","|","|-heal|p2a: Keldeo|165/323|[from] item: Leftovers","|-sideend|p1: LightOfAKnowing|Reflect","|turn|10","|","|move|p1a: Clawitzer|Dragon Pulse|p2a: Keldeo","|-end|p2a: Keldeo|Substitute","|move|p2a: Keldeo|Calm Mind|p2a: Keldeo","|-boost|p2a: Keldeo|spa|1","|-boost|p2a: Keldeo|spd|1","|","|-heal|p2a: Keldeo|185/323|[from] item: Leftovers","|turn|11","|","|switch|p1a: Milotic|Milotic, F|164/393 tox","|move|p2a: Keldeo|Substitute|p2a: Keldeo","|-start|p2a: Keldeo|Substitute","|-damage|p2a: Keldeo|105/323","|","|-heal|p2a: Keldeo|125/323|[from] item: Leftovers","|-heal|p1a: Milotic|188/393 tox|[from] item: Leftovers","|-damage|p1a: Milotic|164/393 tox|[from] psn","|turn|12","|","|move|p2a: Keldeo|Secret Sword|p1a: Milotic","|-damage|p1a: Milotic|0 fnt","|faint|p1a: Milotic","|","|-heal|p2a: Keldeo|145/323|[from] item: Leftovers","|","|switch|p1a: Sharpedo|Sharpedo, M|281/281","|turn|13","|","|move|p2a: Keldeo|Calm Mind|p2a: Keldeo","|-boost|p2a: Keldeo|spa|1","|-boost|p2a: Keldeo|spd|1","|move|p1a: Sharpedo|Substitute|p1a: Sharpedo","|-start|p1a: Sharpedo|Substitute","|-damage|p1a: Sharpedo|211/281","|","|-heal|p2a: Keldeo|165/323|[from] item: Leftovers","|-boost|p1a: Sharpedo|spe|1|[from] ability: Speed Boost","|turn|14","|","|detailschange|p1a: Sharpedo|Sharpedo-Mega, M","|-mega|p1a: Sharpedo|Sharpedo|Sharpedonite","|move|p1a: Sharpedo|Waterfall|p2a: Keldeo","|-resisted|p2a: Keldeo","|-end|p2a: Keldeo|Substitute","|move|p2a: Keldeo|Scald|p1a: Sharpedo","|-resisted|p1a: Sharpedo","|-end|p1a: Sharpedo|Substitute","|","|-heal|p2a: Keldeo|185/323|[from] item: Leftovers","|turn|15","|","|move|p1a: Sharpedo|Waterfall|p2a: Keldeo","|-resisted|p2a: Keldeo","|-damage|p2a: Keldeo|98/323","|move|p2a: Keldeo|Scald|p1a: Sharpedo","|-resisted|p1a: Sharpedo","|-damage|p1a: Sharpedo|0 fnt","|faint|p1a: Sharpedo","|","|-heal|p2a: Keldeo|118/323|[from] item: Leftovers","|","|switch|p1a: Clawitzer|Clawitzer, F|283/283","|turn|16","|","|move|p1a: Clawitzer|Dragon Pulse|p2a: Keldeo","|-damage|p2a: Keldeo|63/323","|move|p2a: Keldeo|Secret Sword|p1a: Clawitzer","|-damage|p1a: Clawitzer|0 fnt","|faint|p1a: Clawitzer","|","|-heal|p2a: Keldeo|83/323|[from] item: Leftovers","|","|switch|p1a: Starmie|Starmie|227/324","|turn|17","|","|move|p1a: Starmie|Scald|p2a: Keldeo","|-resisted|p2a: Keldeo","|-damage|p2a: Keldeo|66/323","|-status|p2a: Keldeo|brn","|move|p2a: Keldeo|Secret Sword|p1a: Starmie","|-resisted|p1a: Starmie","|-damage|p1a: Starmie|0 fnt","|faint|p1a: Starmie","|","|-heal|p2a: Keldeo|86/323 brn|[from] item: Leftovers","|-damage|p2a: Keldeo|46/323 brn|[from] brn","|","|switch|p1a: Azumarill|Azumarill, F|404/404","|turn|18","|","|switch|p2a: Quagsire|Quagsire, M|389/389","|move|p1a: Azumarill|Belly Drum|p1a: Azumarill","|-damage|p1a: Azumarill|202/404","|-setboost|p1a: Azumarill|atk|6|[from] move: Belly Drum","|-enditem|p1a: Azumarill|Sitrus Berry|[eat]","|-heal|p1a: Azumarill|303/404|[from] item: Sitrus Berry","|","|turn|19","|","|move|p1a: Azumarill|Play Rough|p2a: Quagsire","|-damage|p2a: Quagsire|220/389","|-damage|p1a: Azumarill|236/404|[from] item: Rocky Helmet|[of] p2a: Quagsire","|move|p2a: Quagsire|Toxic|p1a: Azumarill","|-status|p1a: Azumarill|tox","|","|-damage|p1a: Azumarill|211/404 tox|[from] psn","|turn|20","|","|move|p1a: Azumarill|Body Slam|p2a: Quagsire","|-damage|p2a: Quagsire|122/389","|-damage|p1a: Azumarill|144/404 tox|[from] item: Rocky Helmet|[of] p2a: Quagsire","|move|p2a: Quagsire|Recover|p2a: Quagsire","|-heal|p2a: Quagsire|317/389","|","|-damage|p1a: Azumarill|94/404 tox|[from] psn","|turn|21","|","|move|p1a: Azumarill|Play Rough|p2a: Quagsire|[miss]","|-miss|p1a: Azumarill|p2a: Quagsire","|move|p2a: Quagsire|Recover|p2a: Quagsire","|-heal|p2a: Quagsire|389/389","|","|-damage|p1a: Azumarill|19/404 tox|[from] psn","|turn|22","|","|move|p1a: Azumarill|Play Rough|p2a: Quagsire|[miss]","|-miss|p1a: Azumarill|p2a: Quagsire","|move|p2a: Quagsire|Recover|p2a: Quagsire","|-fail|p2a: Quagsire","|","|-damage|p1a: Azumarill|0 fnt|[from] psn","|faint|p1a: Azumarill","|","|switch|p1a: Poliwrath|Poliwrath, M|384/384","|turn|23","|","|move|p1a: Poliwrath|Substitute|p1a: Poliwrath","|-start|p1a: Poliwrath|Substitute","|-damage|p1a: Poliwrath|288/384","|move|p2a: Quagsire|Toxic|p1a: Poliwrath","|-fail|p1a: Poliwrath","|","|-heal|p1a: Poliwrath|312/384|[from] item: Leftovers","|turn|24","|","|-singleturn|p1a: Poliwrath|move: Focus Punch","|move|p2a: Quagsire|Rock Slide|p1a: Poliwrath","|-resisted|p1a: Poliwrath","|-activate|p1a: Poliwrath|Substitute|[damage]","|move|p1a: Poliwrath|Focus Punch|p2a: Quagsire","|-damage|p2a: Quagsire|200/389","|-damage|p1a: Poliwrath|248/384|[from] item: Rocky Helmet|[of] p2a: Quagsire","|","|-heal|p1a: Poliwrath|272/384|[from] item: Leftovers","|turn|25","|","|-singleturn|p1a: Poliwrath|move: Focus Punch","|switch|p2a: Slowbro|Slowbro, F|394/394","|move|p1a: Poliwrath|Focus Punch|p2a: Slowbro","|-resisted|p2a: Slowbro","|-damage|p2a: Slowbro|304/394","|","|-heal|p1a: Poliwrath|296/384|[from] item: Leftovers","|turn|26","|","|move|p1a: Poliwrath|Poison Jab|p2a: Slowbro","|-damage|p2a: Slowbro|240/394","|-status|p2a: Slowbro|psn","|move|p2a: Slowbro|Psyshock|p1a: Poliwrath","|-supereffective|p1a: Poliwrath","|-end|p1a: Poliwrath|Substitute","|","|-heal|p1a: Poliwrath|320/384|[from] item: Leftovers","|-damage|p2a: Slowbro|191/394 psn|[from] psn","|turn|27","|","|move|p1a: Poliwrath|Substitute|p1a: Poliwrath","|-start|p1a: Poliwrath|Substitute","|-damage|p1a: Poliwrath|224/384","|move|p2a: Slowbro|Psyshock|p1a: Poliwrath","|-supereffective|p1a: Poliwrath","|-end|p1a: Poliwrath|Substitute","|","|-heal|p1a: Poliwrath|248/384|[from] item: Leftovers","|-damage|p2a: Slowbro|142/394 psn|[from] psn","|turn|28","|","|switch|p2a: Gyarados|Gyarados, M|363/363","|-ability|p2a: Gyarados|Intimidate","|-unboost|p1a: Poliwrath|atk|1","|move|p1a: Poliwrath|Substitute|p1a: Poliwrath","|-start|p1a: Poliwrath|Substitute","|-damage|p1a: Poliwrath|152/384","|","|-heal|p1a: Poliwrath|176/384|[from] item: Leftovers","|turn|29","|","|move|p2a: Gyarados|Earthquake|p1a: Poliwrath","|-end|p1a: Poliwrath|Substitute","|move|p1a: Poliwrath|Poison Jab|p2a: Gyarados","|-damage|p2a: Gyarados|297/363","|","|-heal|p1a: Poliwrath|200/384|[from] item: Leftovers","|turn|30","|","|move|p2a: Gyarados|Earthquake|p1a: Poliwrath","|-damage|p1a: Poliwrath|64/384","|move|p1a: Poliwrath|Poison Jab|p2a: Gyarados","|-crit|p2a: Gyarados","|-damage|p2a: Gyarados|145/363","|-status|p2a: Gyarados|psn","|","|-heal|p1a: Poliwrath|88/384|[from] item: Leftovers","|-damage|p2a: Gyarados|100/363 psn|[from] psn","|turn|31","|","|move|p2a: Gyarados|Earthquake|p1a: Poliwrath","|-damage|p1a: Poliwrath|0 fnt","|faint|p1a: Poliwrath","|","|win|Vin Prof Gortex"],"p1rating":{"entryid":"386","serverid":"eos","formatid":"monotype","userid":"lightofaknowing","username":"LightOfAKnowing","w":"40","l":52,"t":"0","gxe":45.5,"r":"1469.8782897636","rd":"38.912598167147","sigma":"0","rptime":"1440752400","rpr":1466.2107795304,"rprd":38.707016478992,"rpsigma":"0","acre":1050.5746133261,"lacre":1050.5746133261,"oldacre":"1069.673027727"},"p2rating":{"entryid":"578346","serverid":"eos","formatid":"monotype","userid":"vinprofgortex","username":"Vin Prof Gortex","w":5,"l":"4","t":"0","gxe":53.7,"r":"1500","rd":"130","sigma":"0","rptime":"1440752400","rpr":1528.7530018572,"rprd":89.569267141299,"rpsigma":"0","acre":1117.0558924554,"lacre":1117.0558924554,"oldacre":"1092.6845399343"},"endType":"normal"}