{"seed":[23428,19525,8873,5709],"turns":28,"p1":"Carnie Red","p2":"Apex✦Reborn","p1team":[{"name":"Bisharp","species":"Bisharp","item":"lifeorb","ability":"Defiant","moves":["ironhead","knockoff","swordsdance","suckerpunch"],"nature":"Jolly","evs":{"hp":0,"atk":252,"def":0,"spa":0,"spd":4,"spe":252},"shiny":true,"ivs":{"hp":31,"atk":31,"def":31,"spa":31,"spd":31,"spe":31}},{"name":"Mandibuzz","species":"Mandibuzz","item":"rockyhelmet","ability":"Overcoat","moves":["foulplay","roost","defog","toxic"],"nature":"Bold","evs":{"hp":248,"atk":0,"def":252,"spa":0,"spd":8,"spe":0},"ivs":{"hp":31,"atk":31,"def":31,"spa":31,"spd":31,"spe":31}},{"name":"Umbreon","species":"Umbreon","item":"leftovers","ability":"Synchronize","moves":["foulplay","toxic","moonlight","protect"],"nature":"Calm","evs":{"hp":252,"atk":0,"def":4,"spa":0,"spd":252,"spe":0},"shiny":true,"ivs":{"hp":31,"atk":31,"def":31,"spa":31,"spd":31,"spe":31}},{"name":"Hoopa-Unbound","species":"Hoopa-Unbound","item":"assaultvest","ability":"Magician","moves":["hyperspacefury","firepunch","gunkshot","grassknot"],"nature":"Lonely","evs":{"hp":248,"atk":252,"def":0,"spa":8,"spd":0,"spe":0},"ivs":{"hp":31,"atk":31,"def":31,"spa":31,"spd":31,"spe":31}},{"name":"Hydreigon","species":"Hydreigon","item":"choicescarf","ability":"Levitate","moves":["dracometeor","darkpulse","earthpower","uturn"],"nature":"Timid","evs":{"hp":0,"atk":0,"def":0,"spa":252,"spd":4,"spe":252},"ivs":{"hp":31,"atk":31,"def":31,"spa":31,"spd":31,"spe":31}},{"name":"Absol","species":"Absol","item":"absolite","ability":"Pressure","moves":["knockoff","playrough","swordsdance","suckerpunch"],"nature":"Jolly","evs":{"hp":0,"atk":252,"def":0,"spa":0,"spd":4,"spe":252},"ivs":{"hp":31,"atk":31,"def":31,"spa":31,"spd":31,"spe":31}}],"p2team":[{"name":"HardRed","species":"scizor","item":"choiceband","ability":"Technician","moves":["bulletpunch","uturn","aerialace","pursuit"],"nature":"Adamant","evs":{"hp":176,"atk":164,"def":156,"spa":0,"spd":12,"spe":0},"ivs":{"hp":31,"atk":31,"def":31,"spa":31,"spd":31,"spe":31}},{"name":"FluffySexy","species":"volcarona","item":"leftovers","ability":"Flame Body","moves":["fierydance","roost","bugbuzz","quiverdance"],"nature":"Timid","evs":{"hp":56,"atk":0,"def":176,"spa":252,"spd":8,"spe":16},"ivs":{"hp":31,"atk":31,"def":31,"spa":30,"spd":30,"spe":31}},{"name":"SpikyNope","species":"pinsir","item":"pinsirite","ability":"Moxie","moves":["earthquake","stoneedge","frustration","quickattack"],"nature":"Jolly","evs":{"hp":0,"atk":252,"def":0,"spa":0,"spd":4,"spe":252},"happiness":0,"ivs":{"hp":31,"atk":31,"def":31,"spa":31,"spd":31,"spe":31}},{"name":"Heracles","species":"heracross","item":"assaultvest","ability":"Guts","moves":["closecombat","rockslide","knockoff","megahorn"],"nature":"Adamant","evs":{"hp":124,"atk":148,"def":0,"spa":0,"spd":236,"spe":0},"ivs":{"hp":31,"atk":31,"def":31,"spa":31,"spd":31,"spe":31}},{"name":"Forretress","species":"Forretress","item":"custapberry","ability":"Sturdy","moves":["explosion","rapidspin","payback","stealthrock"],"nature":"Adamant","evs":{"hp":180,"atk":224,"def":104,"spa":0,"spd":0,"spe":0},"ivs":{"hp":31,"atk":31,"def":31,"spa":31,"spd":31,"spe":31}},{"name":"Galvantula","species":"Galvantula","item":"focussash","ability":"Compound Eyes","moves":["stickyweb","thunder","thunderwave","bugbuzz"],"nature":"Timid","evs":{"hp":76,"atk":0,"def":0,"spa":176,"spd":4,"spe":252},"ivs":{"hp":31,"atk":31,"def":31,"spa":31,"spd":31,"spe":31}}],"log":["|player|p1|Carnie Red|162","|player|p2|Apex✦Reborn|142","|gametype|singles","|gen|6","|tier|Monotype","|rated","|rule|Baton Pass Clause: Limit one Baton Passer, can't pass Spe and other stats simultaneously","|rule|Swagger Clause: Swagger is banned","|rule|Same Type Clause: Pokémon in a team must share a type","|clearpoke","|poke|p1|Bisharp, F, shiny","|poke|p1|Mandibuzz, F","|poke|p1|Umbreon, M, shiny","|poke|p1|Hoopa-Unbound","|poke|p1|Hydreigon, F","|poke|p1|Absol, M","|poke|p2|Scizor, M","|poke|p2|Volcarona, M","|poke|p2|Pinsir, F","|poke|p2|Heracross, F","|poke|p2|Forretress, F","|poke|p2|Galvantula, M","|rule|Sleep Clause Mod: Limit one foe put to sleep","|rule|Species Clause: Limit one of each Pokémon","|rule|OHKO Clause: OHKO moves are banned","|rule|Moody Clause: Moody is banned","|rule|Evasion Moves Clause: Evasion moves are banned","|rule|Endless Battle Clause: Forcing endless battles is banned","|rule|HP Percentage Mod: HP is shown in percentages","|teampreview","|","|start","|switch|p1a: Absol|Absol, M|271/271","|switch|p2a: Galvantula|Galvantula, M|300/300","|-ability|p1a: Absol|Pressure","|turn|1","|","|detailschange|p1a: Absol|Absol-Mega, M","|-mega|p1a: Absol|Absol|Absolite","|move|p1a: Absol|Sucker Punch|p2a: Galvantula","|-damage|p2a: Galvantula|62/300","|move|p2a: Galvantula|Bug Buzz|p1a: Absol","|-supereffective|p1a: Absol","|-damage|p1a: Absol|0 fnt","|faint|p1a: Absol","|","|","|switch|p1a: Hydreigon|Hydreigon, F|325/325","|turn|2","|","|move|p1a: Hydreigon|Dark Pulse|p2a: Galvantula","|-damage|p2a: Galvantula|0 fnt","|faint|p2a: Galvantula","|","|","|switch|p2a: Forretress|Forretress, F|336/336","|turn|3","|","|switch|p1a: Mandibuzz|Mandibuzz, F|423/423","|move|p2a: Forretress|Stealth Rock|p1a: Mandibuzz","|-sidestart|p1: Carnie Red|move: Stealth Rock","|","|turn|4","|","|switch|p2a: Heracles|Heracross, F|332/332","|move|p1a: Mandibuzz|Defog|p2a: Heracles","|-unboost|p2a: Heracles|evasion|1","|-sideend|p1: Carnie Red|Stealth Rock|[from] move: Defog|[of] p1a: Mandibuzz","|","|turn|5","|","|move|p2a: Heracles|Rock Slide|p1a: Mandibuzz","|-supereffective|p1a: Mandibuzz","|-damage|p1a: Mandibuzz|295/423","|move|p1a: Mandibuzz|Toxic|p2a: Heracles","|-status|p2a: Heracles|tox","|","|-damage|p2a: Heracles|312/332 tox|[from] psn","|turn|6","|","|move|p2a: Heracles|Megahorn|p1a: Mandibuzz","|-damage|p1a: Mandibuzz|67/423","|-damage|p2a: Heracles|257/332 tox|[from] item: Rocky Helmet|[of] p1a: Mandibuzz","|move|p1a: Mandibuzz|Roost|p1a: Mandibuzz","|-heal|p1a: Mandibuzz|279/423","|","|-damage|p2a: Heracles|217/332 tox|[from] psn","|turn|7","|","|move|p2a: Heracles|Rock Slide|p1a: Mandibuzz","|-supereffective|p1a: Mandibuzz","|-damage|p1a: Mandibuzz|109/423","|move|p1a: Mandibuzz|Roost|p1a: Mandibuzz","|-heal|p1a: Mandibuzz|321/423","|","|-damage|p2a: Heracles|157/332 tox|[from] psn","|turn|8","|","|move|p2a: Heracles|Megahorn|p1a: Mandibuzz","|-damage|p1a: Mandibuzz|89/423","|-damage|p2a: Heracles|102/332 tox|[from] item: Rocky Helmet|[of] p1a: Mandibuzz","|move|p1a: Mandibuzz|Roost|p1a: Mandibuzz","|-heal|p1a: Mandibuzz|301/423","|","|-damage|p2a: Heracles|22/332 tox|[from] psn","|turn|9","|","|switch|p2a: Forretress|Forretress, F|336/336","|move|p1a: Mandibuzz|Roost|p1a: Mandibuzz","|-heal|p1a: Mandibuzz|423/423","|","|turn|10","|","|move|p1a: Mandibuzz|Foul Play|p2a: Forretress","|-damage|p2a: Forretress|234/336","|move|p2a: Forretress|Stealth Rock|p1a: Mandibuzz","|-sidestart|p1: Carnie Red|move: Stealth Rock","|","|turn|11","|","|move|p1a: Mandibuzz|Defog|p2a: Forretress","|-unboost|p2a: Forretress|evasion|1","|-sideend|p1: Carnie Red|Stealth Rock|[from] move: Defog|[of] p1a: Mandibuzz","|move|p2a: Forretress|Payback|p1a: Mandibuzz","|-resisted|p1a: Mandibuzz","|-damage|p1a: Mandibuzz|387/423","|-damage|p2a: Forretress|178/336|[from] item: Rocky Helmet|[of] p1a: Mandibuzz","|","|turn|12","|","|move|p1a: Mandibuzz|Foul Play|p2a: Forretress","|-damage|p2a: Forretress|79/336","|move|p2a: Forretress|Stealth Rock|p1a: Mandibuzz","|-sidestart|p1: Carnie Red|move: Stealth Rock","|","|turn|13","|-enditem|p2a: Forretress|Custap Berry|[eat]","|-activate|p2a: Forretress|Custap Berry","|","|move|p2a: Forretress|Explosion|p1a: Mandibuzz","|-damage|p1a: Mandibuzz|208/423","|faint|p2a: Forretress","|move|p1a: Mandibuzz|Defog|p2: Forretress|[notarget]","|-notarget","|","|","|switch|p2a: Heracles|Heracross, F|22/332 tox","|turn|14","|","|move|p2a: Heracles|Megahorn|p1a: Mandibuzz","|-damage|p1a: Mandibuzz|4/423","|-damage|p2a: Heracles|0 fnt|[from] item: Rocky Helmet|[of] p1a: Mandibuzz","|faint|p2a: Heracles","|move|p1a: Mandibuzz|Roost|p1a: Mandibuzz","|-heal|p1a: Mandibuzz|216/423","|","|","|switch|p2a: SpikyNope|Pinsir, F|271/271","|turn|15","|","|move|p2a: SpikyNope|Stone Edge|p1a: Mandibuzz","|-supereffective|p1a: Mandibuzz","|-damage|p1a: Mandibuzz|40/423","|move|p1a: Mandibuzz|Foul Play|p2a: SpikyNope","|-damage|p2a: SpikyNope|94/271","|","|turn|16","|","|move|p2a: SpikyNope|Frustration|p1a: Mandibuzz","|-damage|p1a: Mandibuzz|0 fnt","|-damage|p2a: SpikyNope|49/271|[from] item: Rocky Helmet|[of] p1a: Mandibuzz","|faint|p1a: Mandibuzz","|-boost|p2a: SpikyNope|atk|1|[from] ability: Moxie","|","|","|switch|p1a: Hydreigon|Hydreigon, F|325/325","|-damage|p1a: Hydreigon|285/325|[from] Stealth Rock","|turn|17","|","|detailschange|p2a: SpikyNope|Pinsir-Mega, F","|-mega|p2a: SpikyNope|Pinsir|Pinsirite","|move|p2a: SpikyNope|Quick Attack|p1a: Hydreigon","|-damage|p1a: Hydreigon|98/325","|move|p1a: Hydreigon|Dark Pulse|p2a: SpikyNope","|-damage|p2a: SpikyNope|0 fnt","|faint|p2a: SpikyNope","|","|","|switch|p2a: HardRed|Scizor, M|325/325","|turn|18","|","|move|p2a: HardRed|Bullet Punch|p1a: Hydreigon","|-damage|p1a: Hydreigon|0 fnt","|faint|p1a: Hydreigon","|","|","|switch|p1a: Bisharp|Bisharp, F, shiny|271/271","|-damage|p1a: Bisharp|255/271|[from] Stealth Rock","|turn|19","|","|switch|p2a: FluffySexy|Volcarona, M|325/325","|move|p1a: Bisharp|Knock Off|p2a: FluffySexy","|-damage|p2a: FluffySexy|68/325","|-enditem|p2a: FluffySexy|Leftovers|[from] move: Knock Off|[of] p1a: Bisharp","|-damage|p1a: Bisharp|228/271|[from] item: Life Orb","|","|turn|20","|","|move|p2a: FluffySexy|Roost|p2a: FluffySexy","|-heal|p2a: FluffySexy|231/325","|move|p1a: Bisharp|Knock Off|p2a: FluffySexy","|-damage|p2a: FluffySexy|75/325","|-damage|p1a: Bisharp|201/271|[from] item: Life Orb","|","|turn|21","|","|move|p2a: FluffySexy|Fiery Dance|p1a: Bisharp","|-supereffective|p1a: Bisharp","|-damage|p1a: Bisharp|0 fnt","|-boost|p2a: FluffySexy|spa|1","|faint|p1a: Bisharp","|","|","|switch|p1a: Hoopa-Unbound|Hoopa-Unbound|363/363","|-damage|p1a: Hoopa-Unbound|318/363|[from] Stealth Rock","|turn|22","|","|switch|p2a: HardRed|Scizor, M|325/325","|move|p1a: Hoopa-Unbound|Hyperspace Fury|p2a: HardRed","|-damage|p2a: HardRed|136/325","|-unboost|p1a: Hoopa-Unbound|def|1","|","|turn|23","|","|switch|p1a: Umbreon|Umbreon, M, shiny|394/394","|-damage|p1a: Umbreon|345/394|[from] Stealth Rock","|move|p2a: HardRed|Bullet Punch|p1a: Umbreon","|-damage|p1a: Umbreon|192/394","|","|-heal|p1a: Umbreon|216/394|[from] item: Leftovers","|turn|24","|","|move|p2a: HardRed|Bullet Punch|p1a: Umbreon","|-crit|p1a: Umbreon","|-damage|p1a: Umbreon|2/394","|move|p1a: Umbreon|Foul Play|p2a: HardRed","|-damage|p2a: HardRed|0 fnt","|faint|p2a: HardRed","|","|-heal|p1a: Umbreon|26/394|[from] item: Leftovers","|","|switch|p2a: FluffySexy|Volcarona, M|75/325","|turn|25","|","|move|p2a: FluffySexy|Roost|p2a: FluffySexy","|-heal|p2a: FluffySexy|238/325","|move|p1a: Umbreon|Toxic|p2a: FluffySexy","|-status|p2a: FluffySexy|tox","|","|-heal|p1a: Umbreon|50/394|[from] item: Leftovers","|-damage|p2a: FluffySexy|218/325 tox|[from] psn","|turn|26","|","|move|p1a: Umbreon|Protect|p1a: Umbreon","|-singleturn|p1a: Umbreon|Protect","|move|p2a: FluffySexy|Quiver Dance|p2a: FluffySexy","|-boost|p2a: FluffySexy|spa|1","|-boost|p2a: FluffySexy|spd|1","|-boost|p2a: FluffySexy|spe|1","|","|-heal|p1a: Umbreon|74/394|[from] item: Leftovers","|-damage|p2a: FluffySexy|178/325 tox|[from] psn","|turn|27","|","|move|p1a: Umbreon|Protect|p1a: Umbreon","|-fail|p1a: Umbreon","|move|p2a: FluffySexy|Bug Buzz|p1a: Umbreon","|-supereffective|p1a: Umbreon","|-damage|p1a: Umbreon|0 fnt","|faint|p1a: Umbreon","|","|-damage|p2a: FluffySexy|118/325 tox|[from] psn","|","|switch|p1a: Hoopa-Unbound|Hoopa-Unbound|318/363","|-damage|p1a: Hoopa-Unbound|273/363|[from] Stealth Rock","|turn|28","|","|move|p2a: FluffySexy|Bug Buzz|p1a: Hoopa-Unbound","|-crit|p1a: Hoopa-Unbound","|-supereffective|p1a: Hoopa-Unbound","|-damage|p1a: Hoopa-Unbound|0 fnt","|faint|p1a: Hoopa-Unbound","|","|win|Apex✦Reborn"],"p1rating":{"entryid":"272068","serverid":"eos","formatid":"monotype","userid":"carniered","username":"Carnie Red","w":"23","l":7,"t":"0","gxe":68.3,"r":"1656.8022291326","rd":"63.904415608736","sigma":"0","rptime":"1440752400","rpr":1646.9195144044,"rprd":62.389603607248,"rpsigma":"0","acre":1261.4307610235,"lacre":1261.4307610235,"oldacre":"1297.2252200174"},"p2rating":{"entryid":"473409","serverid":"eos","formatid":"monotype","userid":"apexreborn","username":"Apex✦Reborn","w":9,"l":"11","t":"0","gxe":48.9,"r":"1470.5696194092","rd":"72.552584918189","sigma":"0","rptime":"1440752400","rpr":1491.8863227557,"rprd":71.413288957712,"rpsigma":"0","acre":1172.4764691485,"lacre":1172.4764691485,"oldacre":"1136.6820101546"},"endType":"normal"}