{"seed":[60985,6204,5416,8938],"turns":17,"p1":"GL♅QueBien","p2":"Crystal Giigan","p1team":[{"name":"Volcarona","species":"Volcarona","item":"keeberry","ability":"Swarm","moves":["fierydance","hiddenpowerground","quiverdance","bugbuzz"],"nature":"Bold","evs":{"hp":20,"atk":0,"def":236,"spa":0,"spd":0,"spe":252},"ivs":{"hp":31,"atk":31,"def":31,"spa":30,"spd":30,"spe":31},"shiny":true},{"name":"Pinsir","species":"Pinsir","item":"pinsirite","ability":"Moxie","moves":["swordsdance","return","earthquake","feint"],"nature":"Jolly","evs":{"hp":4,"atk":252,"def":0,"spa":0,"spd":0,"spe":252},"shiny":true,"ivs":{"hp":31,"atk":31,"def":31,"spa":31,"spd":31,"spe":31}},{"name":"Yanmega","species":"Yanmega","item":"focussash","ability":"Speed Boost","moves":["ancientpower","hiddenpowerfire","airslash","bugbuzz"],"nature":"Modest","evs":{"hp":0,"atk":0,"def":0,"spa":252,"spd":4,"spe":252},"ivs":{"hp":31,"atk":30,"def":31,"spa":30,"spd":31,"spe":30},"shiny":true},{"name":"Scizor","species":"Scizor","item":"choiceband","ability":"Technician","moves":["bulletpunch","uturn","aerialace","superpower"],"nature":"Adamant","evs":{"hp":248,"atk":252,"def":0,"spa":0,"spd":8,"spe":0},"shiny":true,"ivs":{"hp":31,"atk":31,"def":31,"spa":31,"spd":31,"spe":31}},{"name":"Galvantula","species":"Galvantula","item":"focussash","ability":"Compound Eyes","moves":["stickyweb","thunder","bugbuzz","energyball"],"nature":"Timid","evs":{"hp":0,"atk":0,"def":0,"spa":252,"spd":4,"spe":252},"shiny":true,"ivs":{"hp":31,"atk":31,"def":31,"spa":31,"spd":31,"spe":31}},{"name":"Forretress","species":"Forretress","item":"custapberry","ability":"Sturdy","moves":["stealthrock","counter","rapidspin","explosion"],"nature":"Brave","evs":{"hp":252,"atk":252,"def":4,"spa":0,"spd":0,"spe":0},"ivs":{"hp":31,"atk":31,"def":31,"spa":31,"spd":31,"spe":0},"shiny":true}],"p2team":[{"name":"Valtyra","species":"celebi","item":"leftovers","ability":"Natural Cure","moves":["gigadrain","recover","psychic","nastyplot"],"nature":"Modest","evs":{"hp":220,"atk":0,"def":0,"spa":252,"spd":0,"spe":36},"ivs":{"hp":31,"atk":31,"def":31,"spa":31,"spd":31,"spe":31}},{"name":"Kalin","species":"breloom","item":"focussash","ability":"Technician","moves":["bulletseed","spore","machpunch","swordsdance"],"nature":"Jolly","evs":{"hp":0,"atk":252,"def":0,"spa":0,"spd":4,"spe":252},"gender":"M","shiny":true,"ivs":{"hp":31,"atk":31,"def":31,"spa":31,"spd":31,"spe":31}},{"name":"Kyur","species":"ferrothorn","item":"rockyhelmet","ability":"Iron Barbs","moves":["leechseed","stealthrock","knockoff","gyroball"],"nature":"Relaxed","evs":{"hp":248,"atk":8,"def":252,"spa":0,"spd":0,"spe":0},"gender":"M","ivs":{"hp":31,"atk":31,"def":31,"spa":31,"spd":31,"spe":0},"shiny":true},{"name":"Regal","species":"serperior","item":"choicespecs","ability":"Contrary","moves":["leafstorm","dragonpulse","energyball","hiddenpowerground"],"nature":"Timid","evs":{"hp":0,"atk":0,"def":0,"spa":252,"spd":4,"spe":252},"gender":"M","ivs":{"hp":31,"atk":31,"def":31,"spa":30,"spd":30,"spe":31},"shiny":true},{"name":"Landon","species":"trevenant","item":"sitrusberry","ability":"Harvest","moves":["shadowclaw","willowisp","woodhammer","leechseed"],"nature":"Careful","evs":{"hp":248,"atk":252,"def":0,"spa":0,"spd":8,"spe":0},"gender":"M","shiny":true,"ivs":{"hp":31,"atk":31,"def":31,"spa":31,"spd":31,"spe":31}},{"name":"Yggdrasil","species":"venusaur","item":"venusaurite","ability":"Overgrow","moves":["gigadrain","earthquake","sludgebomb","synthesis"],"nature":"Mild","evs":{"hp":248,"atk":8,"def":0,"spa":252,"spd":0,"spe":0},"shiny":true,"ivs":{"hp":31,"atk":31,"def":31,"spa":31,"spd":31,"spe":31}}],"log":["|player|p1|GL♅QueBien|glquebien.png","|player|p2|Crystal Giigan|crystalgiigan.png","|gametype|singles","|gen|6","|tier|Monotype","|rated","|rule|Baton Pass Clause: Limit one Baton Passer, can't pass Spe and other stats simultaneously","|rule|Swagger Clause: Swagger is banned","|rule|Same Type Clause: Pokémon in a team must share a type","|clearpoke","|poke|p1|Volcarona, M, shiny","|poke|p1|Pinsir, F, shiny","|poke|p1|Yanmega, M, shiny","|poke|p1|Scizor, F, shiny","|poke|p1|Galvantula, F, shiny","|poke|p1|Forretress, F, shiny","|poke|p2|Celebi","|poke|p2|Breloom, M, shiny","|poke|p2|Ferrothorn, M, shiny","|poke|p2|Serperior, M, shiny","|poke|p2|Trevenant, M, shiny","|poke|p2|Venusaur, M, shiny","|rule|Sleep Clause Mod: Limit one foe put to sleep","|rule|Species Clause: Limit one of each Pokémon","|rule|OHKO Clause: OHKO moves are banned","|rule|Moody Clause: Moody is banned","|rule|Evasion Moves Clause: Evasion moves are banned","|rule|Endless Battle Clause: Forcing endless battles is banned","|rule|HP Percentage Mod: HP is shown in percentages","|teampreview","|","|start","|switch|p1a: Galvantula|Galvantula, F, shiny|281/281","|switch|p2a: Kyur|Ferrothorn, M, shiny|351/351","|turn|1","|","|move|p1a: Galvantula|Sticky Web|p2a: Kyur","|-sidestart|p2: Crystal Giigan|move: Sticky Web","|move|p2a: Kyur|Stealth Rock|p1a: Galvantula","|-sidestart|p1: GL♅QueBien|move: Stealth Rock","|","|turn|2","|","|move|p1a: Galvantula|Bug Buzz|p2a: Kyur","|-damage|p2a: Kyur|240/351","|move|p2a: Kyur|Knock Off|p1a: Galvantula","|-damage|p1a: Galvantula|176/281","|-enditem|p1a: Galvantula|Focus Sash|[from] move: Knock Off|[of] p2a: Kyur","|","|turn|3","|","|switch|p1a: Forretress|Forretress, F, shiny|354/354","|-damage|p1a: Forretress|310/354|[from] Stealth Rock","|move|p2a: Kyur|Leech Seed|p1a: Forretress","|-start|p1a: Forretress|move: Leech Seed","|","|-damage|p1a: Forretress|266/354|[from] Leech Seed|[of] p2a: Kyur","|-heal|p2a: Kyur|284/351|[silent]","|turn|4","|","|move|p1a: Forretress|Stealth Rock|p2a: Kyur","|-sidestart|p2: Crystal Giigan|move: Stealth Rock","|move|p2a: Kyur|Stealth Rock|p1a: Forretress","|-fail|p1a: Forretress","|","|-damage|p1a: Forretress|222/354|[from] Leech Seed|[of] p2a: Kyur","|-heal|p2a: Kyur|328/351|[silent]","|turn|5","|","|switch|p1a: Scizor|Scizor, F, shiny|343/343","|-damage|p1a: Scizor|301/343|[from] Stealth Rock","|move|p2a: Kyur|Knock Off|p1a: Scizor","|-damage|p1a: Scizor|222/343","|-enditem|p1a: Scizor|Choice Band|[from] move: Knock Off|[of] p2a: Kyur","|","|turn|6","|","|move|p1a: Scizor|Superpower|p2a: Kyur","|-supereffective|p2a: Kyur","|-damage|p2a: Kyur|144/351","|-damage|p1a: Scizor|180/343|[from] ability: Iron Barbs|[of] p2a: Kyur","|-damage|p1a: Scizor|123/343|[from] item: Rocky Helmet|[of] p2a: Kyur","|-unboost|p1a: Scizor|atk|1","|-unboost|p1a: Scizor|def|1","|move|p2a: Kyur|Leech Seed|p1a: Scizor","|-start|p1a: Scizor|move: Leech Seed","|","|-damage|p1a: Scizor|81/343|[from] Leech Seed|[of] p2a: Kyur","|-heal|p2a: Kyur|186/351|[silent]","|turn|7","|","|switch|p1a: Yanmega|Yanmega, M, shiny|313/313","|-damage|p1a: Yanmega|157/313|[from] Stealth Rock","|move|p2a: Kyur|Gyro Ball|p1a: Yanmega","|-damage|p1a: Yanmega|0 fnt","|faint|p1a: Yanmega","|","|","|switch|p1a: Pinsir|Pinsir, F, shiny|272/272","|-damage|p1a: Pinsir|204/272|[from] Stealth Rock","|turn|8","|","|detailschange|p1a: Pinsir|Pinsir-Mega, F, shiny","|-mega|p1a: Pinsir|Pinsir|Pinsirite","|move|p1a: Pinsir|Return|p2a: Kyur","|-damage|p2a: Kyur|27/351","|-damage|p1a: Pinsir|170/272|[from] ability: Iron Barbs|[of] p2a: Kyur","|-damage|p1a: Pinsir|125/272|[from] item: Rocky Helmet|[of] p2a: Kyur","|move|p2a: Kyur|Gyro Ball|p1a: Pinsir","|-damage|p1a: Pinsir|0 fnt","|faint|p1a: Pinsir","|","|","|switch|p1a: Galvantula|Galvantula, F, shiny|176/281","|-damage|p1a: Galvantula|106/281|[from] Stealth Rock","|turn|9","|","|move|p1a: Galvantula|Bug Buzz|p2a: Kyur","|-damage|p2a: Kyur|0 fnt","|faint|p2a: Kyur","|","|","|switch|p2a: Landon|Trevenant, M, shiny|373/373","|-damage|p2a: Landon|327/373|[from] Stealth Rock","|-activate|p2a: Landon|move: Sticky Web","|-unboost|p2a: Landon|spe|1","|turn|10","|","|move|p1a: Galvantula|Bug Buzz|p2a: Landon","|-damage|p2a: Landon|186/373","|-enditem|p2a: Landon|Sitrus Berry|[eat]","|-heal|p2a: Landon|279/373|[from] item: Sitrus Berry","|move|p2a: Landon|Leech Seed|p1a: Galvantula","|-start|p1a: Galvantula|move: Leech Seed","|","|-damage|p1a: Galvantula|71/281|[from] Leech Seed|[of] p2a: Landon","|-heal|p2a: Landon|314/373|[silent]","|-item|p2a: Landon|Sitrus Berry|[from] ability: Harvest","|turn|11","|","|switch|p1a: Scizor|Scizor, F, shiny|81/343","|-damage|p1a: Scizor|39/343|[from] Stealth Rock","|move|p2a: Landon|Shadow Claw|p1a: Scizor","|-damage|p1a: Scizor|0 fnt","|faint|p1a: Scizor","|","|","|switch|p1a: Volcarona|Volcarona, M, shiny|316/316","|-damage|p1a: Volcarona|158/316|[from] Stealth Rock","|turn|12","|","|move|p1a: Volcarona|Quiver Dance|p1a: Volcarona","|-boost|p1a: Volcarona|spa|1","|-boost|p1a: Volcarona|spd|1","|-boost|p1a: Volcarona|spe|1","|move|p2a: Landon|Leech Seed|p1a: Volcarona","|-start|p1a: Volcarona|move: Leech Seed","|","|-damage|p1a: Volcarona|119/316|[from] Leech Seed|[of] p2a: Landon","|-heal|p2a: Landon|353/373|[silent]","|turn|13","|","|move|p1a: Volcarona|Fiery Dance|p2a: Landon","|-supereffective|p2a: Landon","|-damage|p2a: Landon|0 fnt","|-boost|p1a: Volcarona|spa|1","|faint|p2a: Landon","|","|","|switch|p2a: Kalin|Breloom, M, shiny|261/261","|-activate|p2a: Kalin|move: Sticky Web","|-unboost|p2a: Kalin|spe|1","|-damage|p2a: Kalin|245/261|[from] Stealth Rock","|turn|14","|","|move|p2a: Kalin|Mach Punch|p1a: Volcarona","|-resisted|p1a: Volcarona","|-damage|p1a: Volcarona|63/316","|-enditem|p1a: Volcarona|Kee Berry|[eat]","|-boost|p1a: Volcarona|def|1|[from] item: Kee Berry","|move|p1a: Volcarona|Fiery Dance|p2a: Kalin","|-crit|p2a: Kalin","|-supereffective|p2a: Kalin","|-damage|p2a: Kalin|0 fnt","|-boost|p1a: Volcarona|spa|1","|faint|p2a: Kalin","|","|","|switch|p2a: Regal|Serperior, M, shiny|291/291","|-activate|p2a: Regal|move: Sticky Web","|-boost|p2a: Regal|spe|1","|-damage|p2a: Regal|255/291|[from] Stealth Rock","|turn|15","|","|move|p2a: Regal|Leaf Storm|p1a: Volcarona","|-resisted|p1a: Volcarona","|-damage|p1a: Volcarona|24/316","|-boost|p2a: Regal|spa|2","|move|p1a: Volcarona|Bug Buzz|p2a: Regal","|-supereffective|p2a: Regal","|-damage|p2a: Regal|0 fnt","|faint|p2a: Regal","|","|","|switch|p2a: Yggdrasil|Venusaur, M, shiny|363/363","|-damage|p2a: Yggdrasil|318/363|[from] Stealth Rock","|-activate|p2a: Yggdrasil|move: Sticky Web","|-unboost|p2a: Yggdrasil|spe|1","|turn|16","|","|detailschange|p2a: Yggdrasil|Venusaur-Mega, M, shiny","|-mega|p2a: Yggdrasil|Venusaur|Venusaurite","|move|p1a: Volcarona|Bug Buzz|p2a: Yggdrasil","|-damage|p2a: Yggdrasil|0 fnt","|faint|p2a: Yggdrasil","|","|","|switch|p2a: Valtyra|Celebi|396/396","|-damage|p2a: Valtyra|347/396|[from] Stealth Rock","|-activate|p2a: Valtyra|move: Sticky Web","|-unboost|p2a: Valtyra|spe|1","|turn|17","|","|move|p1a: Volcarona|Bug Buzz|p2a: Valtyra","|-crit|p2a: Valtyra","|-supereffective|p2a: Valtyra","|-damage|p2a: Valtyra|0 fnt","|faint|p2a: Valtyra","|","|win|GL♅QueBien"],"p1rating":{"entryid":595852,"formatid":"monotype","userid":"glquebien","username":"GL♅QueBien","r":1500,"rd":130,"sigma":0,"rpr":1545.077498975,"rprd":122.20786868385,"rpsigma":0,"rptime":1440752400,"w":1,"l":0,"t":0,"gxe":55.6,"acre":1054.6636251877,"lacre":1054.6636251877,"oldacre":1000},"p2rating":{"entryid":"80850","serverid":"eos","formatid":"monotype","userid":"crystalgiigan","username":"Crystal Giigan","w":"9","l":9,"t":"0","gxe":51.6,"r":"1528.0494320693","rd":"75.502924178123","sigma":"0","rptime":"1440752400","rpr":1512.3807131635,"rprd":74.032001581524,"rpsigma":"0","acre":1099.4168161666,"lacre":1099.4168161666,"oldacre":"1133.5815819089"},"endType":"normal"}