{"seed":[53597,16366,30094,65185],"turns":21,"p1":"Vin Prof Gortex","p2":"Prince♕Onii-Chan","p1team":[{"name":"Azumarill","species":"Azumarill","item":"leftovers","ability":"Sap Sipper","moves":["substitute","focuspunch","aquajet","playrough"],"nature":"Adamant","evs":{"hp":248,"atk":252,"def":0,"spa":0,"spd":8,"spe":0},"ivs":{"hp":31,"atk":31,"def":31,"spa":31,"spd":31,"spe":31}},{"name":"Quagsire","species":"Quagsire","item":"rockyhelmet","ability":"Unaware","moves":["recover","haze","toxic","scald"],"nature":"Bold","evs":{"hp":232,"atk":0,"def":252,"spa":0,"spd":24,"spe":0},"ivs":{"hp":31,"atk":31,"def":31,"spa":31,"spd":31,"spe":31}},{"name":"Lanturn","species":"Lanturn","item":"leftovers","ability":"Volt Absorb","moves":["dazzlinggleam","discharge","healbell","toxic"],"nature":"Calm","evs":{"hp":252,"atk":0,"def":0,"spa":4,"spd":252,"spe":0},"ivs":{"hp":31,"atk":31,"def":31,"spa":31,"spd":31,"spe":31}},{"name":"Gyarados","species":"Gyarados","item":"gyaradosite","ability":"Intimidate","moves":["crunch","icefang","dragondance","earthquake"],"nature":"Adamant","evs":{"hp":128,"atk":252,"def":0,"spa":0,"spd":0,"spe":128},"ivs":{"hp":31,"atk":31,"def":31,"spa":31,"spd":31,"spe":31}},{"name":"Keldeo","species":"Keldeo","item":"leftovers","ability":"Justified","moves":["calmmind","scald","secretsword","substitute"],"nature":"Timid","evs":{"hp":0,"atk":0,"def":0,"spa":252,"spd":4,"spe":252},"ivs":{"hp":31,"atk":31,"def":31,"spa":31,"spd":31,"spe":31}},{"name":"Slowbro","species":"Slowbro","item":"assaultvest","ability":"Regenerator","moves":["scald","psyshock","fireblast","icebeam"],"nature":"Bold","evs":{"hp":240,"atk":0,"def":128,"spa":124,"spd":16,"spe":0},"ivs":{"hp":31,"atk":31,"def":31,"spa":31,"spd":31,"spe":31}}],"p2team":[{"name":"Galvantula","species":"Galvantula","item":"focussash","ability":"Compound Eyes","moves":["thunder","stickyweb","gigadrain","hiddenpowerice"],"nature":"Timid","evs":{"hp":0,"atk":0,"def":0,"spa":252,"spd":4,"spe":252},"ivs":{"hp":31,"atk":30,"def":30,"spa":31,"spd":31,"spe":31}},{"name":"Volcarona","species":"Volcarona","item":"leftovers","ability":"Flame Body","moves":["quiverdance","fierydance","bugbuzz","hiddenpowerground"],"nature":"Modest","evs":{"hp":0,"atk":0,"def":0,"spa":252,"spd":4,"spe":252},"ivs":{"hp":31,"atk":31,"def":31,"spa":30,"spd":30,"spe":31}},{"name":"Scizor","species":"Scizor","item":"leftovers","ability":"Technician","moves":["bulletpunch","metalclaw","thief","bugbite"],"nature":"Adamant","evs":{"hp":252,"atk":252,"def":0,"spa":0,"spd":4,"spe":0},"ivs":{"hp":31,"atk":31,"def":31,"spa":31,"spd":31,"spe":31}},{"name":"Heracross","species":"Heracross","item":"choicescarf","ability":"Moxie","moves":["rockslide","bulletseed","megahorn","closecombat"],"nature":"Jolly","evs":{"hp":4,"atk":252,"def":0,"spa":0,"spd":0,"spe":252},"ivs":{"hp":31,"atk":31,"def":31,"spa":31,"spd":31,"spe":31}},{"name":"Pinsir","species":"Pinsir","item":"pinsirite","ability":"Moxie","moves":["quickattack","return","swordsdance","earthquake"],"nature":"Adamant","evs":{"hp":252,"atk":252,"def":0,"spa":0,"spd":4,"spe":0},"ivs":{"hp":31,"atk":31,"def":31,"spa":31,"spd":31,"spe":31}},{"name":"Armaldo","species":"Armaldo","item":"leftovers","ability":"Battle Armor","moves":["knockoff","rockblast","stealthrock","rapidspin"],"nature":"Adamant","evs":{"hp":252,"atk":252,"def":0,"spa":0,"spd":4,"spe":0},"ivs":{"hp":31,"atk":30,"def":30,"spa":31,"spd":31,"spe":31}}],"log":["|player|p1|Vin Prof Gortex|102","|player|p2|Prince♕Onii-Chan|10","|gametype|singles","|gen|6","|tier|Monotype","|rated","|rule|Baton Pass Clause: Limit one Baton Passer, can't pass Spe and other stats simultaneously","|rule|Swagger Clause: Swagger is banned","|rule|Same Type Clause: Pokémon in a team must share a type","|clearpoke","|poke|p1|Azumarill, M","|poke|p1|Quagsire, F","|poke|p1|Lanturn, M","|poke|p1|Gyarados, M","|poke|p1|Keldeo","|poke|p1|Slowbro, M","|poke|p2|Galvantula, M","|poke|p2|Volcarona, F","|poke|p2|Scizor, M","|poke|p2|Heracross, F","|poke|p2|Pinsir, M","|poke|p2|Armaldo, M","|rule|Sleep Clause Mod: Limit one foe put to sleep","|rule|Species Clause: Limit one of each Pokémon","|rule|OHKO Clause: OHKO moves are banned","|rule|Moody Clause: Moody is banned","|rule|Evasion Moves Clause: Evasion moves are banned","|rule|Endless Battle Clause: Forcing endless battles is banned","|rule|HP Percentage Mod: HP is shown in percentages","|teampreview","|","|start","|switch|p1a: Gyarados|Gyarados, M|363/363","|switch|p2a: Armaldo|Armaldo, M|354/354","|-ability|p1a: Gyarados|Intimidate","|-unboost|p2a: Armaldo|atk|1","|turn|1","|","|detailschange|p1a: Gyarados|Gyarados-Mega, M","|-mega|p1a: Gyarados|Gyarados|Gyaradosite","|-ability|p1a: Gyarados|Mold Breaker","|move|p1a: Gyarados|Dragon Dance|p1a: Gyarados","|-boost|p1a: Gyarados|atk|1","|-boost|p1a: Gyarados|spe|1","|move|p2a: Armaldo|Rock Blast|p1a: Gyarados","|-damage|p1a: Gyarados|329/363","|-damage|p1a: Gyarados|296/363","|-damage|p1a: Gyarados|266/363","|-damage|p1a: Gyarados|232/363","|-damage|p1a: Gyarados|199/363","|-hitcount|p1a: Gyarados|5","|","|turn|2","|","|move|p1a: Gyarados|Crunch|p2a: Armaldo","|-damage|p2a: Armaldo|78/354","|move|p2a: Armaldo|Stealth Rock|p1a: Gyarados","|-sidestart|p1: Vin Prof Gortex|move: Stealth Rock","|","|-heal|p2a: Armaldo|100/354|[from] item: Leftovers","|turn|3","|","|move|p1a: Gyarados|Crunch|p2a: Armaldo","|-damage|p2a: Armaldo|0 fnt","|faint|p2a: Armaldo","|","|","|switch|p2a: Galvantula|Galvantula, M|281/281","|turn|4","|","|switch|p1a: Lanturn|Lanturn, M|454/454","|-damage|p1a: Lanturn|398/454|[from] Stealth Rock","|move|p2a: Galvantula|Sticky Web|p1a: Lanturn","|-sidestart|p1: Vin Prof Gortex|move: Sticky Web","|","|-heal|p1a: Lanturn|426/454|[from] item: Leftovers","|turn|5","|","|move|p2a: Galvantula|Giga Drain|p1a: Lanturn","|-supereffective|p1a: Lanturn","|-damage|p1a: Lanturn|298/454","|move|p1a: Lanturn|Toxic|p2a: Galvantula","|-status|p2a: Galvantula|tox","|","|-heal|p1a: Lanturn|326/454|[from] item: Leftovers","|-damage|p2a: Galvantula|264/281 tox|[from] psn","|turn|6","|","|switch|p1a: Azumarill|Azumarill, M|403/403","|-activate|p1a: Azumarill|move: Sticky Web","|-unboost|p1a: Azumarill|spe|1","|-damage|p1a: Azumarill|353/403|[from] Stealth Rock","|move|p2a: Galvantula|Giga Drain|p1a: Azumarill","|-boost|p1a: Azumarill|atk|1|[from] ability: Sap Sipper","|","|-heal|p1a: Azumarill|378/403|[from] item: Leftovers","|-damage|p2a: Galvantula|230/281 tox|[from] psn","|turn|7","|","|move|p2a: Galvantula|Hidden Power|p1a: Azumarill","|-resisted|p1a: Azumarill","|-damage|p1a: Azumarill|342/403","|move|p1a: Azumarill|Substitute|p1a: Azumarill","|-start|p1a: Azumarill|Substitute","|-damage|p1a: Azumarill|242/403","|","|-heal|p1a: Azumarill|267/403|[from] item: Leftovers","|-damage|p2a: Galvantula|179/281 tox|[from] psn","|turn|8","|","|-singleturn|p1a: Azumarill|move: Focus Punch","|move|p2a: Galvantula|Thunder|p1a: Azumarill","|-supereffective|p1a: Azumarill","|-end|p1a: Azumarill|Substitute","|move|p1a: Azumarill|Focus Punch|p2a: Galvantula","|-resisted|p2a: Galvantula","|-damage|p2a: Galvantula|47/281 tox","|","|-heal|p1a: Azumarill|292/403|[from] item: Leftovers","|-damage|p2a: Galvantula|0 fnt|[from] psn","|faint|p2a: Galvantula","|","|switch|p2a: Pinsir|Pinsir, M|334/334","|turn|9","|","|detailschange|p2a: Pinsir|Pinsir-Mega, M","|-mega|p2a: Pinsir|Pinsir|Pinsirite","|move|p2a: Pinsir|Return|p1a: Azumarill","|-damage|p1a: Azumarill|0 fnt","|faint|p1a: Azumarill","|","|","|switch|p1a: Slowbro|Slowbro, M|391/391","|-damage|p1a: Slowbro|343/391|[from] Stealth Rock","|-activate|p1a: Slowbro|move: Sticky Web","|-unboost|p1a: Slowbro|spe|1","|turn|10","|","|move|p2a: Pinsir|Swords Dance|p2a: Pinsir","|-boost|p2a: Pinsir|atk|2","|move|p1a: Slowbro|Scald|p2a: Pinsir","|-damage|p2a: Pinsir|222/334","|","|turn|11","|","|move|p2a: Pinsir|Return|p1a: Slowbro","|-damage|p1a: Slowbro|0 fnt","|faint|p1a: Slowbro","|","|","|switch|p1a: Quagsire|Quagsire, F|389/389","|-activate|p1a: Quagsire|move: Sticky Web","|-unboost|p1a: Quagsire|spe|1","|-damage|p1a: Quagsire|365/389|[from] Stealth Rock","|turn|12","|","|switch|p2a: Volcarona|Volcarona, F|311/311","|move|p1a: Quagsire|Scald|p2a: Volcarona","|-supereffective|p2a: Volcarona","|-damage|p2a: Volcarona|183/311","|","|-heal|p2a: Volcarona|202/311|[from] item: Leftovers","|turn|13","|","|move|p2a: Volcarona|Bug Buzz|p1a: Quagsire","|-damage|p1a: Quagsire|103/389","|move|p1a: Quagsire|Toxic|p2a: Volcarona","|-status|p2a: Volcarona|tox","|","|-heal|p2a: Volcarona|221/311 tox|[from] item: Leftovers","|-damage|p2a: Volcarona|202/311 tox|[from] psn","|turn|14","|","|switch|p1a: Gyarados|Gyarados-Mega, M|199/363","|-activate|p1a: Gyarados|move: Sticky Web","|-unboost|p1a: Gyarados|spe|1","|-damage|p1a: Gyarados|154/363|[from] Stealth Rock","|-ability|p1a: Gyarados|Mold Breaker","|move|p2a: Volcarona|Bug Buzz|p1a: Gyarados","|-supereffective|p1a: Gyarados","|-damage|p1a: Gyarados|0 fnt","|faint|p1a: Gyarados","|","|-heal|p2a: Volcarona|221/311 tox|[from] item: Leftovers","|-damage|p2a: Volcarona|183/311 tox|[from] psn","|","|switch|p1a: Lanturn|Lanturn, M|326/454","|-activate|p1a: Lanturn|move: Sticky Web","|-unboost|p1a: Lanturn|spe|1","|-damage|p1a: Lanturn|270/454|[from] Stealth Rock","|turn|15","|","|move|p2a: Volcarona|Bug Buzz|p1a: Lanturn","|-crit|p1a: Lanturn","|-damage|p1a: Lanturn|42/454","|-unboost|p1a: Lanturn|spd|1","|move|p1a: Lanturn|Discharge|p2a: Volcarona","|-damage|p2a: Volcarona|114/311 tox","|","|-heal|p2a: Volcarona|133/311 tox|[from] item: Leftovers","|-heal|p1a: Lanturn|70/454|[from] item: Leftovers","|-damage|p2a: Volcarona|76/311 tox|[from] psn","|turn|16","|","|move|p2a: Volcarona|Bug Buzz|p1a: Lanturn","|-damage|p1a: Lanturn|0 fnt","|faint|p1a: Lanturn","|","|-heal|p2a: Volcarona|95/311 tox|[from] item: Leftovers","|-damage|p2a: Volcarona|19/311 tox|[from] psn","|","|switch|p1a: Keldeo|Keldeo|323/323","|-activate|p1a: Keldeo|move: Sticky Web","|-unboost|p1a: Keldeo|spe|1","|-damage|p1a: Keldeo|303/323|[from] Stealth Rock","|turn|17","|player|p2","|player|p2|Prince♕Onii-Chan|10","|","|move|p2a: Volcarona|Bug Buzz|p1a: Keldeo","|-resisted|p1a: Keldeo","|-damage|p1a: Keldeo|197/323","|move|p1a: Keldeo|Substitute|p1a: Keldeo","|-start|p1a: Keldeo|Substitute","|-damage|p1a: Keldeo|117/323","|","|-heal|p2a: Volcarona|38/311 tox|[from] item: Leftovers","|-heal|p1a: Keldeo|137/323|[from] item: Leftovers","|-damage|p2a: Volcarona|0 fnt|[from] psn","|faint|p2a: Volcarona","|","|switch|p2a: Heracross|Heracross, F|302/302","|turn|18","|","|move|p2a: Heracross|Bullet Seed|p1a: Keldeo","|-supereffective|p1a: Keldeo","|-activate|p1a: Keldeo|Substitute|[damage]","|-supereffective|p1a: Keldeo","|-end|p1a: Keldeo|Substitute","|-hitcount|p1a: Keldeo|2","|move|p1a: Keldeo|Scald|p2a: Heracross","|-damage|p2a: Heracross|146/302","|","|-heal|p1a: Keldeo|157/323|[from] item: Leftovers","|turn|19","|","|move|p2a: Heracross|Bullet Seed|p1a: Keldeo","|-supereffective|p1a: Keldeo","|-damage|p1a: Keldeo|95/323","|-supereffective|p1a: Keldeo","|-damage|p1a: Keldeo|35/323","|-hitcount|p1a: Keldeo|2","|move|p1a: Keldeo|Scald|p2a: Heracross","|-damage|p2a: Heracross|2/302","|-status|p2a: Heracross|brn","|","|-heal|p1a: Keldeo|55/323|[from] item: Leftovers","|-damage|p2a: Heracross|0 fnt|[from] brn","|faint|p2a: Heracross","|","|switch|p2a: Pinsir|Pinsir-Mega, M|222/334","|turn|20","|","|move|p2a: Pinsir|Quick Attack|p1a: Keldeo","|-supereffective|p1a: Keldeo","|-damage|p1a: Keldeo|0 fnt","|faint|p1a: Keldeo","|","|","|switch|p1a: Quagsire|Quagsire, F|103/389","|-damage|p1a: Quagsire|79/389|[from] Stealth Rock","|-activate|p1a: Quagsire|move: Sticky Web","|-unboost|p1a: Quagsire|spe|1","|turn|21","|","|move|p2a: Pinsir|Return|p1a: Quagsire","|-damage|p1a: Quagsire|0 fnt","|-damage|p2a: Pinsir|167/334|[from] item: Rocky Helmet|[of] p1a: Quagsire","|faint|p1a: Quagsire","|","|win|Prince♕Onii-Chan"],"p1rating":{"entryid":"578346","serverid":"eos","formatid":"monotype","userid":"vinprofgortex","username":"Vin Prof Gortex","w":"1","l":1,"t":"0","gxe":50,"r":"1500","rd":"130","sigma":"0","rptime":"1440752400","rpr":1500,"rprd":116.77753930647,"rpsigma":"0","acre":1026.6545771622,"lacre":1026.6545771622,"oldacre":"1045.7177648597"},"p2rating":{"entryid":584565,"formatid":"monotype","userid":"princeoniichan","username":"Prince♕Onii-Chan","r":1500,"rd":130,"sigma":0,"rpr":1540.1606143388,"rprd":122.8583080769,"rpsigma":0,"rptime":1440752400,"w":1,"l":0,"t":0,"gxe":55,"acre":1045.2332823177,"lacre":1045.2332823177,"oldacre":1000},"endType":"normal"}