{"seed":[17010,52530,45176,24238],"turns":18,"p1":"Vin Prof Gortex","p2":"GTX♅Bugy","p1team":[{"name":"Empoleon","species":"Empoleon","item":"leftovers","ability":"Torrent","moves":["stealthrock","defog","icebeam","scald"],"nature":"Calm","evs":{"hp":240,"atk":0,"def":0,"spa":16,"spd":252,"spe":0},"ivs":{"hp":31,"atk":0,"def":31,"spa":31,"spd":31,"spe":31}},{"name":"Quagsire","species":"Quagsire","item":"rockyhelmet","ability":"Unaware","moves":["recover","rockslide","toxic","scald"],"nature":"Bold","evs":{"hp":232,"atk":0,"def":252,"spa":16,"spd":8,"spe":0},"ivs":{"hp":31,"atk":31,"def":31,"spa":31,"spd":31,"spe":31}},{"name":"Lanturn","species":"Lanturn","item":"leftovers","ability":"Volt Absorb","moves":["dazzlinggleam","discharge","healbell","toxic"],"nature":"Calm","evs":{"hp":232,"atk":0,"def":0,"spa":24,"spd":252,"spe":0},"ivs":{"hp":31,"atk":0,"def":31,"spa":31,"spd":31,"spe":31}},{"name":"Gyarados","species":"Gyarados","item":"gyaradosite","ability":"Intimidate","moves":["crunch","icefang","dragondance","earthquake"],"nature":"Adamant","evs":{"hp":128,"atk":252,"def":0,"spa":0,"spd":0,"spe":128},"ivs":{"hp":31,"atk":31,"def":31,"spa":31,"spd":31,"spe":31}},{"name":"Keldeo","species":"Keldeo","item":"leftovers","ability":"Justified","moves":["calmmind","scald","secretsword","substitute"],"nature":"Timid","evs":{"hp":0,"atk":0,"def":0,"spa":252,"spd":4,"spe":252},"ivs":{"hp":31,"atk":0,"def":31,"spa":31,"spd":31,"spe":31}},{"name":"Starmie","species":"Starmie","item":"lifeorb","ability":"Analytic","moves":["icebeam","psyshock","hydropump","signalbeam"],"nature":"Timid","evs":{"hp":0,"atk":0,"def":0,"spa":252,"spd":4,"spe":252},"ivs":{"hp":31,"atk":31,"def":31,"spa":31,"spd":31,"spe":31}}],"p2team":[{"name":"Virizion","species":"Virizion","item":"choicescarf","ability":"Justified","moves":["stoneedge","leafblade","closecombat","zenheadbutt"],"nature":"Jolly","evs":{"hp":4,"atk":252,"def":0,"spa":0,"spd":0,"spe":252},"shiny":true,"ivs":{"hp":31,"atk":31,"def":31,"spa":31,"spd":31,"spe":31}},{"name":"Ferrothorn","species":"Ferrothorn","item":"leftovers","ability":"Iron Barbs","moves":["stealthrock","leechseed","gyroball","protect"],"nature":"Relaxed","evs":{"hp":252,"atk":0,"def":88,"spa":0,"spd":168,"spe":0},"ivs":{"hp":31,"atk":31,"def":31,"spa":31,"spd":31,"spe":0},"shiny":true},{"name":"Serperior","species":"Serperior","item":"lifeorb","ability":"Contrary","moves":["leafstorm","dragonpulse","hiddenpowerfire","gigadrain"],"nature":"Timid","evs":{"hp":0,"atk":0,"def":0,"spa":252,"spd":4,"spe":252},"shiny":true,"ivs":{"atk":30,"spa":30,"spe":30,"hp":31,"def":31,"spd":31}},{"name":"Ludicolo","species":"Ludicolo","item":"lifeorb","ability":"Swift Swim","moves":["hydropump","gigadrain","icebeam","raindance"],"nature":"Modest","evs":{"hp":0,"atk":0,"def":4,"spa":252,"spd":0,"spe":252},"shiny":true,"ivs":{"hp":31,"atk":31,"def":31,"spa":31,"spd":31,"spe":31}},{"name":"Sceptile","species":"Sceptile","item":"sceptilite","ability":"Overgrow","moves":["leafstorm","focusblast","dragonpulse","earthquake"],"nature":"Timid","evs":{"hp":4,"atk":0,"def":0,"spa":252,"spd":0,"spe":252},"shiny":true,"ivs":{"hp":31,"atk":31,"def":31,"spa":31,"spd":31,"spe":31}},{"name":"Cradily","species":"Cradily","item":"leftovers","ability":"Suction Cups","moves":["ancientpower","earthpower","recover","protect"],"nature":"Modest","evs":{"hp":252,"atk":0,"def":0,"spa":252,"spd":4,"spe":0},"ivs":{"hp":31,"atk":31,"def":31,"spa":31,"spd":31,"spe":31}}],"log":["|player|p1|Vin Prof Gortex|102","|player|p2|GTX♅Bugy|170","|gametype|singles","|gen|6","|tier|Monotype","|rated","|rule|Baton Pass Clause: Limit one Baton Passer, can't pass Spe and other stats simultaneously","|rule|Swagger Clause: Swagger is banned","|rule|Same Type Clause: Pokémon in a team must share a type","|clearpoke","|poke|p1|Empoleon, M","|poke|p1|Quagsire, M","|poke|p1|Lanturn, M","|poke|p1|Gyarados, F","|poke|p1|Keldeo","|poke|p1|Starmie","|poke|p2|Virizion, shiny","|poke|p2|Ferrothorn, M, shiny","|poke|p2|Serperior, M, shiny","|poke|p2|Ludicolo, M, shiny","|poke|p2|Sceptile, F, shiny","|poke|p2|Cradily, F","|rule|Sleep Clause Mod: Limit one foe put to sleep","|rule|Species Clause: Limit one of each Pokémon","|rule|OHKO Clause: OHKO moves are banned","|rule|Moody Clause: Moody is banned","|rule|Evasion Moves Clause: Evasion moves are banned","|rule|Endless Battle Clause: Forcing endless battles is banned","|rule|HP Percentage Mod: HP is shown in percentages","|teampreview","|","|start","|switch|p1a: Empoleon|Empoleon, M|369/369","|switch|p2a: Ferrothorn|Ferrothorn, M, shiny|352/352","|turn|1","|","|move|p1a: Empoleon|Stealth Rock|p2a: Ferrothorn","|-sidestart|p2: GTX♅Bugy|move: Stealth Rock","|move|p2a: Ferrothorn|Leech Seed|p1a: Empoleon","|-start|p1a: Empoleon|move: Leech Seed","|","|-damage|p1a: Empoleon|323/369|[from] Leech Seed|[of] p2a: Ferrothorn","|turn|2","|","|switch|p1a: Gyarados|Gyarados, F|363/363","|-ability|p1a: Gyarados|Intimidate","|-unboost|p2a: Ferrothorn|atk|1","|move|p2a: Ferrothorn|Stealth Rock|p1a: Gyarados","|-sidestart|p1: Vin Prof Gortex|move: Stealth Rock","|","|turn|3","|","|move|p1a: Gyarados|Dragon Dance|p1a: Gyarados","|-boost|p1a: Gyarados|atk|1","|-boost|p1a: Gyarados|spe|1","|move|p2a: Ferrothorn|Leech Seed|p1a: Gyarados","|-start|p1a: Gyarados|move: Leech Seed","|","|-damage|p1a: Gyarados|318/363|[from] Leech Seed|[of] p2a: Ferrothorn","|turn|4","|","|move|p1a: Gyarados|Dragon Dance|p1a: Gyarados","|-boost|p1a: Gyarados|atk|1","|-boost|p1a: Gyarados|spe|1","|move|p2a: Ferrothorn|Gyro Ball|p1a: Gyarados","|-resisted|p1a: Gyarados","|-damage|p1a: Gyarados|251/363","|","|-damage|p1a: Gyarados|206/363|[from] Leech Seed|[of] p2a: Ferrothorn","|turn|5","|","|detailschange|p1a: Gyarados|Gyarados-Mega, F","|-mega|p1a: Gyarados|Gyarados|Gyaradosite","|-ability|p1a: Gyarados|Mold Breaker","|move|p1a: Gyarados|Crunch|p2a: Ferrothorn","|-damage|p2a: Ferrothorn|93/352","|-damage|p1a: Gyarados|161/363|[from] ability: Iron Barbs|[of] p2a: Ferrothorn","|move|p2a: Ferrothorn|Gyro Ball|p1a: Gyarados","|-resisted|p1a: Gyarados","|-damage|p1a: Gyarados|107/363","|","|-heal|p2a: Ferrothorn|115/352|[from] item: Leftovers","|-damage|p1a: Gyarados|62/363|[from] Leech Seed|[of] p2a: Ferrothorn","|-heal|p2a: Ferrothorn|160/352|[silent]","|turn|6","|","|move|p2a: Ferrothorn|Protect|p2a: Ferrothorn","|-singleturn|p2a: Ferrothorn|Protect","|move|p1a: Gyarados|Earthquake|p2a: Ferrothorn","|-activate|p2a: Ferrothorn|Protect","|","|-heal|p2a: Ferrothorn|182/352|[from] item: Leftovers","|-damage|p1a: Gyarados|17/363|[from] Leech Seed|[of] p2a: Ferrothorn","|-heal|p2a: Ferrothorn|227/352|[silent]","|turn|7","|","|move|p2a: Ferrothorn|Protect|p2a: Ferrothorn","|-fail|p2a: Ferrothorn","|move|p1a: Gyarados|Crunch|p2a: Ferrothorn","|-damage|p2a: Ferrothorn|0 fnt","|-damage|p1a: Gyarados|0 fnt|[from] ability: Iron Barbs|[of] p2a: Ferrothorn","|faint|p1a: Gyarados","|faint|p2a: Ferrothorn","|","|","|switch|p2a: Ludicolo|Ludicolo, M, shiny|301/301","|switch|p1a: Empoleon|Empoleon, M|323/369","|-damage|p2a: Ludicolo|264/301|[from] Stealth Rock","|-damage|p1a: Empoleon|300/369|[from] Stealth Rock","|turn|8","|","|move|p2a: Ludicolo|Giga Drain|p1a: Empoleon","|-damage|p1a: Empoleon|190/369","|-heal|p2a: Ludicolo|301/301|[from] drain|[of] p1a: Empoleon","|-damage|p2a: Ludicolo|271/301|[from] item: Life Orb","|move|p1a: Empoleon|Defog|p2a: Ludicolo","|-unboost|p2a: Ludicolo|evasion|1","|-sideend|p2: GTX♅Bugy|Stealth Rock|[from] move: Defog|[of] p2a: Ludicolo","|-sideend|p1: Vin Prof Gortex|Stealth Rock|[from] move: Defog|[of] p1a: Empoleon","|","|-heal|p1a: Empoleon|213/369|[from] item: Leftovers","|turn|9","|","|move|p2a: Ludicolo|Giga Drain|p1a: Empoleon","|-damage|p1a: Empoleon|100/369","|-heal|p2a: Ludicolo|301/301|[from] drain|[of] p1a: Empoleon","|-damage|p2a: Ludicolo|271/301|[from] item: Life Orb","|move|p1a: Empoleon|Stealth Rock|p2a: Ludicolo","|-sidestart|p2: GTX♅Bugy|move: Stealth Rock","|","|-heal|p1a: Empoleon|123/369|[from] item: Leftovers","|turn|10","|","|move|p2a: Ludicolo|Giga Drain|p1a: Empoleon","|-damage|p1a: Empoleon|6/369","|-heal|p2a: Ludicolo|301/301|[from] drain|[of] p1a: Empoleon","|-damage|p2a: Ludicolo|271/301|[from] item: Life Orb","|move|p1a: Empoleon|Ice Beam|p2a: Ludicolo","|-damage|p2a: Ludicolo|186/301","|","|-heal|p1a: Empoleon|29/369|[from] item: Leftovers","|turn|11","|","|move|p2a: Ludicolo|Giga Drain|p1a: Empoleon","|-damage|p1a: Empoleon|0 fnt","|-heal|p2a: Ludicolo|201/301|[from] drain|[of] p1a: Empoleon","|-damage|p2a: Ludicolo|171/301|[from] item: Life Orb","|faint|p1a: Empoleon","|","|","|switch|p1a: Starmie|Starmie|261/261","|turn|12","|","|move|p1a: Starmie|Signal Beam|p2a: Ludicolo","|-supereffective|p2a: Ludicolo","|-damage|p2a: Ludicolo|0 fnt","|-damage|p1a: Starmie|235/261|[from] item: Life Orb","|faint|p2a: Ludicolo","|","|","|switch|p2a: Virizion|Virizion, shiny|324/324","|-damage|p2a: Virizion|304/324|[from] Stealth Rock","|turn|13","|","|move|p2a: Virizion|Leaf Blade|p1a: Starmie","|-supereffective|p1a: Starmie","|-damage|p1a: Starmie|0 fnt","|faint|p1a: Starmie","|","|","|switch|p1a: Quagsire|Quagsire, M|389/389","|turn|14","|","|move|p2a: Virizion|Leaf Blade|p1a: Quagsire","|-supereffective|p1a: Quagsire","|-damage|p1a: Quagsire|0 fnt","|-damage|p2a: Virizion|250/324|[from] item: Rocky Helmet|[of] p1a: Quagsire","|faint|p1a: Quagsire","|","|","|switch|p1a: Lanturn|Lanturn, M|449/449","|turn|15","|","|move|p2a: Virizion|Leaf Blade|p1a: Lanturn","|-supereffective|p1a: Lanturn","|-damage|p1a: Lanturn|89/449","|move|p1a: Lanturn|Discharge|p2a: Virizion","|-resisted|p2a: Virizion","|-damage|p2a: Virizion|217/324","|","|-heal|p1a: Lanturn|117/449|[from] item: Leftovers","|turn|16","|","|move|p2a: Virizion|Leaf Blade|p1a: Lanturn","|-supereffective|p1a: Lanturn","|-damage|p1a: Lanturn|0 fnt","|faint|p1a: Lanturn","|","|","|switch|p1a: Keldeo|Keldeo|323/323","|turn|17","|","|move|p2a: Virizion|Leaf Blade|p1a: Keldeo","|-supereffective|p1a: Keldeo","|-damage|p1a: Keldeo|27/323","|move|p1a: Keldeo|Secret Sword|p2a: Virizion","|-damage|p2a: Virizion|7/324","|","|-heal|p1a: Keldeo|47/323|[from] item: Leftovers","|turn|18","|","|move|p2a: Virizion|Leaf Blade|p1a: Keldeo","|-supereffective|p1a: Keldeo","|-damage|p1a: Keldeo|0 fnt","|faint|p1a: Keldeo","|","|win|GTX♅Bugy"],"p1rating":{"entryid":"578346","serverid":"eos","formatid":"monotype","userid":"vinprofgortex","username":"Vin Prof Gortex","w":"6","l":5,"t":"0","gxe":54.3,"r":"1500","rd":"130","sigma":"0","rptime":"1440752400","rpr":1533.4963648021,"rprd":84.561282104804,"rpsigma":"0","acre":1118.3089388423,"lacre":1118.3089388423,"oldacre":"1143.6205674534"},"p2rating":{"entryid":"464882","serverid":"eos","formatid":"monotype","userid":"gtxbugy","username":"GTX♅Bugy","w":9,"l":"4","t":"0","gxe":61.8,"r":"1579.2111138406","rd":"83.374350392164","sigma":"0","rptime":"1440752400","rpr":1593.2059993195,"rprd":81.47814629439,"rpsigma":"0","acre":1164.6011369768,"lacre":1164.6011369768,"oldacre":"1139.2895083657"},"endType":"normal"}