{"seed":[10065,24302,1316,2332],"turns":20,"p1":"Void Wiley","p2":"VLS Freaky","p1team":[{"name":"Galvantula","species":"Galvantula","item":"focussash","ability":"Compound Eyes","moves":["thunder","stickyweb","bugbuzz","gigadrain"],"nature":"Timid","evs":{"hp":0,"atk":0,"def":0,"spa":252,"spd":4,"spe":252},"ivs":{"hp":31,"atk":31,"def":31,"spa":31,"spd":31,"spe":31}},{"name":"Raikou","species":"Raikou","item":"leftovers","ability":"Pressure","moves":["thunderbolt","extrasensory","hiddenpowerice","calmmind"],"nature":"Timid","evs":{"hp":0,"atk":0,"def":0,"spa":252,"spd":4,"spe":252},"ivs":{"hp":31,"atk":30,"def":30,"spa":31,"spd":31,"spe":31}},{"name":"Zapdos","species":"Zapdos","item":"leftovers","ability":"Pressure","moves":["roost","discharge","defog","toxic"],"nature":"Calm","evs":{"hp":252,"atk":0,"def":0,"spa":4,"spd":252,"spe":0},"ivs":{"hp":31,"atk":30,"def":30,"spa":31,"spd":31,"spe":31}},{"name":"Rotom-Wash","species":"Rotom-Wash","item":"leftovers","ability":"Levitate","moves":["hydropump","voltswitch","willowisp","painsplit"],"nature":"Bold","evs":{"hp":252,"atk":0,"def":252,"spa":4,"spd":0,"spe":0},"ivs":{"hp":31,"atk":31,"def":31,"spa":31,"spd":31,"spe":31}},{"name":"Thundurus","species":"Thundurus","item":"leftovers","ability":"Prankster","moves":["thunderwave","thunderbolt","nastyplot","hiddenpowerice"],"nature":"Timid","evs":{"hp":0,"atk":0,"def":0,"spa":252,"spd":4,"spe":252},"ivs":{"hp":31,"atk":30,"def":30,"spa":31,"spd":31,"spe":31}},{"name":"Manectric","species":"Manectric","item":"manectite","ability":"Lightning Rod","moves":["thunderbolt","flamethrower","hiddenpowerice","signalbeam"],"nature":"Timid","evs":{"hp":0,"atk":0,"def":0,"spa":252,"spd":4,"spe":252},"ivs":{"hp":31,"atk":30,"def":30,"spa":31,"spd":31,"spe":31}}],"p2team":[{"name":"Loud Nigga","species":"cobalion","item":"leftovers","ability":"Justified","moves":["thunderwave","stealthrock","ironhead","roar"],"nature":"Impish","evs":{"hp":252,"atk":0,"def":224,"spa":0,"spd":32,"spe":0},"ivs":{"hp":31,"atk":31,"def":31,"spa":31,"spd":31,"spe":31}},{"name":"Titty Leg Nigga","species":"medicham","item":"medichamite","ability":"Pure Power","moves":["fakeout","bulletpunch","highjumpkick","psychocut"],"nature":"Jolly","evs":{"hp":0,"atk":252,"def":0,"spa":0,"spd":4,"spe":252},"ivs":{"hp":31,"atk":31,"def":31,"spa":31,"spd":31,"spe":31}},{"name":"Burd Nigga","species":"hawlucha","item":"sitrusberry","ability":"Unburden","moves":["substitute","swordsdance","acrobatics","highjumpkick"],"nature":"Jolly","evs":{"hp":4,"atk":252,"def":0,"spa":0,"spd":0,"spe":252},"ivs":{"hp":31,"atk":31,"def":31,"spa":31,"spd":31,"spe":31}},{"name":"Slow Nigga","species":"conkeldurr","item":"assaultvest","ability":"Guts","moves":["machpunch","drainpunch","icepunch","knockoff"],"nature":"Adamant","evs":{"hp":248,"atk":252,"def":0,"spa":0,"spd":8,"spe":0},"ivs":{"hp":31,"atk":31,"def":31,"spa":31,"spd":31,"spe":31}},{"name":"Fast Nigga","species":"keldeo","item":"leftovers","ability":"Justified","moves":["substitute","calmmind","scald","secretsword"],"nature":"Timid","evs":{"hp":0,"atk":0,"def":0,"spa":252,"spd":4,"spe":252},"ivs":{"hp":31,"atk":31,"def":31,"spa":31,"spd":31,"spe":31}},{"name":"nigga on tha loud","species":"breloom","item":"focussash","ability":"Technician","moves":["spore","swordsdance","machpunch","bulletseed"],"nature":"Adamant","evs":{"hp":0,"atk":252,"def":0,"spa":0,"spd":4,"spe":252},"ivs":{"hp":31,"atk":31,"def":31,"spa":31,"spd":31,"spe":31}}],"log":["|player|p1|Void Wiley|voidwiley.png","|player|p2|VLS Freaky|voidfreaky.png","|gametype|singles","|gen|6","|tier|Monotype","|rated","|rule|Baton Pass Clause: Limit one Baton Passer, can't pass Spe and other stats simultaneously","|rule|Swagger Clause: Swagger is banned","|rule|Same Type Clause: Pokémon in a team must share a type","|clearpoke","|poke|p1|Galvantula, M","|poke|p1|Raikou","|poke|p1|Zapdos","|poke|p1|Rotom-Wash","|poke|p1|Thundurus, M","|poke|p1|Manectric, F","|poke|p2|Cobalion","|poke|p2|Medicham, F","|poke|p2|Hawlucha, F","|poke|p2|Conkeldurr, F","|poke|p2|Keldeo","|poke|p2|Breloom, M","|rule|Sleep Clause Mod: Limit one foe put to sleep","|rule|Species Clause: Limit one of each Pokémon","|rule|OHKO Clause: OHKO moves are banned","|rule|Moody Clause: Moody is banned","|rule|Evasion Moves Clause: Evasion moves are banned","|rule|Endless Battle Clause: Forcing endless battles is banned","|rule|HP Percentage Mod: HP is shown in percentages","|teampreview","|","|start","|switch|p1a: Galvantula|Galvantula, M|281/281","|switch|p2a: Loud Nigga|Cobalion|386/386","|turn|1","|","|move|p1a: Galvantula|Thunder|p2a: Loud Nigga|[miss]","|-miss|p1a: Galvantula|p2a: Loud Nigga","|move|p2a: Loud Nigga|Stealth Rock|p1a: Galvantula","|-sidestart|p1: Void Wiley|move: Stealth Rock","|","|turn|2","|","|switch|p2a: Slow Nigga|Conkeldurr, F|413/413","|move|p1a: Galvantula|Thunder|p2a: Slow Nigga","|-damage|p2a: Slow Nigga|260/413","|","|turn|3","|","|move|p1a: Galvantula|Sticky Web|p2a: Slow Nigga","|-sidestart|p2: VLS Freaky|move: Sticky Web","|move|p2a: Slow Nigga|Drain Punch|p1a: Galvantula","|-resisted|p1a: Galvantula","|-damage|p1a: Galvantula|159/281","|-heal|p2a: Slow Nigga|321/413|[from] drain|[of] p1a: Galvantula","|","|turn|4","|","|move|p1a: Galvantula|Thunder|p2a: Slow Nigga","|-damage|p2a: Slow Nigga|179/413","|move|p2a: Slow Nigga|Drain Punch|p1a: Galvantula","|-resisted|p1a: Galvantula","|-damage|p1a: Galvantula|44/281","|-heal|p2a: Slow Nigga|237/413|[from] drain|[of] p1a: Galvantula","|","|turn|5","|","|move|p2a: Slow Nigga|Mach Punch|p1a: Galvantula","|-resisted|p1a: Galvantula","|-damage|p1a: Galvantula|0 fnt","|faint|p1a: Galvantula","|","|","|switch|p1a: Thundurus|Thundurus, M|299/299","|-damage|p1a: Thundurus|225/299|[from] Stealth Rock","|turn|6","|","|move|p1a: Thundurus|Nasty Plot|p1a: Thundurus","|-boost|p1a: Thundurus|spa|2","|move|p2a: Slow Nigga|Ice Punch|p1a: Thundurus","|-supereffective|p1a: Thundurus","|-damage|p1a: Thundurus|0 fnt","|faint|p1a: Thundurus","|","|","|switch|p1a: Manectric|Manectric, F|281/281","|-damage|p1a: Manectric|246/281|[from] Stealth Rock","|turn|7","|","|switch|p2a: Loud Nigga|Cobalion|386/386","|-activate|p2a: Loud Nigga|move: Sticky Web","|-unboost|p2a: Loud Nigga|spe|1","|detailschange|p1a: Manectric|Manectric-Mega, F","|-mega|p1a: Manectric|Manectric|Manectite","|-ability|p1a: Manectric|Intimidate","|-unboost|p2a: Loud Nigga|atk|1","|move|p1a: Manectric|Thunderbolt|p2a: Loud Nigga","|-damage|p2a: Loud Nigga|191/386","|","|-heal|p2a: Loud Nigga|215/386|[from] item: Leftovers","|turn|8","|","|move|p1a: Manectric|Flamethrower|p2a: Loud Nigga","|-supereffective|p2a: Loud Nigga","|-damage|p2a: Loud Nigga|0 fnt","|faint|p2a: Loud Nigga","|","|","|switch|p2a: Slow Nigga|Conkeldurr, F|237/413","|-activate|p2a: Slow Nigga|move: Sticky Web","|-unboost|p2a: Slow Nigga|spe|1","|turn|9","|","|move|p1a: Manectric|Thunderbolt|p2a: Slow Nigga","|-damage|p2a: Slow Nigga|89/413","|move|p2a: Slow Nigga|Drain Punch|p1a: Manectric","|-damage|p1a: Manectric|53/281","|-heal|p2a: Slow Nigga|186/413|[from] drain|[of] p1a: Manectric","|","|turn|10","|","|move|p2a: Slow Nigga|Mach Punch|p1a: Manectric","|-crit|p1a: Manectric","|-damage|p1a: Manectric|0 fnt","|faint|p1a: Manectric","|","|","|switch|p1a: Raikou|Raikou|321/321","|-damage|p1a: Raikou|281/321|[from] Stealth Rock","|-ability|p1a: Raikou|Pressure","|turn|11","|","|move|p1a: Raikou|Extrasensory|p2a: Slow Nigga","|-supereffective|p2a: Slow Nigga","|-damage|p2a: Slow Nigga|26/413","|move|p2a: Slow Nigga|Drain Punch|p1a: Raikou","|-damage|p1a: Raikou|70/321","|-heal|p2a: Slow Nigga|132/413|[from] drain|[of] p1a: Raikou","|","|-heal|p1a: Raikou|90/321|[from] item: Leftovers","|turn|12","|","|move|p2a: Slow Nigga|Mach Punch|p1a: Raikou","|-damage|p1a: Raikou|0 fnt","|faint|p1a: Raikou","|","|","|switch|p1a: Rotom-Wash|Rotom-Wash|304/304","|-damage|p1a: Rotom-Wash|266/304|[from] Stealth Rock","|turn|13","|","|move|p1a: Rotom-Wash|Hydro Pump|p2a: Slow Nigga","|-damage|p2a: Slow Nigga|2/413","|move|p2a: Slow Nigga|Drain Punch|p1a: Rotom-Wash","|-damage|p1a: Rotom-Wash|164/304","|-heal|p2a: Slow Nigga|53/413|[from] drain|[of] p1a: Rotom-Wash","|","|-heal|p1a: Rotom-Wash|183/304|[from] item: Leftovers","|turn|14","|","|move|p2a: Slow Nigga|Mach Punch|p1a: Rotom-Wash","|-damage|p1a: Rotom-Wash|122/304","|move|p1a: Rotom-Wash|Volt Switch|p2a: Slow Nigga","|-damage|p2a: Slow Nigga|0 fnt","|faint|p2a: Slow Nigga","|","|switch|p1a: Zapdos|Zapdos|384/384","|-damage|p1a: Zapdos|288/384|[from] Stealth Rock","|-ability|p1a: Zapdos|Pressure","|","|-heal|p1a: Zapdos|312/384|[from] item: Leftovers","|","|switch|p2a: nigga on tha loud|Breloom, M|261/261","|-activate|p2a: nigga on tha loud|move: Sticky Web","|-unboost|p2a: nigga on tha loud|spe|1","|turn|15","|","|move|p1a: Zapdos|Toxic|p2a: nigga on tha loud","|-status|p2a: nigga on tha loud|tox","|move|p2a: nigga on tha loud|Spore|p1a: Zapdos","|-status|p1a: Zapdos|slp","|","|-heal|p1a: Zapdos|336/384 slp|[from] item: Leftovers","|-damage|p2a: nigga on tha loud|245/261 tox|[from] psn","|turn|16","|","|cant|p1a: Zapdos|slp","|move|p2a: nigga on tha loud|Swords Dance|p2a: nigga on tha loud","|-boost|p2a: nigga on tha loud|atk|2","|","|-heal|p1a: Zapdos|360/384 slp|[from] item: Leftovers","|-damage|p2a: nigga on tha loud|213/261 tox|[from] psn","|turn|17","|","|cant|p1a: Zapdos|slp","|move|p2a: nigga on tha loud|Bullet Seed|p1a: Zapdos","|-resisted|p1a: Zapdos","|-damage|p1a: Zapdos|280/384 slp","|-crit|p1a: Zapdos","|-resisted|p1a: Zapdos","|-damage|p1a: Zapdos|161/384 slp","|-hitcount|p1a: Zapdos|2","|","|-heal|p1a: Zapdos|185/384 slp|[from] item: Leftovers","|-damage|p2a: nigga on tha loud|165/261 tox|[from] psn","|turn|18","|","|cant|p1a: Zapdos|slp","|move|p2a: nigga on tha loud|Bullet Seed|p1a: Zapdos","|-resisted|p1a: Zapdos","|-damage|p1a: Zapdos|96/384 slp","|-resisted|p1a: Zapdos","|-damage|p1a: Zapdos|18/384 slp","|-hitcount|p1a: Zapdos|2","|","|-heal|p1a: Zapdos|42/384 slp|[from] item: Leftovers","|-damage|p2a: nigga on tha loud|101/261 tox|[from] psn","|turn|19","|","|move|p2a: nigga on tha loud|Mach Punch|p1a: Zapdos","|-resisted|p1a: Zapdos","|-damage|p1a: Zapdos|0 fnt","|faint|p1a: Zapdos","|","|-damage|p2a: nigga on tha loud|21/261 tox|[from] psn","|","|switch|p1a: Rotom-Wash|Rotom-Wash|122/304","|-damage|p1a: Rotom-Wash|84/304|[from] Stealth Rock","|turn|20","|","|move|p2a: nigga on tha loud|Mach Punch|p1a: Rotom-Wash","|-damage|p1a: Rotom-Wash|0 fnt","|faint|p1a: Rotom-Wash","|","|win|VLS Freaky"],"p1rating":{"entryid":"91212","serverid":"eos","formatid":"monotype","userid":"voidwiley","username":"Void Wiley","w":"46","l":27,"t":"0","gxe":63.9,"r":"1635.1929176036","rd":"45.344567644967","sigma":"0","rptime":"1440752400","rpr":1608.2377958148,"rprd":43.401544272588,"rpsigma":"0","acre":1068.1714834298,"lacre":1068.1714834298,"oldacre":"1100.1871406987"},"p2rating":{"entryid":592189,"formatid":"monotype","userid":"vlsfreaky","username":"VLS Freaky","r":1500,"rd":130,"sigma":0,"rpr":1558.8411856717,"rprd":122.91139184888,"rpsigma":0,"rptime":1440752400,"w":1,"l":0,"t":0,"gxe":57.3,"acre":1051.2250516303,"lacre":1051.2250516303,"oldacre":1000},"endType":"normal"}