{"seed":[9615,59808,61464,57915],"turns":23,"p1":"Elder Hoot","p2":"DJ Gible","p1team":[{"name":"Landorus","species":"Landorus","item":"choicespecs","ability":"Sheer Force","moves":["earthpower","focusblast","sludgewave","psychic"],"nature":"Timid","evs":{"hp":0,"atk":0,"def":0,"spa":252,"spd":4,"spe":252},"ivs":{"hp":31,"atk":31,"def":31,"spa":31,"spd":31,"spe":31}},{"name":"Yanmega","species":"Yanmega","item":"lifeorb","ability":"Speed Boost","moves":["bugbuzz","shadowball","tailwind","protect"],"nature":"Modest","evs":{"hp":0,"atk":0,"def":0,"spa":252,"spd":4,"spe":252},"ivs":{"hp":31,"atk":31,"def":31,"spa":31,"spd":31,"spe":31}},{"name":"Pelipper","species":"Pelipper","item":"leftovers","ability":"Rain Dish","moves":["scald","icebeam","toxic","soak"],"nature":"Bold","evs":{"hp":248,"atk":0,"def":252,"spa":8,"spd":0,"spe":0},"ivs":{"hp":31,"atk":31,"def":31,"spa":31,"spd":31,"spe":31}},{"name":"Articuno","species":"Articuno","item":"lifeorb","ability":"Pressure","moves":["freezedry","hurricane","ancientpower","frostbreath"],"nature":"Modest","evs":{"hp":248,"atk":0,"def":0,"spa":252,"spd":8,"spe":0},"ivs":{"hp":31,"atk":31,"def":31,"spa":31,"spd":31,"spe":31}},{"name":"Murkrow","species":"Murkrow","item":"flameorb","ability":"Prankster","moves":["psychoshift","substitute","haze","whirlwind"],"nature":"Calm","evs":{"hp":248,"atk":0,"def":8,"spa":0,"spd":252,"spe":0},"ivs":{"hp":31,"atk":31,"def":31,"spa":31,"spd":31,"spe":31}},{"name":"Rotom-Fan","species":"Rotom-Fan","item":"choicescarf","ability":"Levitate","moves":["trick","voltswitch","thunderwave","darkpulse"],"nature":"Timid","evs":{"hp":0,"atk":0,"def":0,"spa":252,"spd":4,"spe":252},"ivs":{"hp":31,"atk":31,"def":31,"spa":31,"spd":31,"spe":31}}],"p2team":[{"name":"Conkeldurr","species":"Conkeldurr","item":"assaultvest","ability":"Iron Fist","moves":["icepunch","drainpunch","earthquake","machpunch"],"nature":"Adamant","evs":{"hp":248,"atk":252,"def":0,"spa":0,"spd":8,"spe":0},"ivs":{"hp":31,"atk":31,"def":31,"spa":31,"spd":31,"spe":31}},{"name":"Hawlucha","species":"Hawlucha","item":"powerherb","ability":"Unburden","moves":["acrobatics","roost","poisonjab","skyattack"],"nature":"Adamant","evs":{"hp":0,"atk":252,"def":0,"spa":0,"spd":4,"spe":252},"ivs":{"hp":31,"atk":31,"def":31,"spa":31,"spd":31,"spe":31}},{"name":"Keldeo","species":"Keldeo","item":"choicescarf","ability":"Justified","moves":["icywind","hydropump","secretsword","scald"],"nature":"Timid","evs":{"hp":0,"atk":0,"def":0,"spa":252,"spd":4,"spe":252},"ivs":{"hp":31,"atk":31,"def":31,"spa":31,"spd":31,"spe":31}},{"name":"Terrakion","species":"Terrakion","item":"choicescarf","ability":"Justified","moves":["closecombat","earthquake","rockslide","xscissor"],"nature":"Jolly","evs":{"hp":0,"atk":252,"def":0,"spa":0,"spd":4,"spe":252},"ivs":{"hp":31,"atk":31,"def":31,"spa":31,"spd":31,"spe":31}},{"name":"Lucario","species":"Lucario","item":"lifeorb","ability":"Justified","moves":["nastyplot","extremespeed","aurasphere","flashcannon"],"nature":"Hasty","evs":{"hp":0,"atk":4,"def":0,"spa":252,"spd":0,"spe":252},"ivs":{"hp":31,"atk":31,"def":31,"spa":31,"spd":31,"spe":31}},{"name":"Heracross","species":"Heracross","item":"heracronite","ability":"Moxie","moves":["megahorn","rockblast","closecombat","swordsdance"],"nature":"Adamant","evs":{"hp":248,"atk":252,"def":0,"spa":0,"spd":8,"spe":0},"ivs":{"hp":31,"atk":31,"def":31,"spa":31,"spd":31,"spe":31}}],"log":["|player|p1|Elder Hoot|2","|player|p2|DJ Gible|198","|gametype|singles","|gen|6","|tier|Monotype","|rated","|rule|Baton Pass Clause: Limit one Baton Passer, can't pass Spe and other stats simultaneously","|rule|Swagger Clause: Swagger is banned","|rule|Same Type Clause: Pokémon in a team must share a type","|clearpoke","|poke|p1|Landorus, M","|poke|p1|Yanmega, M","|poke|p1|Pelipper, F","|poke|p1|Articuno","|poke|p1|Murkrow, F","|poke|p1|Rotom-Fan","|poke|p2|Conkeldurr, F","|poke|p2|Hawlucha, M","|poke|p2|Keldeo","|poke|p2|Terrakion","|poke|p2|Lucario, M","|poke|p2|Heracross, F","|rule|Sleep Clause Mod: Limit one foe put to sleep","|rule|Species Clause: Limit one of each Pokémon","|rule|OHKO Clause: OHKO moves are banned","|rule|Moody Clause: Moody is banned","|rule|Evasion Moves Clause: Evasion moves are banned","|rule|Endless Battle Clause: Forcing endless battles is banned","|rule|HP Percentage Mod: HP is shown in percentages","|teampreview","|","|start","|switch|p1a: Murkrow|Murkrow, F|323/323","|switch|p2a: Hawlucha|Hawlucha, M|297/297","|turn|1","|","|move|p1a: Murkrow|Substitute|p1a: Murkrow","|-start|p1a: Murkrow|Substitute","|-damage|p1a: Murkrow|243/323","|move|p2a: Hawlucha|Sky Attack|p1a: Murkrow|[still]","|-prepare|p2a: Hawlucha|Sky Attack|p1a: Murkrow","|-enditem|p2a: Hawlucha|Power Herb","|-anim|p2a: Hawlucha|Sky Attack|p1a: Murkrow","|-crit|p1a: Murkrow","|-end|p1a: Murkrow|Substitute","|","|-status|p1a: Murkrow|brn|[from] item: Flame Orb","|turn|2","|","|move|p1a: Murkrow|Psycho Shift|p2a: Hawlucha","|-status|p2a: Hawlucha|brn","|-curestatus|p1a: Murkrow|brn","|move|p2a: Hawlucha|Acrobatics|p1a: Murkrow","|-crit|p1a: Murkrow","|-damage|p1a: Murkrow|12/323","|","|-damage|p2a: Hawlucha|260/297 brn|[from] brn","|-status|p1a: Murkrow|brn|[from] item: Flame Orb","|turn|3","|","|switch|p1a: Pelipper|Pelipper, F|323/323","|move|p2a: Hawlucha|Acrobatics|p1a: Pelipper","|-damage|p1a: Pelipper|263/323","|","|-heal|p1a: Pelipper|283/323|[from] item: Leftovers","|-damage|p2a: Hawlucha|223/297 brn|[from] brn","|turn|4","|","|move|p2a: Hawlucha|Acrobatics|p1a: Pelipper","|-damage|p1a: Pelipper|221/323","|move|p1a: Pelipper|Ice Beam|p2a: Hawlucha","|-supereffective|p2a: Hawlucha","|-damage|p2a: Hawlucha|57/297 brn","|","|-heal|p1a: Pelipper|241/323|[from] item: Leftovers","|-damage|p2a: Hawlucha|20/297 brn|[from] brn","|turn|5","|","|switch|p1a: Rotom-Fan|Rotom-Fan|241/241","|move|p2a: Hawlucha|Acrobatics|p1a: Rotom-Fan","|-resisted|p1a: Rotom-Fan","|-damage|p1a: Rotom-Fan|200/241","|","|-damage|p2a: Hawlucha|0 fnt|[from] brn","|faint|p2a: Hawlucha","|","|switch|p2a: Terrakion|Terrakion|323/323","|turn|6","|","|move|p2a: Terrakion|Rock Slide|p1a: Rotom-Fan","|-supereffective|p1a: Rotom-Fan","|-damage|p1a: Rotom-Fan|0 fnt","|faint|p1a: Rotom-Fan","|","|","|switch|p1a: Murkrow|Murkrow, F|12/323 brn","|turn|7","|","|switch|p2a: Keldeo|Keldeo|323/323","|move|p1a: Murkrow|Psycho Shift|p2a: Keldeo","|-status|p2a: Keldeo|brn","|-curestatus|p1a: Murkrow|brn","|","|-damage|p2a: Keldeo|283/323 brn|[from] brn","|-status|p1a: Murkrow|brn|[from] item: Flame Orb","|turn|8","|","|switch|p1a: Articuno|Articuno|383/383","|-ability|p1a: Articuno|Pressure","|move|p2a: Keldeo|Icy Wind|p1a: Articuno","|-damage|p1a: Articuno|325/383","|-unboost|p1a: Articuno|spe|1","|","|-damage|p2a: Keldeo|243/323 brn|[from] brn","|turn|9","|","|switch|p2a: Heracross|Heracross, F|363/363","|move|p1a: Articuno|Hurricane|p2a: Heracross","|-supereffective|p2a: Heracross","|-damage|p2a: Heracross|0 fnt","|-damage|p1a: Articuno|287/383|[from] item: Life Orb","|faint|p2a: Heracross","|","|","|switch|p2a: Terrakion|Terrakion|323/323","|turn|10","|","|move|p2a: Terrakion|Rock Slide|p1a: Articuno","|-supereffective|p1a: Articuno","|-damage|p1a: Articuno|0 fnt","|faint|p1a: Articuno","|","|","|switch|p1a: Landorus|Landorus, M|319/319","|turn|11","|","|switch|p2a: Conkeldurr|Conkeldurr, F|413/413","|move|p1a: Landorus|Psychic|p2a: Conkeldurr","|-supereffective|p2a: Conkeldurr","|-damage|p2a: Conkeldurr|85/413","|","|turn|12","|","|move|p1a: Landorus|Psychic|p2a: Conkeldurr","|-supereffective|p2a: Conkeldurr","|-damage|p2a: Conkeldurr|0 fnt","|faint|p2a: Conkeldurr","|","|","|switch|p2a: Keldeo|Keldeo|243/323 brn","|turn|13","|","|switch|p1a: Pelipper|Pelipper, F|241/323","|move|p2a: Keldeo|Icy Wind|p1a: Pelipper","|-damage|p1a: Pelipper|151/323","|-unboost|p1a: Pelipper|spe|1","|","|-heal|p1a: Pelipper|171/323|[from] item: Leftovers","|-damage|p2a: Keldeo|203/323 brn|[from] brn","|turn|14","|","|switch|p2a: Lucario|Lucario, M|281/281","|move|p1a: Pelipper|Scald|p2a: Lucario","|-damage|p2a: Lucario|169/281","|","|-heal|p1a: Pelipper|191/323|[from] item: Leftovers","|turn|15","|","|move|p2a: Lucario|Nasty Plot|p2a: Lucario","|-boost|p2a: Lucario|spa|2","|move|p1a: Pelipper|Scald|p2a: Lucario","|-damage|p2a: Lucario|52/281","|","|-heal|p1a: Pelipper|211/323|[from] item: Leftovers","|turn|16","|","|move|p2a: Lucario|Flash Cannon|p1a: Pelipper","|-resisted|p1a: Pelipper","|-damage|p1a: Pelipper|0 fnt","|-damage|p2a: Lucario|24/281|[from] item: Life Orb","|faint|p1a: Pelipper","|","|","|switch|p1a: Murkrow|Murkrow, F|12/323 brn","|turn|17","|","|move|p2a: Lucario|Extreme Speed|p1a: Murkrow","|-damage|p1a: Murkrow|0 fnt","|-damage|p2a: Lucario|0 fnt|[from] item: Life Orb","|faint|p1a: Murkrow","|faint|p2a: Lucario","|","|","|switch|p2a: Keldeo|Keldeo|203/323 brn","|switch|p1a: Yanmega|Yanmega, M|313/313","|turn|18","|","|move|p1a: Yanmega|Protect|p1a: Yanmega","|-singleturn|p1a: Yanmega|Protect","|move|p2a: Keldeo|Icy Wind|p1a: Yanmega","|-activate|p1a: Yanmega|Protect","|","|-damage|p2a: Keldeo|163/323 brn|[from] brn","|-boost|p1a: Yanmega|spe|1|[from] ability: Speed Boost","|turn|19","|","|move|p1a: Yanmega|Protect|p1a: Yanmega","|-fail|p1a: Yanmega","|move|p2a: Keldeo|Icy Wind|p1a: Yanmega","|-supereffective|p1a: Yanmega","|-damage|p1a: Yanmega|101/313","|-unboost|p1a: Yanmega|spe|1","|","|-damage|p2a: Keldeo|123/323 brn|[from] brn","|-boost|p1a: Yanmega|spe|1|[from] ability: Speed Boost","|turn|20","|","|move|p1a: Yanmega|Protect|p1a: Yanmega","|-singleturn|p1a: Yanmega|Protect","|move|p2a: Keldeo|Icy Wind|p1a: Yanmega","|-activate|p1a: Yanmega|Protect","|","|-damage|p2a: Keldeo|83/323 brn|[from] brn","|-boost|p1a: Yanmega|spe|1|[from] ability: Speed Boost","|turn|21","|","|move|p1a: Yanmega|Tailwind|p1a: Yanmega","|-sidestart|p1: Elder Hoot|move: Tailwind","|move|p2a: Keldeo|Icy Wind|p1a: Yanmega","|-supereffective|p1a: Yanmega","|-damage|p1a: Yanmega|0 fnt","|faint|p1a: Yanmega","|","|-damage|p2a: Keldeo|43/323 brn|[from] brn","|","|switch|p1a: Landorus|Landorus, M|319/319","|turn|22","|","|move|p1a: Landorus|Earth Power|p2a: Keldeo","|-damage|p2a: Keldeo|0 fnt","|faint|p2a: Keldeo","|","|","|switch|p2a: Terrakion|Terrakion|323/323","|turn|23","|","|move|p1a: Landorus|Earth Power|p2a: Terrakion","|-supereffective|p2a: Terrakion","|-damage|p2a: Terrakion|0 fnt","|faint|p2a: Terrakion","|","|win|Elder Hoot"],"p1rating":{"entryid":"555056","serverid":"eos","formatid":"monotype","userid":"elderhoot","username":"Elder Hoot","w":1,"l":"3","t":"0","gxe":41.5,"r":"1451.8168138731","rd":"122.24927666482","sigma":"0","rptime":"1440752400","rpr":1432.3380878474,"rprd":105.85361120111,"rpsigma":"0","acre":1049.2068324458,"lacre":1049.2068324458,"oldacre":"1000"},"p2rating":{"entryid":"166635","serverid":"eos","formatid":"monotype","userid":"djgible","username":"DJ Gible","w":"13","l":17,"t":"0","gxe":46.1,"r":"1476.9387290542","rd":"63.583583923878","sigma":"0","rptime":"1440752400","rpr":1470.2666951061,"rprd":61.023625507681,"rpsigma":"0","acre":1054.1010802099,"lacre":1054.1010802099,"oldacre":"1081.4284177235"},"endType":"normal"}