{"seed":[7006,37672,57801,30000],"turns":21,"p1":"Union Beerus","p2":"Vin Prof Gortex","p1team":[{"name":"Tyranitar","species":"Tyranitar","item":"tyranitarite","ability":"Sand Stream","moves":["dragondance","earthquake","stoneedge","thunderpunch"],"nature":"Adamant","evs":{"hp":0,"atk":252,"def":0,"spa":0,"spd":4,"spe":252},"ivs":{"hp":31,"atk":31,"def":31,"spa":31,"spd":31,"spe":31}},{"name":"Archeops","species":"Archeops","item":"","ability":"Defeatist","moves":["acrobatics","earthquake","rockslide","uturn"],"nature":"Jolly","evs":{"hp":0,"atk":252,"def":0,"spa":0,"spd":4,"spe":252},"ivs":{"hp":31,"atk":31,"def":31,"spa":31,"spd":31,"spe":31}},{"name":"Aerodactyl","species":"Aerodactyl","item":"choicescarf","ability":"Rock Head","moves":["doubleedge","dragonclaw","earthquake","stoneedge"],"nature":"Jolly","evs":{"hp":0,"atk":252,"def":0,"spa":0,"spd":4,"spe":252},"ivs":{"hp":31,"atk":31,"def":31,"spa":31,"spd":31,"spe":31}},{"name":"Regirock","species":"Regirock","item":"leftovers","ability":"Clear Body","moves":["curse","stoneedge","hammerarm","stealthrock"],"nature":"Adamant","evs":{"hp":252,"atk":252,"def":0,"spa":0,"spd":4,"spe":0},"ivs":{"hp":31,"atk":31,"def":31,"spa":31,"spd":31,"spe":31}},{"name":"Omastar","species":"Omastar","item":"focussash","ability":"Swift Swim","moves":["shellsmash","icebeam","scald","earthpower"],"nature":"Modest","evs":{"hp":0,"atk":0,"def":0,"spa":252,"spd":4,"spe":252},"ivs":{"hp":31,"atk":31,"def":31,"spa":31,"spd":31,"spe":31}},{"name":"Cradily","species":"Cradily","item":"leftovers","ability":"Suction Cups","moves":["recover","gigadrain","infestation","stockpile"],"nature":"Calm","evs":{"hp":252,"atk":0,"def":0,"spa":4,"spd":252,"spe":0},"ivs":{"hp":31,"atk":31,"def":31,"spa":31,"spd":31,"spe":31}}],"p2team":[{"name":"Bisharp","species":"Bisharp","item":"leftovers","ability":"Defiant","moves":["swordsdance","knockoff","suckerpunch","lowkick"],"nature":"Jolly","evs":{"hp":0,"atk":252,"def":0,"spa":0,"spd":4,"spe":252},"ivs":{"hp":31,"atk":31,"def":31,"spa":31,"spd":31,"spe":31}},{"name":"Doublade","species":"Doublade","item":"eviolite","ability":"No Guard","moves":["shadowsneak","swordsdance","ironhead","aerialace"],"nature":"Adamant","evs":{"hp":248,"atk":252,"def":0,"spa":0,"spd":8,"spe":0},"ivs":{"hp":31,"atk":31,"def":31,"spa":31,"spd":31,"spe":31}},{"name":"Ferrothorn","species":"Ferrothorn","item":"rockyhelmet","ability":"Iron Barbs","moves":["powerwhip","leechseed","stealthrock","protect"],"nature":"Impish","evs":{"hp":248,"atk":8,"def":252,"spa":0,"spd":0,"spe":0},"ivs":{"hp":31,"atk":31,"def":31,"spa":31,"spd":31,"spe":31}},{"name":"Heatran","species":"Heatran","item":"leftovers","ability":"Flash Fire","moves":["lavaplume","earthpower","toxic","protect"],"nature":"Calm","evs":{"hp":224,"atk":0,"def":0,"spa":32,"spd":252,"spe":0},"ivs":{"hp":31,"atk":31,"def":31,"spa":31,"spd":31,"spe":31}},{"name":"Skarmory","species":"Skarmory","item":"rockyhelmet","ability":"Sturdy","moves":["bravebird","defog","roost","whirlwind"],"nature":"Impish","evs":{"hp":248,"atk":0,"def":236,"spa":0,"spd":0,"spe":24},"ivs":{"hp":31,"atk":31,"def":31,"spa":31,"spd":31,"spe":31}},{"name":"Lucario","species":"Lucario","item":"choicescarf","ability":"Steadfast","moves":["aurasphere","flashcannon","darkpulse","hiddenpowerice"],"nature":"Timid","evs":{"hp":0,"atk":0,"def":0,"spa":252,"spd":4,"spe":252},"ivs":{"hp":31,"atk":30,"def":30,"spa":31,"spd":31,"spe":31}}],"log":["|player|p1|Union Beerus|102","|player|p2|Vin Prof Gortex|1","|gametype|singles","|gen|6","|tier|Monotype","|rated","|rule|Baton Pass Clause: Limit one Baton Passer, can't pass Spe and other stats simultaneously","|rule|Swagger Clause: Swagger is banned","|rule|Same Type Clause: Pokémon in a team must share a type","|clearpoke","|poke|p1|Tyranitar, F","|poke|p1|Archeops, M","|poke|p1|Aerodactyl, F","|poke|p1|Regirock","|poke|p1|Omastar, F","|poke|p1|Cradily, F","|poke|p2|Bisharp, M","|poke|p2|Doublade, F","|poke|p2|Ferrothorn, F","|poke|p2|Heatran, M","|poke|p2|Skarmory, M","|poke|p2|Lucario, F","|rule|Sleep Clause Mod: Limit one foe put to sleep","|rule|Species Clause: Limit one of each Pokémon","|rule|OHKO Clause: OHKO moves are banned","|rule|Moody Clause: Moody is banned","|rule|Evasion Moves Clause: Evasion moves are banned","|rule|Endless Battle Clause: Forcing endless battles is banned","|rule|HP Percentage Mod: HP is shown in percentages","|teampreview","|","|start","|switch|p1a: Omastar|Omastar, F|281/281","|switch|p2a: Ferrothorn|Ferrothorn, F|351/351","|turn|1","|","|move|p1a: Omastar|Shell Smash|p1a: Omastar","|-unboost|p1a: Omastar|def|1","|-unboost|p1a: Omastar|spd|1","|-boost|p1a: Omastar|atk|2","|-boost|p1a: Omastar|spa|2","|-boost|p1a: Omastar|spe|2","|move|p2a: Ferrothorn|Stealth Rock|p1a: Omastar","|-sidestart|p1: Union Beerus|move: Stealth Rock","|","|turn|2","|","|move|p1a: Omastar|Earth Power|p2a: Ferrothorn","|-damage|p2a: Ferrothorn|171/351","|-unboost|p2a: Ferrothorn|spd|1","|move|p2a: Ferrothorn|Power Whip|p1a: Omastar","|-supereffective|p1a: Omastar","|-enditem|p1a: Omastar|Focus Sash","|-damage|p1a: Omastar|1/281","|","|turn|3","|","|switch|p2a: Heatran|Heatran, M|379/379","|move|p1a: Omastar|Earth Power|p2a: Heatran","|-supereffective|p2a: Heatran","|-damage|p2a: Heatran|0 fnt","|faint|p2a: Heatran","|","|","|switch|p2a: Doublade|Doublade, F|321/321","|turn|4","|","|move|p2a: Doublade|Shadow Sneak|p1a: Omastar","|-damage|p1a: Omastar|0 fnt","|faint|p1a: Omastar","|","|","|switch|p1a: Aerodactyl|Aerodactyl, F|301/301","|-damage|p1a: Aerodactyl|226/301|[from] Stealth Rock","|turn|5","|","|move|p1a: Aerodactyl|Earthquake|p2a: Doublade","|-supereffective|p2a: Doublade","|-damage|p2a: Doublade|227/321","|move|p2a: Doublade|Iron Head|p1a: Aerodactyl","|-supereffective|p1a: Aerodactyl","|-damage|p1a: Aerodactyl|0 fnt","|faint|p1a: Aerodactyl","|","|","|switch|p1a: Cradily|Cradily, F|376/376","|-damage|p1a: Cradily|329/376|[from] Stealth Rock","|turn|6","|","|switch|p2a: Skarmory|Skarmory, M|333/333","|move|p1a: Cradily|Stockpile|p1a: Cradily","|-start|p1a: Cradily|stockpile1","|-boost|p1a: Cradily|def|1","|-boost|p1a: Cradily|spd|1","|","|-heal|p1a: Cradily|352/376|[from] item: Leftovers","|turn|7","|","|move|p1a: Cradily|Infestation|p2a: Skarmory","|-resisted|p2a: Skarmory","|-damage|p2a: Skarmory|329/333","|-damage|p1a: Cradily|290/376|[from] item: Rocky Helmet|[of] p2a: Skarmory","|-activate|p2a: Skarmory|move: Infestation|[of] p1a: Cradily","|move|p2a: Skarmory|Whirlwind|p1a: Cradily","|-activate|p1a: Cradily|ability: Suction Cups","|","|-heal|p1a: Cradily|313/376|[from] item: Leftovers","|-damage|p2a: Skarmory|288/333|[from] move: Infestation|[partiallytrapped]","|turn|8","|","|move|p2a: Skarmory|Brave Bird|p1a: Cradily","|-damage|p1a: Cradily|238/376","|-damage|p2a: Skarmory|263/333|[from] recoil|[of] p1a: Cradily","|move|p1a: Cradily|Stockpile|p1a: Cradily","|-start|p1a: Cradily|stockpile2","|-boost|p1a: Cradily|def|1","|-boost|p1a: Cradily|spd|1","|","|-heal|p1a: Cradily|261/376|[from] item: Leftovers","|-damage|p2a: Skarmory|222/333|[from] move: Infestation|[partiallytrapped]","|turn|9","|","|move|p2a: Skarmory|Roost|p2a: Skarmory","|-heal|p2a: Skarmory|333/333","|move|p1a: Cradily|Stockpile|p1a: Cradily","|-start|p1a: Cradily|stockpile3","|-boost|p1a: Cradily|def|1","|-boost|p1a: Cradily|spd|1","|","|-heal|p1a: Cradily|284/376|[from] item: Leftovers","|-damage|p2a: Skarmory|292/333|[from] move: Infestation|[partiallytrapped]","|turn|10","|","|move|p2a: Skarmory|Brave Bird|p1a: Cradily","|-damage|p1a: Cradily|235/376","|-damage|p2a: Skarmory|276/333|[from] recoil|[of] p1a: Cradily","|move|p1a: Cradily|Giga Drain|p2a: Skarmory","|-resisted|p2a: Skarmory","|-damage|p2a: Skarmory|251/333","|-heal|p1a: Cradily|248/376|[from] drain|[of] p2a: Skarmory","|","|-heal|p1a: Cradily|271/376|[from] item: Leftovers","|-damage|p2a: Skarmory|210/333|[from] move: Infestation|[partiallytrapped]","|turn|11","|","|move|p2a: Skarmory|Brave Bird|p1a: Cradily","|-damage|p1a: Cradily|220/376","|-damage|p2a: Skarmory|193/333|[from] recoil|[of] p1a: Cradily","|move|p1a: Cradily|Recover|p1a: Cradily","|-heal|p1a: Cradily|376/376","|","|-damage|p2a: Skarmory|152/333|[from] move: Infestation|[partiallytrapped]","|turn|12","|","|move|p2a: Skarmory|Roost|p2a: Skarmory","|-heal|p2a: Skarmory|319/333","|move|p1a: Cradily|Infestation|p2a: Skarmory","|-resisted|p2a: Skarmory","|-damage|p2a: Skarmory|310/333","|-damage|p1a: Cradily|314/376|[from] item: Rocky Helmet|[of] p2a: Skarmory","|","|-heal|p1a: Cradily|337/376|[from] item: Leftovers","|-end|p2a: Skarmory|Infestation|[partiallytrapped]","|turn|13","|","|switch|p2a: Ferrothorn|Ferrothorn, F|171/351","|move|p1a: Cradily|Giga Drain|p2a: Ferrothorn","|-resisted|p2a: Ferrothorn","|-damage|p2a: Ferrothorn|156/351","|-heal|p1a: Cradily|345/376|[from] drain|[of] p2a: Ferrothorn","|","|-heal|p1a: Cradily|368/376|[from] item: Leftovers","|turn|14","|","|move|p2a: Ferrothorn|Protect|p2a: Ferrothorn","|-singleturn|p2a: Ferrothorn|Protect","|move|p1a: Cradily|Infestation|p2a: Ferrothorn","|-activate|p2a: Ferrothorn|Protect","|","|-heal|p1a: Cradily|376/376|[from] item: Leftovers","|turn|15","|","|move|p1a: Cradily|Infestation|p2a: Ferrothorn","|-damage|p2a: Ferrothorn|144/351","|-damage|p1a: Cradily|329/376|[from] ability: Iron Barbs|[of] p2a: Ferrothorn","|-damage|p1a: Cradily|267/376|[from] item: Rocky Helmet|[of] p2a: Ferrothorn","|-activate|p2a: Ferrothorn|move: Infestation|[of] p1a: Cradily","|move|p2a: Ferrothorn|Power Whip|p1a: Cradily","|-damage|p1a: Cradily|213/376","|","|-heal|p1a: Cradily|236/376|[from] item: Leftovers","|-damage|p2a: Ferrothorn|101/351|[from] move: Infestation|[partiallytrapped]","|turn|16","|","|move|p1a: Cradily|Recover|p1a: Cradily","|-heal|p1a: Cradily|376/376","|move|p2a: Ferrothorn|Power Whip|p1a: Cradily","|-damage|p1a: Cradily|316/376","|","|-heal|p1a: Cradily|339/376|[from] item: Leftovers","|-damage|p2a: Ferrothorn|58/351|[from] move: Infestation|[partiallytrapped]","|turn|17","|","|move|p2a: Ferrothorn|Protect|p2a: Ferrothorn","|-singleturn|p2a: Ferrothorn|Protect","|move|p1a: Cradily|Infestation|p2a: Ferrothorn","|-activate|p2a: Ferrothorn|Protect","|","|-heal|p1a: Cradily|362/376|[from] item: Leftovers","|-damage|p2a: Ferrothorn|15/351|[from] move: Infestation|[partiallytrapped]","|turn|18","|","|move|p1a: Cradily|Giga Drain|p2a: Ferrothorn","|-resisted|p2a: Ferrothorn","|-damage|p2a: Ferrothorn|0 fnt","|-heal|p1a: Cradily|370/376|[from] drain|[of] p2a: Ferrothorn","|faint|p2a: Ferrothorn","|","|-heal|p1a: Cradily|376/376|[from] item: Leftovers","|","|switch|p2a: Doublade|Doublade, F|227/321","|turn|19","|","|move|p1a: Cradily|Giga Drain|p2a: Doublade","|-resisted|p2a: Doublade","|-damage|p2a: Doublade|185/321","|move|p2a: Doublade|Swords Dance|p2a: Doublade","|-boost|p2a: Doublade|atk|2","|","|turn|20","|","|move|p1a: Cradily|Infestation|p2a: Doublade","|-resisted|p2a: Doublade","|-damage|p2a: Doublade|181/321","|-activate|p2a: Doublade|move: Infestation|[of] p1a: Cradily","|move|p2a: Doublade|Swords Dance|p2a: Doublade","|-boost|p2a: Doublade|atk|2","|","|-damage|p2a: Doublade|141/321|[from] move: Infestation|[partiallytrapped]","|turn|21","|player|p1","|","|win|Vin Prof Gortex"],"p1rating":{"entryid":"577945","serverid":"eos","formatid":"monotype","userid":"unionbeerus","username":"Union Beerus","w":"1","l":1,"t":"0","gxe":50.1,"r":"1500","rd":"130","sigma":"0","rptime":"1440752400","rpr":1500.513834028,"rprd":116.34546821057,"rpsigma":"0","acre":1030.0037343149,"lacre":1030.0037343149,"oldacre":"1050.0063440804"},"p2rating":{"entryid":578346,"formatid":"monotype","userid":"vinprofgortex","username":"Vin Prof Gortex","r":1500,"rd":130,"sigma":0,"rpr":1540.1606143388,"rprd":122.8583080769,"rpsigma":0,"rptime":1440752400,"w":1,"l":0,"t":0,"gxe":55,"acre":1045.7177648597,"lacre":1045.7177648597,"oldacre":1000},"endType":"forfeit"}