{"seed":[47580,37956,15766,6445],"turns":30,"p1":"GTX♅Bzumzum","p2":"Alliance - Sconex","p1team":[{"name":"Thorns","species":"ferrothorn","item":"focussash","ability":"Iron Barbs","moves":["stealthrock","gyroball","leechseed","protect"],"nature":"Jolly","evs":{"hp":128,"atk":100,"def":116,"spa":0,"spd":120,"spe":44},"gender":"M","ivs":{"hp":31,"atk":31,"def":31,"spa":31,"spd":31,"spe":0}},{"name":"Brawloom","species":"breloom","item":"focussash","ability":"Technician","moves":["swordsdance","rocktomb","machpunch","spore"],"nature":"Jolly","evs":{"hp":4,"atk":252,"def":0,"spa":0,"spd":0,"spe":252},"gender":"M","shiny":true,"ivs":{"hp":31,"atk":31,"def":31,"spa":31,"spd":31,"spe":31}},{"name":"Healer","species":"shaymin","item":"leftovers","ability":"Natural Cure","moves":["aromatherapy","earthpower","airslash","seedflare"],"nature":"Calm","evs":{"hp":0,"atk":0,"def":0,"spa":252,"spd":4,"spe":252},"shiny":true,"ivs":{"hp":31,"atk":31,"def":31,"spa":31,"spd":31,"spe":31}},{"name":"Ludicool","species":"ludicolo","item":"leftovers","ability":"Swift Swim","moves":["icebeam","scald","gigadrain","raindance"],"nature":"Modest","evs":{"hp":200,"atk":0,"def":0,"spa":184,"spd":4,"spe":120},"gender":"M","shiny":true,"ivs":{"hp":31,"atk":31,"def":31,"spa":31,"spd":31,"spe":31}},{"name":"Great-ily","species":"cradily","item":"leftovers","ability":"Storm Drain","moves":["ancientpower","earthpower","recover","toxic"],"nature":"Calm","evs":{"hp":232,"atk":24,"def":0,"spa":0,"spd":252,"spe":0},"gender":"M","shiny":true,"ivs":{"hp":31,"atk":31,"def":31,"spa":31,"spd":31,"spe":31}},{"name":"Plantasaurus","species":"venusaur","item":"venusaurite","ability":"Chlorophyll","moves":["gigadrain","hiddenpowerrock","sludgebomb","synthesis"],"nature":"Modest","evs":{"hp":0,"atk":0,"def":68,"spa":188,"spd":0,"spe":252},"gender":"M","ivs":{"hp":31,"atk":31,"def":30,"spa":31,"spd":30,"spe":30},"shiny":true}],"p2team":[{"name":"Meloetta","species":"Meloetta","item":"leftovers","ability":"Serene Grace","moves":["psyshock","dazzlinggleam","shadowball","knockoff"],"nature":"Calm","evs":{"hp":156,"atk":0,"def":0,"spa":252,"spd":100,"spe":0},"ivs":{"hp":31,"atk":31,"def":30,"spa":31,"spd":31,"spe":31}},{"name":"Mew","species":"Mew","item":"leftovers","ability":"Synchronize","moves":["softboiled","willowisp","defog","taunt"],"nature":"Timid","evs":{"hp":100,"atk":0,"def":252,"spa":0,"spd":52,"spe":104},"ivs":{"hp":31,"atk":0,"def":31,"spa":31,"spd":31,"spe":31},"shiny":true},{"name":"Gardevoir","species":"Gardevoir","item":"gardevoirite","ability":"Trace","moves":["hypervoice","psyshock","focusblast","thunderbolt"],"nature":"Timid","evs":{"hp":4,"atk":0,"def":0,"spa":252,"spd":0,"spe":252},"gender":"F","ivs":{"hp":31,"atk":31,"def":31,"spa":30,"spd":30,"spe":31},"shiny":true},{"name":"Metagross","species":"Metagross","item":"assaultvest","ability":"Clear Body","moves":["meteormash","bulletpunch","earthquake","rocktomb"],"nature":"Adamant","evs":{"hp":200,"atk":252,"def":0,"spa":0,"spd":56,"spe":0},"ivs":{"hp":31,"atk":31,"def":31,"spa":31,"spd":31,"spe":31}},{"name":"Victini","species":"Victini","item":"choicescarf","ability":"Victory Star","moves":["vcreate","boltstrike","uturn","trick"],"nature":"Jolly","evs":{"hp":0,"atk":252,"def":0,"spa":0,"spd":4,"spe":252},"ivs":{"hp":31,"atk":31,"def":31,"spa":31,"spd":31,"spe":31}},{"name":"Slowbro","species":"Slowbro","item":"leftovers","ability":"Regenerator","moves":["scald","icebeam","slackoff","toxic"],"nature":"Bold","evs":{"hp":248,"atk":0,"def":244,"spa":16,"spd":0,"spe":0},"gender":"M","ivs":{"hp":31,"atk":0,"def":31,"spa":31,"spd":31,"spe":31},"shiny":true}],"log":["|player|p1|GTX♅Bzumzum|225","|player|p2|Alliance - Sconex|50","|gametype|singles","|gen|6","|tier|Monotype","|rated","|rule|Baton Pass Clause: Limit one Baton Passer, can't pass Spe and other stats simultaneously","|rule|Swagger Clause: Swagger is banned","|rule|Same Type Clause: Pokémon in a team must share a type","|clearpoke","|poke|p1|Ferrothorn, M","|poke|p1|Breloom, M, shiny","|poke|p1|Shaymin, shiny","|poke|p1|Ludicolo, M, shiny","|poke|p1|Cradily, M, shiny","|poke|p1|Venusaur, M, shiny","|poke|p2|Meloetta","|poke|p2|Mew, shiny","|poke|p2|Gardevoir, F, shiny","|poke|p2|Metagross","|poke|p2|Victini","|poke|p2|Slowbro, M, shiny","|rule|Sleep Clause Mod: Limit one foe put to sleep","|rule|Species Clause: Limit one of each Pokémon","|rule|OHKO Clause: OHKO moves are banned","|rule|Moody Clause: Moody is banned","|rule|Evasion Moves Clause: Evasion moves are banned","|rule|Endless Battle Clause: Forcing endless battles is banned","|rule|HP Percentage Mod: HP is shown in percentages","|teampreview","|","|start","|switch|p1a: Great-ily|Cradily, M, shiny|371/371","|switch|p2a: Victini|Victini|341/341","|turn|1","|","|move|p2a: Victini|U-turn|p1a: Great-ily","|-supereffective|p1a: Great-ily","|-damage|p1a: Great-ily|239/371","|","|switch|p2a: Slowbro|Slowbro, M, shiny|393/393","|move|p1a: Great-ily|Ancient Power|p2a: Slowbro","|-damage|p2a: Slowbro|320/393","|","|-heal|p1a: Great-ily|262/371|[from] item: Leftovers","|-heal|p2a: Slowbro|344/393|[from] item: Leftovers","|turn|2","|","|move|p1a: Great-ily|Toxic|p2a: Slowbro|[miss]","|-miss|p1a: Great-ily|p2a: Slowbro","|move|p2a: Slowbro|Toxic|p1a: Great-ily|[miss]","|-miss|p2a: Slowbro|p1a: Great-ily","|","|-heal|p1a: Great-ily|285/371|[from] item: Leftovers","|-heal|p2a: Slowbro|368/393|[from] item: Leftovers","|turn|3","|","|move|p1a: Great-ily|Toxic|p2a: Slowbro","|-status|p2a: Slowbro|tox","|move|p2a: Slowbro|Toxic|p1a: Great-ily","|-status|p1a: Great-ily|tox","|","|-heal|p1a: Great-ily|308/371 tox|[from] item: Leftovers","|-heal|p2a: Slowbro|392/393 tox|[from] item: Leftovers","|-damage|p1a: Great-ily|285/371 tox|[from] psn","|-damage|p2a: Slowbro|368/393 tox|[from] psn","|turn|4","|","|switch|p2a: Metagross|Metagross|351/351","|move|p1a: Great-ily|Earth Power|p2a: Metagross","|-supereffective|p2a: Metagross","|-damage|p2a: Metagross|275/351","|","|-heal|p1a: Great-ily|308/371 tox|[from] item: Leftovers","|-damage|p1a: Great-ily|262/371 tox|[from] psn","|turn|5","|","|switch|p2a: Victini|Victini|341/341","|switch|p1a: Healer|Shaymin, shiny|341/341","|","|turn|6","|","|switch|p1a: Ludicool|Ludicolo, M, shiny|351/351","|move|p2a: Victini|V-create|p1a: Ludicool","|-damage|p1a: Ludicool|11/351","|-unboost|p2a: Victini|spe|1","|-unboost|p2a: Victini|def|1","|-unboost|p2a: Victini|spd|1","|","|-heal|p1a: Ludicool|32/351|[from] item: Leftovers","|turn|7","|","|move|p2a: Victini|V-create|p1a: Ludicool","|-damage|p1a: Ludicool|0 fnt","|-unboost|p2a: Victini|spe|1","|-unboost|p2a: Victini|def|1","|-unboost|p2a: Victini|spd|1","|faint|p1a: Ludicool","|","|","|switch|p1a: Great-ily|Cradily, M, shiny|262/371 tox","|turn|8","|","|switch|p2a: Slowbro|Slowbro, M, shiny|393/393 tox","|move|p1a: Great-ily|Ancient Power|p2a: Slowbro","|-damage|p2a: Slowbro|323/393 tox","|","|-heal|p1a: Great-ily|285/371 tox|[from] item: Leftovers","|-heal|p2a: Slowbro|347/393 tox|[from] item: Leftovers","|-damage|p1a: Great-ily|262/371 tox|[from] psn","|-damage|p2a: Slowbro|323/393 tox|[from] psn","|turn|9","|","|switch|p1a: Healer|Shaymin, shiny|341/341","|move|p2a: Slowbro|Ice Beam|p1a: Healer","|-supereffective|p1a: Healer","|-damage|p1a: Healer|219/341","|","|-heal|p1a: Healer|240/341|[from] item: Leftovers","|-heal|p2a: Slowbro|347/393 tox|[from] item: Leftovers","|-damage|p2a: Slowbro|299/393 tox|[from] psn","|turn|10","|","|switch|p2a: Meloetta|Meloetta|380/380","|move|p1a: Healer|Aromatherapy|p1a: Healer","|-cureteam|p1a: Healer|[from] move: Aromatherapy","|","|-heal|p1a: Healer|261/341|[from] item: Leftovers","|turn|11","|","|move|p1a: Healer|Air Slash|p2a: Meloetta","|-damage|p2a: Meloetta|332/380","|cant|p2a: Meloetta|flinch","|","|-heal|p1a: Healer|282/341|[from] item: Leftovers","|-heal|p2a: Meloetta|355/380|[from] item: Leftovers","|turn|12","|","|switch|p2a: Victini|Victini|341/341","|move|p1a: Healer|Seed Flare|p2a: Victini","|-resisted|p2a: Victini","|-damage|p2a: Victini|251/341","|-unboost|p2a: Victini|spd|2","|","|-heal|p1a: Healer|303/341|[from] item: Leftovers","|turn|13","|","|switch|p1a: Great-ily|Cradily, M, shiny|262/371","|move|p2a: Victini|V-create|p1a: Great-ily","|-damage|p1a: Great-ily|7/371","|-unboost|p2a: Victini|spe|1","|-unboost|p2a: Victini|def|1","|-unboost|p2a: Victini|spd|1","|","|-heal|p1a: Great-ily|30/371|[from] item: Leftovers","|turn|14","|","|move|p2a: Victini|V-create|p1a: Great-ily","|-damage|p1a: Great-ily|0 fnt","|-unboost|p2a: Victini|spe|1","|-unboost|p2a: Victini|def|1","|-unboost|p2a: Victini|spd|1","|faint|p1a: Great-ily","|","|","|switch|p1a: Thorns|Ferrothorn, M|321/321","|turn|15","|","|move|p2a: Victini|V-create|p1a: Thorns","|-supereffective|p1a: Thorns","|-enditem|p1a: Thorns|Focus Sash","|-damage|p1a: Thorns|1/321","|-damage|p2a: Victini|209/341|[from] ability: Iron Barbs|[of] p1a: Thorns","|-unboost|p2a: Victini|spe|1","|-unboost|p2a: Victini|def|1","|-unboost|p2a: Victini|spd|1","|move|p1a: Thorns|Leech Seed|p2a: Victini|[miss]","|-miss|p1a: Thorns|p2a: Victini","|","|turn|16","|","|move|p1a: Thorns|Protect|p1a: Thorns","|-singleturn|p1a: Thorns|Protect","|move|p2a: Victini|V-create|p1a: Thorns","|-activate|p1a: Thorns|Protect","|","|turn|17","|","|switch|p2a: Slowbro|Slowbro, M, shiny|393/393 tox","|move|p1a: Thorns|Protect|p1a: Thorns","|-fail|p1a: Thorns","|","|-damage|p2a: Slowbro|369/393 tox|[from] psn","|turn|18","|","|move|p2a: Slowbro|Ice Beam|p1a: Thorns","|-damage|p1a: Thorns|0 fnt","|faint|p1a: Thorns","|","|-heal|p2a: Slowbro|393/393 tox|[from] item: Leftovers","|-damage|p2a: Slowbro|345/393 tox|[from] psn","|","|switch|p1a: Plantasaurus|Venusaur, M, shiny|301/301","|turn|19","|","|detailschange|p1a: Plantasaurus|Venusaur-Mega, M, shiny","|-mega|p1a: Plantasaurus|Venusaur|Venusaurite","|move|p1a: Plantasaurus|Sludge Bomb|p2a: Slowbro","|-damage|p2a: Slowbro|140/393 tox","|move|p2a: Slowbro|Ice Beam|p1a: Plantasaurus","|-supereffective|p1a: Plantasaurus","|-damage|p1a: Plantasaurus|233/301","|","|-heal|p2a: Slowbro|164/393 tox|[from] item: Leftovers","|-damage|p2a: Slowbro|92/393 tox|[from] psn","|turn|20","|","|move|p1a: Plantasaurus|Giga Drain|p2a: Slowbro","|-supereffective|p2a: Slowbro","|-damage|p2a: Slowbro|0 fnt","|-heal|p1a: Plantasaurus|279/301|[from] drain|[of] p2a: Slowbro","|faint|p2a: Slowbro","|","|","|switch|p2a: Metagross|Metagross|275/351","|turn|21","|","|switch|p1a: Healer|Shaymin, shiny|303/341","|move|p2a: Metagross|Meteor Mash|p1a: Healer","|-crit|p1a: Healer","|-damage|p1a: Healer|39/341","|","|-heal|p1a: Healer|60/341|[from] item: Leftovers","|turn|22","|","|move|p2a: Metagross|Bullet Punch|p1a: Healer","|-damage|p1a: Healer|0 fnt","|faint|p1a: Healer","|","|","|switch|p1a: Brawloom|Breloom, M, shiny|262/262","|turn|23","|","|move|p2a: Metagross|Bullet Punch|p1a: Brawloom","|-damage|p1a: Brawloom|171/262","|move|p1a: Brawloom|Spore|p2a: Metagross","|-status|p2a: Metagross|slp","|","|turn|24","|","|cant|p2a: Metagross|slp","|move|p1a: Brawloom|Swords Dance|p1a: Brawloom","|-boost|p1a: Brawloom|atk|2","|","|turn|25","|","|cant|p2a: Metagross|slp","|move|p1a: Brawloom|Swords Dance|p1a: Brawloom","|-boost|p1a: Brawloom|atk|2","|","|turn|26","|","|move|p1a: Brawloom|Mach Punch|p2a: Metagross","|-damage|p2a: Metagross|35/351 slp","|-curestatus|p2a: Metagross|slp","|move|p2a: Metagross|Bullet Punch|p1a: Brawloom","|-damage|p1a: Brawloom|77/262","|","|turn|27","|","|move|p1a: Brawloom|Mach Punch|p2a: Metagross","|-damage|p2a: Metagross|0 fnt","|faint|p2a: Metagross","|","|","|switch|p2a: Gardevoir|Gardevoir, F, shiny|278/278","|-ability|p2a: Gardevoir|Technician|[from] ability: Trace|[of] p1a: Brawloom","|turn|28","|","|detailschange|p2a: Gardevoir|Gardevoir-Mega, F, shiny","|-mega|p2a: Gardevoir|Gardevoir|Gardevoirite","|move|p2a: Gardevoir|Psyshock|p1a: Brawloom","|-supereffective|p1a: Brawloom","|-damage|p1a: Brawloom|0 fnt","|faint|p1a: Brawloom","|","|","|switch|p1a: Plantasaurus|Venusaur-Mega, M, shiny|279/301","|turn|29","|","|move|p2a: Gardevoir|Psyshock|p1a: Plantasaurus","|-supereffective|p1a: Plantasaurus","|-damage|p1a: Plantasaurus|19/301","|move|p1a: Plantasaurus|Sludge Bomb|p2a: Gardevoir","|-supereffective|p2a: Gardevoir","|-damage|p2a: Gardevoir|36/278","|-status|p2a: Gardevoir|psn","|","|-damage|p2a: Gardevoir|2/278 psn|[from] psn","|turn|30","|","|move|p2a: Gardevoir|Psyshock|p1a: Plantasaurus","|-supereffective|p1a: Plantasaurus","|-damage|p1a: Plantasaurus|0 fnt","|faint|p1a: Plantasaurus","|","|win|Alliance - Sconex"],"p1rating":{"entryid":"1463","serverid":"eos","formatid":"monotype","userid":"gtxbzumzum","username":"GTX♅Bzumzum","w":"22","l":59,"t":"0","gxe":28.5,"r":"1318.2841403955","rd":"42.695244026916","sigma":"0","rptime":"1440752400","rpr":1325.8113398479,"rprd":41.796497872998,"rpsigma":"0","acre":1056.6841561847,"lacre":1056.6841561847,"oldacre":"1076.9832903887"},"p2rating":{"entryid":"581956","serverid":"eos","formatid":"monotype","userid":"alliancesconex","username":"Alliance - Sconex","w":5,"l":"2","t":"0","gxe":58.7,"r":"1500","rd":"130","sigma":"0","rptime":"1440752400","rpr":1568.4159556541,"rprd":96.915796814247,"rpsigma":"0","acre":1121.0911473375,"lacre":1121.0911473375,"oldacre":"1097.1346228866"},"endType":"normal"}