{"seed":[20009,10504,55763,6499],"turns":25,"p1":"Void Wiley","p2":"Crystal Reflexs","p1team":[{"name":"Tuba","species":"slurpuff","item":"sitrusberry","ability":"Unburden","moves":["bellydrum","drainpunch","playrough","aromatherapy"],"nature":"Jolly","evs":{"hp":4,"atk":252,"def":0,"spa":0,"spd":0,"spe":252},"ivs":{"hp":31,"atk":31,"def":31,"spa":31,"spd":31,"spe":31}},{"name":"Clarinet","species":"azumarill","item":"sitrusberry","ability":"Huge Power","moves":["bellydrum","aquajet","brickbreak","playrough"],"nature":"Adamant","evs":{"hp":252,"atk":252,"def":0,"spa":0,"spd":4,"spe":0},"ivs":{"hp":31,"atk":31,"def":31,"spa":31,"spd":31,"spe":31}},{"name":"Flute","species":"gardevoir","item":"gardevoirite","ability":"Synchronize","moves":["psyshock","hypervoice","energyball","focusblast"],"nature":"Timid","evs":{"hp":4,"atk":0,"def":0,"spa":252,"spd":0,"spe":252},"ivs":{"hp":31,"atk":31,"def":31,"spa":31,"spd":31,"spe":31}},{"name":"Alto","species":"togekiss","item":"choicescarf","ability":"Serene Grace","moves":["airslash","flamethrower","aurasphere","dazzlinggleam"],"nature":"Timid","evs":{"hp":0,"atk":0,"def":0,"spa":252,"spd":4,"spe":252},"ivs":{"hp":31,"atk":31,"def":31,"spa":31,"spd":31,"spe":31}},{"name":"Sax","species":"klefki","item":"lightclay","ability":"Prankster","moves":["thunderwave","lightscreen","reflect","foulplay"],"nature":"Bold","evs":{"hp":248,"atk":0,"def":252,"spa":0,"spd":8,"spe":0},"ivs":{"hp":31,"atk":31,"def":31,"spa":31,"spd":31,"spe":31}},{"name":"Trumpet","species":"sylveon","item":"leftovers","ability":"Pixilate","moves":["hypervoice","wish","protect","calmmind"],"nature":"Bold","evs":{"hp":252,"atk":0,"def":252,"spa":4,"spd":0,"spe":0},"ivs":{"hp":31,"atk":31,"def":31,"spa":31,"spd":31,"spe":31}}],"p2team":[{"name":"Heatran","species":"Heatran","item":"leftovers","ability":"Flash Fire","moves":["lavaplume","stealthrock","earthpower","toxic"],"nature":"Calm","evs":{"hp":252,"atk":0,"def":0,"spa":0,"spd":176,"spe":80},"ivs":{"hp":31,"atk":31,"def":31,"spa":31,"spd":31,"spe":31}},{"name":"Bisharp","species":"Bisharp","item":"lifeorb","ability":"Defiant","moves":["knockoff","swordsdance","suckerpunch","ironhead"],"nature":"Adamant","evs":{"hp":0,"atk":252,"def":0,"spa":0,"spd":4,"spe":252},"ivs":{"hp":31,"atk":31,"def":31,"spa":31,"spd":31,"spe":31}},{"name":"Skarmory","species":"Skarmory","item":"rockyhelmet","ability":"Sturdy","moves":["bravebird","spikes","roost","whirlwind"],"nature":"Impish","evs":{"hp":252,"atk":0,"def":252,"spa":0,"spd":4,"spe":0},"ivs":{"hp":31,"atk":31,"def":31,"spa":31,"spd":31,"spe":31}},{"name":"Doublade","species":"Doublade","item":"eviolite","ability":"No Guard","moves":["swordsdance","shadowclaw","shadowsneak","sacredsword"],"nature":"Adamant","evs":{"hp":248,"atk":252,"def":0,"spa":0,"spd":8,"spe":0},"ivs":{"hp":31,"atk":31,"def":31,"spa":31,"spd":31,"spe":31}},{"name":"Excadrill","species":"Excadrill","item":"choicescarf","ability":"Mold Breaker","moves":["earthquake","rockslide","rapidspin","ironhead"],"nature":"Jolly","evs":{"hp":0,"atk":252,"def":0,"spa":0,"spd":4,"spe":252},"ivs":{"hp":31,"atk":31,"def":31,"spa":31,"spd":31,"spe":31}},{"name":"Magnezone","species":"Magnezone","item":"choicescarf","ability":"Magnet Pull","moves":["voltswitch","hiddenpowerice","flashcannon","thunderbolt"],"nature":"Timid","evs":{"hp":0,"atk":0,"def":0,"spa":252,"spd":4,"spe":252},"ivs":{"hp":31,"atk":30,"def":30,"spa":31,"spd":31,"spe":31}}],"log":["|player|p1|Void Wiley|voidwiley.png","|player|p2|Crystal Reflexs|278","|gametype|singles","|gen|6","|tier|Monotype","|rated","|rule|Baton Pass Clause: Limit one Baton Passer, can't pass Spe and other stats simultaneously","|rule|Swagger Clause: Swagger is banned","|rule|Same Type Clause: Pokémon in a team must share a type","|clearpoke","|poke|p1|Slurpuff, M","|poke|p1|Azumarill, F","|poke|p1|Gardevoir, M","|poke|p1|Togekiss, F","|poke|p1|Klefki, M","|poke|p1|Sylveon, M","|poke|p2|Heatran, F","|poke|p2|Bisharp, F","|poke|p2|Skarmory, M","|poke|p2|Doublade, F","|poke|p2|Excadrill, M","|poke|p2|Magnezone","|rule|Sleep Clause Mod: Limit one foe put to sleep","|rule|Species Clause: Limit one of each Pokémon","|rule|OHKO Clause: OHKO moves are banned","|rule|Moody Clause: Moody is banned","|rule|Evasion Moves Clause: Evasion moves are banned","|rule|Endless Battle Clause: Forcing endless battles is banned","|rule|HP Percentage Mod: HP is shown in percentages","|teampreview","|","|start","|switch|p1a: Sax|Klefki, M|317/317","|switch|p2a: Magnezone|Magnezone|281/281","|turn|1","|","|move|p1a: Sax|Light Screen|p1a: Sax","|-sidestart|p1: Void Wiley|move: Light Screen","|move|p2a: Magnezone|Volt Switch|p1a: Sax","|-damage|p1a: Sax|246/317","|","|switch|p2a: Heatran|Heatran, F|386/386","|","|turn|2","|","|move|p1a: Sax|Thunder Wave|p2a: Heatran","|-status|p2a: Heatran|par","|move|p2a: Heatran|Earth Power|p1a: Sax","|-supereffective|p1a: Sax","|-damage|p1a: Sax|146/317","|","|turn|3","|","|move|p1a: Sax|Reflect|p1a: Sax","|-sidestart|p1: Void Wiley|Reflect","|move|p2a: Heatran|Lava Plume|p1a: Sax","|-supereffective|p1a: Sax","|-damage|p1a: Sax|22/317","|","|turn|4","|","|move|p1a: Sax|Foul Play|p2a: Heatran","|-damage|p2a: Heatran|324/386 par","|cant|p2a: Heatran|par","|","|-heal|p2a: Heatran|348/386 par|[from] item: Leftovers","|turn|5","|","|move|p1a: Sax|Foul Play|p2a: Heatran","|-damage|p2a: Heatran|290/386 par","|cant|p2a: Heatran|par","|","|-heal|p2a: Heatran|314/386 par|[from] item: Leftovers","|turn|6","|","|move|p1a: Sax|Foul Play|p2a: Heatran","|-damage|p2a: Heatran|252/386 par","|move|p2a: Heatran|Earth Power|p1a: Sax","|-supereffective|p1a: Sax","|-damage|p1a: Sax|0 fnt","|faint|p1a: Sax","|","|-heal|p2a: Heatran|276/386 par|[from] item: Leftovers","|","|switch|p1a: Tuba|Slurpuff, M|306/306","|turn|7","|","|switch|p2a: Bisharp|Bisharp, F|271/271","|move|p1a: Tuba|Belly Drum|p1a: Tuba","|-damage|p1a: Tuba|153/306","|-setboost|p1a: Tuba|atk|6|[from] move: Belly Drum","|-enditem|p1a: Tuba|Sitrus Berry|[eat]","|-heal|p1a: Tuba|229/306|[from] item: Sitrus Berry","|","|turn|8","|","|move|p1a: Tuba|Drain Punch|p2a: Bisharp","|-supereffective|p2a: Bisharp","|-damage|p2a: Bisharp|0 fnt","|-heal|p1a: Tuba|306/306|[from] drain|[of] p2a: Bisharp","|faint|p2a: Bisharp","|","|-sideend|p1: Void Wiley|move: Light Screen","|","|switch|p2a: Doublade|Doublade, F|321/321","|turn|9","|","|move|p1a: Tuba|Play Rough|p2a: Doublade","|-resisted|p2a: Doublade","|-damage|p2a: Doublade|212/321","|move|p2a: Doublade|Swords Dance|p2a: Doublade","|-boost|p2a: Doublade|atk|2","|","|turn|10","|","|move|p1a: Tuba|Play Rough|p2a: Doublade","|-resisted|p2a: Doublade","|-damage|p2a: Doublade|110/321","|move|p2a: Doublade|Shadow Claw|p1a: Tuba","|-damage|p1a: Tuba|169/306","|","|-sideend|p1: Void Wiley|Reflect","|turn|11","|","|move|p2a: Doublade|Shadow Sneak|p1a: Tuba","|-damage|p1a: Tuba|10/306","|move|p1a: Tuba|Play Rough|p2a: Doublade","|-resisted|p2a: Doublade","|-damage|p2a: Doublade|0 fnt","|faint|p2a: Doublade","|","|","|switch|p2a: Skarmory|Skarmory, M|334/334","|turn|12","|","|move|p1a: Tuba|Drain Punch|p2a: Skarmory","|-damage|p2a: Skarmory|180/334","|-heal|p1a: Tuba|87/306|[from] drain|[of] p2a: Skarmory","|-damage|p1a: Tuba|36/306|[from] item: Rocky Helmet|[of] p2a: Skarmory","|move|p2a: Skarmory|Spikes|p1a: Tuba","|-sidestart|p1: Void Wiley|Spikes","|","|turn|13","|","|move|p1a: Tuba|Drain Punch|p2a: Skarmory","|-damage|p2a: Skarmory|29/334","|-heal|p1a: Tuba|112/306|[from] drain|[of] p2a: Skarmory","|-damage|p1a: Tuba|61/306|[from] item: Rocky Helmet|[of] p2a: Skarmory","|move|p2a: Skarmory|Brave Bird|p1a: Tuba","|-damage|p1a: Tuba|0 fnt","|-damage|p2a: Skarmory|9/334|[from] recoil|[of] p1a: Tuba","|faint|p1a: Tuba","|","|","|switch|p1a: Clarinet|Azumarill, F|404/404","|-damage|p1a: Clarinet|354/404|[from] Spikes","|turn|14","|","|move|p1a: Clarinet|Aqua Jet|p2a: Skarmory","|-damage|p2a: Skarmory|0 fnt","|-damage|p1a: Clarinet|287/404|[from] item: Rocky Helmet|[of] p2a: Skarmory","|faint|p2a: Skarmory","|","|","|switch|p2a: Magnezone|Magnezone|281/281","|turn|15","|","|switch|p1a: Trumpet|Sylveon, M|394/394","|-damage|p1a: Trumpet|345/394|[from] Spikes","|move|p2a: Magnezone|Thunderbolt|p1a: Trumpet","|-damage|p1a: Trumpet|210/394","|-status|p1a: Trumpet|par","|","|-heal|p1a: Trumpet|234/394 par|[from] item: Leftovers","|turn|16","|","|move|p2a: Magnezone|Thunderbolt|p1a: Trumpet","|-damage|p1a: Trumpet|104/394 par","|move|p1a: Trumpet|Hyper Voice|p2a: Magnezone","|-resisted|p2a: Magnezone","|-damage|p2a: Magnezone|193/281","|","|-heal|p1a: Trumpet|128/394 par|[from] item: Leftovers","|turn|17","|","|move|p1a: Trumpet|Protect|p1a: Trumpet","|-singleturn|p1a: Trumpet|Protect","|move|p2a: Magnezone|Thunderbolt|p1a: Trumpet","|-activate|p1a: Trumpet|Protect","|","|-heal|p1a: Trumpet|152/394 par|[from] item: Leftovers","|turn|18","|","|switch|p2a: Excadrill|Excadrill, M|361/361","|-ability|p2a: Excadrill|Mold Breaker","|cant|p1a: Trumpet|par","|","|-heal|p1a: Trumpet|176/394 par|[from] item: Leftovers","|turn|19","|","|move|p2a: Excadrill|Iron Head|p1a: Trumpet","|-supereffective|p1a: Trumpet","|-damage|p1a: Trumpet|0 fnt","|faint|p1a: Trumpet","|","|","|switch|p1a: Clarinet|Azumarill, F|287/404","|-damage|p1a: Clarinet|237/404|[from] Spikes","|turn|20","|","|move|p1a: Clarinet|Aqua Jet|p2a: Excadrill","|-supereffective|p2a: Excadrill","|-damage|p2a: Excadrill|119/361","|move|p2a: Excadrill|Iron Head|p1a: Clarinet","|-damage|p1a: Clarinet|69/404","|-enditem|p1a: Clarinet|Sitrus Berry|[eat]","|-heal|p1a: Clarinet|170/404|[from] item: Sitrus Berry","|","|turn|21","|","|move|p2a: Excadrill|Iron Head|p1a: Clarinet","|-damage|p1a: Clarinet|0 fnt","|faint|p1a: Clarinet","|","|","|switch|p1a: Alto|Togekiss, F|311/311","|turn|22","|","|move|p2a: Excadrill|Iron Head|p1a: Alto","|-supereffective|p1a: Alto","|-damage|p1a: Alto|15/311","|move|p1a: Alto|Aura Sphere|p2a: Excadrill","|-supereffective|p2a: Excadrill","|-damage|p2a: Excadrill|0 fnt","|faint|p2a: Excadrill","|","|","|switch|p2a: Magnezone|Magnezone|193/281","|turn|23","|","|move|p1a: Alto|Aura Sphere|p2a: Magnezone","|-supereffective|p2a: Magnezone","|-damage|p2a: Magnezone|1/281","|move|p2a: Magnezone|Flash Cannon|p1a: Alto","|-supereffective|p1a: Alto","|-damage|p1a: Alto|0 fnt","|faint|p1a: Alto","|","|","|switch|p1a: Flute|Gardevoir, M|278/278","|-damage|p1a: Flute|244/278|[from] Spikes","|turn|24","|","|detailschange|p1a: Flute|Gardevoir-Mega, M","|-mega|p1a: Flute|Gardevoir|Gardevoirite","|move|p2a: Magnezone|Flash Cannon|p1a: Flute","|-supereffective|p1a: Flute","|-damage|p1a: Flute|28/278","|move|p1a: Flute|Hyper Voice|p2a: Magnezone","|-resisted|p2a: Magnezone","|-damage|p2a: Magnezone|0 fnt","|faint|p2a: Magnezone","|","|","|switch|p2a: Heatran|Heatran, F|276/386 par","|turn|25","|","|move|p1a: Flute|Focus Blast|p2a: Heatran|[miss]","|-miss|p1a: Flute|p2a: Heatran","|move|p2a: Heatran|Lava Plume|p1a: Flute","|-damage|p1a: Flute|0 fnt","|faint|p1a: Flute","|","|win|Crystal Reflexs"],"p1rating":{"entryid":"91212","serverid":"eos","formatid":"monotype","userid":"voidwiley","username":"Void Wiley","w":"44","l":23,"t":"0","gxe":66.3,"r":"1635.1929176036","rd":"45.344567644967","sigma":"0","rptime":"1440752400","rpr":1627.9282597968,"rprd":45.056592324334,"rpsigma":"0","acre":1141.068028601,"lacre":1141.068028601,"oldacre":"1177.8537157732"},"p2rating":{"entryid":590084,"formatid":"monotype","userid":"crystalreflexs","username":"Crystal Reflexs","r":1500,"rd":130,"sigma":0,"rpr":1558.8411856717,"rprd":122.91139184888,"rpsigma":0,"rptime":1440752400,"w":1,"l":0,"t":0,"gxe":57.3,"acre":1058.8570994754,"lacre":1058.8570994754,"oldacre":1000},"endType":"normal"}