{"seed":[45726,44578,39599,21980],"turns":16,"p1":"Void KGBeast","p2":"Jiraqua","p1team":[{"name":"Charizard","species":"Charizard","item":"charizarditey","ability":"Blaze","moves":["defog","focusblast","fireblast","solarbeam"],"nature":"Timid","evs":{"hp":0,"atk":0,"def":0,"spa":252,"spd":4,"spe":252},"ivs":{"hp":31,"atk":0,"def":31,"spa":31,"spd":31,"spe":31}},{"name":"Darmanitan","species":"Darmanitan","item":"choicescarf","ability":"Sheer Force","moves":["flareblitz","rockslide","uturn","superpower"],"nature":"Jolly","evs":{"hp":0,"atk":252,"def":4,"spa":0,"spd":0,"spe":252},"ivs":{"hp":31,"atk":31,"def":31,"spa":31,"spd":31,"spe":31}},{"name":"Infernape","species":"Infernape","item":"focussash","ability":"Blaze","moves":["taunt","closecombat","fireblast","hiddenpowerice"],"nature":"Naive","evs":{"hp":0,"atk":252,"def":0,"spa":4,"spd":0,"spe":252},"ivs":{"hp":31,"atk":30,"def":30,"spa":31,"spd":31,"spe":31}},{"name":"Rotom-Heat","species":"Rotom-Heat","item":"leftovers","ability":"Levitate","moves":["voltswitch","lightscreen","toxic","thunderbolt"],"nature":"Calm","evs":{"hp":248,"atk":0,"def":0,"spa":0,"spd":252,"spe":8},"ivs":{"hp":31,"atk":0,"def":31,"spa":31,"spd":31,"spe":31}},{"name":"Chandelure","species":"Chandelure","item":"choicescarf","ability":"Flash Fire","moves":["flamethrower","shadowball","energyball","hiddenpowerice"],"nature":"Timid","evs":{"hp":0,"atk":0,"def":4,"spa":252,"spd":0,"spe":252},"ivs":{"hp":31,"atk":0,"def":30,"spa":31,"spd":31,"spe":31}},{"name":"Torkoal","species":"Torkoal","item":"rockyhelmet","ability":"White Smoke","moves":["stealthrock","lavaplume","yawn","rapidspin"],"nature":"Bold","evs":{"hp":248,"atk":0,"def":252,"spa":8,"spd":0,"spe":0},"ivs":{"hp":31,"atk":0,"def":31,"spa":31,"spd":31,"spe":31}}],"p2team":[{"name":"Floatzel","species":"Floatzel","item":"focussash","ability":"Water Veil","moves":["brickbreak","bulkup","crunch","aquatail"],"nature":"Jolly","evs":{"hp":0,"atk":252,"def":0,"spa":0,"spd":4,"spe":252},"ivs":{"hp":31,"atk":31,"def":31,"spa":31,"spd":31,"spe":31}},{"name":"Keldeo-Resolute","species":"Keldeo-Resolute","item":"lifeorb","ability":"Justified","moves":["icywind","hydropump","secretsword","hiddenpowerground"],"nature":"Timid","evs":{"hp":0,"atk":0,"def":0,"spa":252,"spd":4,"spe":252},"ivs":{"hp":31,"atk":31,"def":31,"spa":30,"spd":30,"spe":31}},{"name":"Rotom-Wash","species":"Rotom-Wash","item":"leftovers","ability":"Levitate","moves":["hydropump","voltswitch","painsplit","willowisp"],"nature":"Timid","evs":{"hp":0,"atk":0,"def":0,"spa":252,"spd":0,"spe":252},"ivs":{"hp":31,"atk":31,"def":31,"spa":31,"spd":31,"spe":31}},{"name":"Milotic","species":"Milotic","item":"leftovers","ability":"Marvel Scale","moves":["haze","recover","scald","icebeam"],"nature":"Bold","evs":{"hp":0,"atk":0,"def":252,"spa":4,"spd":252,"spe":0},"ivs":{"hp":31,"atk":31,"def":31,"spa":31,"spd":31,"spe":31}},{"name":"Gyarados","species":"Gyarados","item":"gyaradosite","ability":"Intimidate","moves":["dragondance","crunch","waterfall","earthquake"],"nature":"Adamant","evs":{"hp":0,"atk":252,"def":0,"spa":0,"spd":4,"spe":252},"ivs":{"hp":31,"atk":31,"def":31,"spa":31,"spd":31,"spe":31}},{"name":"Starmie","species":"Starmie","item":"lifeorb","ability":"Natural Cure","moves":["icebeam","surf","thunderbolt","psychic"],"nature":"Timid","evs":{"hp":0,"atk":0,"def":0,"spa":252,"spd":4,"spe":252},"ivs":{"hp":31,"atk":31,"def":31,"spa":31,"spd":31,"spe":31}}],"log":["|player|p1|Void KGBeast|voidkgbeast.png","|player|p2|Jiraqua|33","|gametype|singles","|gen|6","|tier|Monotype","|rated","|rule|Baton Pass Clause: Limit one Baton Passer, can't pass Spe and other stats simultaneously","|rule|Swagger Clause: Swagger is banned","|rule|Same Type Clause: Pokémon in a team must share a type","|clearpoke","|poke|p1|Charizard, F","|poke|p1|Darmanitan, M","|poke|p1|Infernape, M","|poke|p1|Rotom-Heat","|poke|p1|Chandelure, F","|poke|p1|Torkoal, F","|poke|p2|Floatzel, M","|poke|p2|Keldeo-Resolute","|poke|p2|Rotom-Wash","|poke|p2|Milotic, M","|poke|p2|Gyarados, F","|poke|p2|Starmie","|rule|Sleep Clause Mod: Limit one foe put to sleep","|rule|Species Clause: Limit one of each Pokémon","|rule|OHKO Clause: OHKO moves are banned","|rule|Moody Clause: Moody is banned","|rule|Evasion Moves Clause: Evasion moves are banned","|rule|Endless Battle Clause: Forcing endless battles is banned","|rule|HP Percentage Mod: HP is shown in percentages","|teampreview","|","|start","|switch|p1a: Charizard|Charizard, F|297/297","|switch|p2a: Floatzel|Floatzel, M|311/311","|turn|1","|","|switch|p2a: Rotom-Wash|Rotom-Wash|241/241","|detailschange|p1a: Charizard|Charizard-Mega-Y, F","|-mega|p1a: Charizard|Charizard|Charizardite Y","|-weather|SunnyDay","|move|p1a: Charizard|Solar Beam|p2a: Rotom-Wash|[still]","|-prepare|p1a: Charizard|Solar Beam|p2a: Rotom-Wash","|-anim|p1a: Charizard|Solar Beam|p2a: Rotom-Wash","|-supereffective|p2a: Rotom-Wash","|-damage|p2a: Rotom-Wash|0 fnt","|faint|p2a: Rotom-Wash","|","|-weather|SunnyDay|[upkeep]","|","|switch|p2a: Starmie|Starmie|261/261","|turn|2","|","|switch|p1a: Rotom-Heat|Rotom-Heat|303/303","|move|p2a: Starmie|Thunderbolt|p1a: Rotom-Heat","|-resisted|p1a: Rotom-Heat","|-damage|p1a: Rotom-Heat|264/303","|-damage|p2a: Starmie|235/261|[from] item: Life Orb","|","|-weather|SunnyDay|[upkeep]","|-heal|p1a: Rotom-Heat|282/303|[from] item: Leftovers","|turn|3","|","|switch|p2a: Milotic|Milotic, M|331/331","|move|p1a: Rotom-Heat|Light Screen|p1a: Rotom-Heat","|-sidestart|p1: Void KGBeast|move: Light Screen","|","|-weather|SunnyDay|[upkeep]","|-heal|p1a: Rotom-Heat|300/303|[from] item: Leftovers","|turn|4","|","|move|p1a: Rotom-Heat|Toxic|p2a: Milotic","|-status|p2a: Milotic|tox","|move|p2a: Milotic|Scald|p1a: Rotom-Heat","|-supereffective|p1a: Rotom-Heat","|-damage|p1a: Rotom-Heat|266/303","|","|-weather|SunnyDay|[upkeep]","|-heal|p1a: Rotom-Heat|284/303|[from] item: Leftovers","|-damage|p2a: Milotic|311/331 tox|[from] psn","|turn|5","|","|switch|p2a: Gyarados|Gyarados, F|331/331","|-ability|p2a: Gyarados|Intimidate","|-unboost|p1a: Rotom-Heat|atk|1","|move|p1a: Rotom-Heat|Thunderbolt|p2a: Gyarados","|-supereffective|p2a: Gyarados","|-damage|p2a: Gyarados|0 fnt","|faint|p2a: Gyarados","|","|-weather|none","|-heal|p1a: Rotom-Heat|302/303|[from] item: Leftovers","|","|switch|p2a: Keldeo-Resolute|Keldeo-Resolute|323/323","|turn|6","|","|move|p2a: Keldeo-Resolute|Hydro Pump|p1a: Rotom-Heat|[miss]","|-miss|p2a: Keldeo-Resolute|p1a: Rotom-Heat","|move|p1a: Rotom-Heat|Volt Switch|p2a: Keldeo-Resolute","|-supereffective|p2a: Keldeo-Resolute","|-damage|p2a: Keldeo-Resolute|149/323","|","|switch|p1a: Charizard|Charizard-Mega-Y, F|297/297","|-weather|SunnyDay","|","|-weather|SunnyDay|[upkeep]","|turn|7","|","|move|p2a: Keldeo-Resolute|Hydro Pump|p1a: Charizard","|-supereffective|p1a: Charizard","|-damage|p1a: Charizard|183/297","|-damage|p2a: Keldeo-Resolute|117/323|[from] item: Life Orb","|move|p1a: Charizard|Solar Beam|p2a: Keldeo-Resolute|[still]","|-prepare|p1a: Charizard|Solar Beam|p2a: Keldeo-Resolute","|-anim|p1a: Charizard|Solar Beam|p2a: Keldeo-Resolute","|-supereffective|p2a: Keldeo-Resolute","|-damage|p2a: Keldeo-Resolute|0 fnt","|faint|p2a: Keldeo-Resolute","|","|-weather|SunnyDay|[upkeep]","|-sideend|p1: Void KGBeast|move: Light Screen","|","|switch|p2a: Starmie|Starmie|235/261","|turn|8","|","|switch|p1a: Rotom-Heat|Rotom-Heat|302/303","|move|p2a: Starmie|Surf|p1a: Rotom-Heat","|-supereffective|p1a: Rotom-Heat","|-damage|p1a: Rotom-Heat|182/303","|-damage|p2a: Starmie|209/261|[from] item: Life Orb","|","|-weather|SunnyDay|[upkeep]","|-heal|p1a: Rotom-Heat|200/303|[from] item: Leftovers","|turn|9","|","|switch|p2a: Milotic|Milotic, M|311/331 tox","|move|p1a: Rotom-Heat|Light Screen|p1a: Rotom-Heat","|-sidestart|p1: Void KGBeast|move: Light Screen","|","|-weather|SunnyDay|[upkeep]","|-heal|p1a: Rotom-Heat|218/303|[from] item: Leftovers","|-heal|p2a: Milotic|331/331 tox|[from] item: Leftovers","|-damage|p2a: Milotic|311/331 tox|[from] psn","|turn|10","|","|move|p1a: Rotom-Heat|Thunderbolt|p2a: Milotic","|-supereffective|p2a: Milotic","|-damage|p2a: Milotic|147/331 tox","|move|p2a: Milotic|Scald|p1a: Rotom-Heat","|-supereffective|p1a: Rotom-Heat","|-damage|p1a: Rotom-Heat|184/303","|","|-weather|none","|-heal|p1a: Rotom-Heat|202/303|[from] item: Leftovers","|-heal|p2a: Milotic|167/331 tox|[from] item: Leftovers","|-damage|p2a: Milotic|127/331 tox|[from] psn","|turn|11","|","|move|p1a: Rotom-Heat|Thunderbolt|p2a: Milotic","|-supereffective|p2a: Milotic","|-damage|p2a: Milotic|0 fnt","|faint|p2a: Milotic","|","|-heal|p1a: Rotom-Heat|220/303|[from] item: Leftovers","|","|switch|p2a: Floatzel|Floatzel, M|311/311","|turn|12","|","|move|p2a: Floatzel|Bulk Up|p2a: Floatzel","|-boost|p2a: Floatzel|atk|1","|-boost|p2a: Floatzel|def|1","|move|p1a: Rotom-Heat|Volt Switch|p2a: Floatzel","|-supereffective|p2a: Floatzel","|-enditem|p2a: Floatzel|Focus Sash","|-damage|p2a: Floatzel|1/311","|","|switch|p1a: Infernape|Infernape, M|293/293","|","|turn|13","|","|move|p2a: Floatzel|Aqua Tail|p1a: Infernape","|-supereffective|p1a: Infernape","|-enditem|p1a: Infernape|Focus Sash","|-damage|p1a: Infernape|1/293","|move|p1a: Infernape|Close Combat|p2a: Floatzel","|-damage|p2a: Floatzel|0 fnt","|-unboost|p1a: Infernape|def|1","|-unboost|p1a: Infernape|spd|1","|faint|p2a: Floatzel","|","|-sideend|p1: Void KGBeast|move: Light Screen","|","|switch|p2a: Starmie|Starmie|209/261","|turn|14","|","|switch|p1a: Charizard|Charizard-Mega-Y, F|183/297","|-weather|SunnyDay","|move|p2a: Starmie|Surf|p1a: Charizard","|-supereffective|p1a: Charizard","|-damage|p1a: Charizard|17/297","|-damage|p2a: Starmie|183/261|[from] item: Life Orb","|","|-weather|SunnyDay|[upkeep]","|turn|15","|","|switch|p1a: Chandelure|Chandelure, F|261/261","|move|p2a: Starmie|Surf|p1a: Chandelure","|-supereffective|p1a: Chandelure","|-damage|p1a: Chandelure|58/261","|-damage|p2a: Starmie|157/261|[from] item: Life Orb","|","|-weather|SunnyDay|[upkeep]","|turn|16","|","|move|p1a: Chandelure|Energy Ball|p2a: Starmie","|-supereffective|p2a: Starmie","|-damage|p2a: Starmie|0 fnt","|faint|p2a: Starmie","|","|win|Void KGBeast"],"p1rating":{"entryid":"129714","serverid":"eos","formatid":"monotype","userid":"voidkgbeast","username":"Void KGBeast","w":32,"l":"15","t":"0","gxe":67.4,"r":"1633.4269225375","rd":"52.11149764667","sigma":"0","rptime":"1440752400","rpr":1638.1102416272,"rprd":51.674337753747,"rpsigma":"0","acre":1190.3319739145,"lacre":1190.3319739145,"oldacre":"1177.073977637"},"p2rating":{"entryid":"583775","serverid":"eos","formatid":"monotype","userid":"jiraqua","username":"Jiraqua","w":"0","l":3,"t":"0","gxe":40.3,"r":"1500","rd":"130","sigma":"0","rptime":"1440752400","rpr":1421.9942424984,"rprd":111.72151088819,"rpsigma":"0","acre":1000,"lacre":1000,"oldacre":"1000"},"endType":"normal"}