{"seed":[33511,47624,55687,4357],"turns":25,"p1":"Alliance ♋ akaFila","p2":"Emg GL Test Tech","p1team":[{"name":"Landorus","species":"Landorus","item":"lifeorb","ability":"Sheer Force","moves":["earthpower","focusblast","psychic","gravity"],"nature":"Timid","evs":{"hp":0,"atk":0,"def":0,"spa":252,"spd":4,"spe":252},"ivs":{"hp":31,"atk":31,"def":31,"spa":31,"spd":31,"spe":31}},{"name":"Zygarde","species":"Zygarde","item":"leftovers","ability":"Aura Break","moves":["coil","earthquake","crunch","extremespeed"],"nature":"Impish","evs":{"hp":200,"atk":0,"def":252,"spa":0,"spd":0,"spe":56},"ivs":{"hp":31,"atk":31,"def":31,"spa":31,"spd":31,"spe":31}},{"name":"Mamoswine","species":"Mamoswine","item":"focussash","ability":"Thick Fat","moves":["stealthrock","freezedry","earthquake","iceshard"],"nature":"Naive","evs":{"hp":0,"atk":252,"def":0,"spa":6,"spd":0,"spe":252},"ivs":{"hp":31,"atk":31,"def":31,"spa":31,"spd":31,"spe":31}},{"name":"Gastrodon","species":"Gastrodon","item":"leftovers","ability":"Storm Drain","moves":["scald","stockpile","toxic","recover"],"nature":"Calm","evs":{"hp":252,"atk":0,"def":120,"spa":0,"spd":136,"spe":0},"gender":"F","shiny":true,"ivs":{"hp":31,"atk":31,"def":31,"spa":31,"spd":31,"spe":31}},{"name":"Torterra","species":"Torterra","item":"salacberry","ability":"Overgrow","moves":["rockpolish","seedbomb","earthquake","stoneedge"],"nature":"Adamant","evs":{"hp":0,"atk":252,"def":0,"spa":0,"spd":4,"spe":252},"happiness":0,"ivs":{"hp":31,"atk":31,"def":31,"spa":31,"spd":31,"spe":31}},{"name":"Excadrill","species":"Excadrill","item":"choicescarf","ability":"Mold Breaker","moves":["earthquake","ironhead","rockslide","xscissor"],"nature":"Jolly","evs":{"hp":0,"atk":252,"def":0,"spa":0,"spd":4,"spe":252},"ivs":{"hp":31,"atk":31,"def":31,"spa":31,"spd":31,"spe":31}}],"p2team":[{"name":"Cradily","species":"Cradily","item":"leftovers","ability":"Storm Drain","moves":["curse","recover","seedbomb","rockslide"],"nature":"Careful","evs":{"hp":252,"atk":4,"def":0,"spa":0,"spd":252,"spe":0},"ivs":{"hp":31,"atk":31,"def":31,"spa":31,"spd":31,"spe":31}},{"name":"Breloom","species":"Breloom","item":"focussash","ability":"Technician","moves":["machpunch","spore","bulletseed","counter"],"nature":"Jolly","evs":{"hp":0,"atk":252,"def":0,"spa":0,"spd":4,"spe":252},"ivs":{"hp":31,"atk":31,"def":31,"spa":31,"spd":31,"spe":31}},{"name":"Rotom-Mow","species":"Rotom-Mow","item":"choicescarf","ability":"Levitate","moves":["trick","voltswitch","leafstorm","willowisp"],"nature":"Timid","evs":{"hp":0,"atk":0,"def":0,"spa":252,"spd":4,"spe":252},"ivs":{"hp":31,"atk":31,"def":31,"spa":31,"spd":31,"spe":31}},{"name":"Roserade","species":"Roserade","item":"blacksludge","ability":"Technician","moves":["gigadrain","venoshock","hiddenpowerice","toxicspikes"],"nature":"Timid","evs":{"hp":252,"atk":0,"def":0,"spa":0,"spd":4,"spe":252},"ivs":{"hp":31,"atk":30,"def":30,"spa":31,"spd":31,"spe":31}},{"name":"Celebi","species":"Celebi","item":"leftovers","ability":"Natural Cure","moves":["calmmind","recover","psychic","earthpower"],"nature":"Bold","evs":{"hp":252,"atk":0,"def":220,"spa":0,"spd":0,"spe":36},"ivs":{"hp":31,"atk":31,"def":31,"spa":31,"spd":31,"spe":31}},{"name":"Shiftry","species":"Shiftry","item":"lifeorb","ability":"Early Bird","moves":["suckerpunch","defog","rockslide","knockoff"],"nature":"Jolly","evs":{"hp":0,"atk":252,"def":0,"spa":0,"spd":4,"spe":252},"ivs":{"hp":31,"atk":31,"def":31,"spa":31,"spd":31,"spe":31}}],"log":["|player|p1|Alliance ♋ akaFila|allianceakafila.gif","|player|p2|Emg GL Test Tech|149","|gametype|singles","|gen|6","|tier|Monotype","|rated","|rule|Baton Pass Clause: Limit one Baton Passer, can't pass Spe and other stats simultaneously","|rule|Swagger Clause: Swagger is banned","|rule|Same Type Clause: Pokémon in a team must share a type","|clearpoke","|poke|p1|Landorus, M","|poke|p1|Zygarde","|poke|p1|Mamoswine, M","|poke|p1|Gastrodon, F, shiny","|poke|p1|Torterra, F","|poke|p1|Excadrill, M","|poke|p2|Cradily, F","|poke|p2|Breloom, M","|poke|p2|Rotom-Mow","|poke|p2|Roserade, M","|poke|p2|Celebi","|poke|p2|Shiftry, F","|rule|Sleep Clause Mod: Limit one foe put to sleep","|rule|Species Clause: Limit one of each Pokémon","|rule|OHKO Clause: OHKO moves are banned","|rule|Moody Clause: Moody is banned","|rule|Evasion Moves Clause: Evasion moves are banned","|rule|Endless Battle Clause: Forcing endless battles is banned","|rule|HP Percentage Mod: HP is shown in percentages","|teampreview","|","|start","|switch|p1a: Mamoswine|Mamoswine, M|361/361","|switch|p2a: Shiftry|Shiftry, F|321/321","|turn|1","|","|switch|p1a: Torterra|Torterra, F|331/331","|move|p2a: Shiftry|Knock Off|p1a: Torterra","|-damage|p1a: Torterra|152/331","|-enditem|p1a: Torterra|Salac Berry|[from] move: Knock Off|[of] p2a: Shiftry","|-damage|p2a: Shiftry|289/321|[from] item: Life Orb","|","|turn|2","|","|move|p2a: Shiftry|Knock Off|p1a: Torterra","|-damage|p1a: Torterra|38/331","|-damage|p2a: Shiftry|257/321|[from] item: Life Orb","|move|p1a: Torterra|Stone Edge|p2a: Shiftry","|-damage|p2a: Shiftry|76/321","|","|turn|3","|","|move|p2a: Shiftry|Knock Off|p1a: Torterra","|-damage|p1a: Torterra|0 fnt","|-damage|p2a: Shiftry|44/321|[from] item: Life Orb","|faint|p1a: Torterra","|","|","|switch|p1a: Excadrill|Excadrill, M|361/361","|-ability|p1a: Excadrill|Mold Breaker","|turn|4","|","|move|p2a: Shiftry|Sucker Punch|p1a: Excadrill","|-damage|p1a: Excadrill|119/361","|-damage|p2a: Shiftry|12/321|[from] item: Life Orb","|move|p1a: Excadrill|X-Scissor|p2a: Shiftry","|-supereffective|p2a: Shiftry","|-damage|p2a: Shiftry|0 fnt","|faint|p2a: Shiftry","|","|","|switch|p2a: Breloom|Breloom, M|261/261","|turn|5","|","|switch|p1a: Gastrodon|Gastrodon, F, shiny|426/426","|move|p2a: Breloom|Mach Punch|p1a: Gastrodon","|-damage|p1a: Gastrodon|305/426","|","|-heal|p1a: Gastrodon|331/426|[from] item: Leftovers","|turn|6","|","|move|p2a: Breloom|Spore|p1a: Gastrodon","|-status|p1a: Gastrodon|slp","|cant|p1a: Gastrodon|slp","|","|-heal|p1a: Gastrodon|357/426 slp|[from] item: Leftovers","|turn|7","|","|switch|p1a: Zygarde|Zygarde|407/407","|-ability|p1a: Zygarde|Aura Break","|move|p2a: Breloom|Bullet Seed|p1a: Zygarde","|-damage|p1a: Zygarde|367/407","|-damage|p1a: Zygarde|324/407","|-damage|p1a: Zygarde|279/407","|-damage|p1a: Zygarde|239/407","|-hitcount|p1a: Zygarde|4","|","|-heal|p1a: Zygarde|264/407|[from] item: Leftovers","|turn|8","|","|move|p1a: Zygarde|Extreme Speed|p2a: Breloom","|-damage|p2a: Breloom|186/261","|move|p2a: Breloom|Bullet Seed|p1a: Zygarde","|-damage|p1a: Zygarde|225/407","|-damage|p1a: Zygarde|186/407","|-damage|p1a: Zygarde|143/407","|-damage|p1a: Zygarde|103/407","|-hitcount|p1a: Zygarde|4","|","|-heal|p1a: Zygarde|128/407|[from] item: Leftovers","|turn|9","|","|move|p1a: Zygarde|Extreme Speed|p2a: Breloom","|-damage|p2a: Breloom|112/261","|move|p2a: Breloom|Mach Punch|p1a: Zygarde","|-damage|p1a: Zygarde|53/407","|","|-heal|p1a: Zygarde|78/407|[from] item: Leftovers","|turn|10","|","|switch|p2a: Roserade|Roserade, M|324/324","|move|p1a: Zygarde|Extreme Speed|p2a: Roserade","|-damage|p2a: Roserade|237/324","|","|-heal|p2a: Roserade|257/324|[from] item: Black Sludge","|-heal|p1a: Zygarde|103/407|[from] item: Leftovers","|turn|11","|","|move|p1a: Zygarde|Extreme Speed|p2a: Roserade","|-damage|p2a: Roserade|168/324","|move|p2a: Roserade|Giga Drain|p1a: Zygarde","|-crit|p1a: Zygarde","|-damage|p1a: Zygarde|0 fnt","|-heal|p2a: Roserade|220/324|[from] drain|[of] p1a: Zygarde","|faint|p1a: Zygarde","|","|-heal|p2a: Roserade|240/324|[from] item: Black Sludge","|","|switch|p1a: Landorus|Landorus, M|319/319","|turn|12","|","|move|p1a: Landorus|Psychic|p2a: Roserade","|-supereffective|p2a: Roserade","|-damage|p2a: Roserade|0 fnt","|faint|p2a: Roserade","|","|","|switch|p2a: Rotom-Mow|Rotom-Mow|241/241","|turn|13","|","|move|p2a: Rotom-Mow|Leaf Storm|p1a: Landorus","|-damage|p1a: Landorus|84/319","|-unboost|p2a: Rotom-Mow|spa|2","|move|p1a: Landorus|Psychic|p2a: Rotom-Mow","|-damage|p2a: Rotom-Mow|98/241","|","|turn|14","|","|switch|p1a: Gastrodon|Gastrodon, F, shiny|357/426 slp","|move|p2a: Rotom-Mow|Leaf Storm|p1a: Gastrodon","|-supereffective|p1a: Gastrodon","|-damage|p1a: Gastrodon|0 fnt","|-unboost|p2a: Rotom-Mow|spa|2","|faint|p1a: Gastrodon","|","|","|switch|p1a: Mamoswine|Mamoswine, M|361/361","|turn|15","|","|switch|p2a: Cradily|Cradily, F|376/376","|move|p1a: Mamoswine|Freeze-Dry|p2a: Cradily","|-supereffective|p2a: Cradily","|-damage|p2a: Cradily|280/376","|","|-heal|p2a: Cradily|303/376|[from] item: Leftovers","|turn|16","|","|switch|p1a: Landorus|Landorus, M|84/319","|move|p2a: Cradily|Curse|p2a: Cradily","|-unboost|p2a: Cradily|spe|1","|-boost|p2a: Cradily|atk|1","|-boost|p2a: Cradily|def|1","|","|-heal|p2a: Cradily|326/376|[from] item: Leftovers","|turn|17","|","|move|p1a: Landorus|Focus Blast|p2a: Cradily","|-supereffective|p2a: Cradily","|-damage|p2a: Cradily|37/376","|move|p2a: Cradily|Seed Bomb|p1a: Landorus","|-damage|p1a: Landorus|0 fnt","|faint|p1a: Landorus","|","|-heal|p2a: Cradily|60/376|[from] item: Leftovers","|","|switch|p1a: Mamoswine|Mamoswine, M|361/361","|turn|18","|","|move|p1a: Mamoswine|Freeze-Dry|p2a: Cradily","|-supereffective|p2a: Cradily","|-damage|p2a: Cradily|0 fnt","|faint|p2a: Cradily","|","|","|switch|p2a: Breloom|Breloom, M|112/261","|turn|19","|","|move|p1a: Mamoswine|Ice Shard|p2a: Breloom","|-supereffective|p2a: Breloom","|-damage|p2a: Breloom|0 fnt","|faint|p2a: Breloom","|","|","|switch|p2a: Celebi|Celebi|404/404","|turn|20","|","|move|p1a: Mamoswine|Freeze-Dry|p2a: Celebi","|-supereffective|p2a: Celebi","|-damage|p2a: Celebi|276/404","|move|p2a: Celebi|Psychic|p1a: Mamoswine","|-damage|p1a: Mamoswine|172/361","|","|-heal|p2a: Celebi|301/404|[from] item: Leftovers","|turn|21","|","|switch|p1a: Excadrill|Excadrill, M|119/361","|-ability|p1a: Excadrill|Mold Breaker","|move|p2a: Celebi|Recover|p2a: Celebi","|-heal|p2a: Celebi|404/404","|","|turn|22","|","|move|p1a: Excadrill|X-Scissor|p2a: Celebi","|-supereffective|p2a: Celebi","|-damage|p2a: Celebi|116/404","|move|p2a: Celebi|Earth Power|p1a: Excadrill","|-supereffective|p1a: Excadrill","|-damage|p1a: Excadrill|0 fnt","|faint|p1a: Excadrill","|","|-heal|p2a: Celebi|141/404|[from] item: Leftovers","|","|switch|p1a: Mamoswine|Mamoswine, M|172/361","|turn|23","|","|move|p1a: Mamoswine|Freeze-Dry|p2a: Celebi","|-supereffective|p2a: Celebi","|-damage|p2a: Celebi|13/404","|move|p2a: Celebi|Recover|p2a: Celebi","|-heal|p2a: Celebi|215/404","|","|-heal|p2a: Celebi|240/404|[from] item: Leftovers","|turn|24","|","|move|p1a: Mamoswine|Freeze-Dry|p2a: Celebi","|-supereffective|p2a: Celebi","|-damage|p2a: Celebi|118/404","|move|p2a: Celebi|Recover|p2a: Celebi","|-heal|p2a: Celebi|320/404","|","|-heal|p2a: Celebi|345/404|[from] item: Leftovers","|turn|25","|","|move|p1a: Mamoswine|Freeze-Dry|p2a: Celebi","|-supereffective|p2a: Celebi","|-damage|p2a: Celebi|223/404","|move|p2a: Celebi|Psychic|p1a: Mamoswine","|-damage|p1a: Mamoswine|0 fnt","|faint|p1a: Mamoswine","|","|win|Emg GL Test Tech"],"p1rating":{"entryid":"126995","serverid":"eos","formatid":"monotype","userid":"allianceakafila","username":"Alliance ♋ akaFila","w":"21","l":15,"t":"0","gxe":56.1,"r":"1556.1707556585","rd":"56.857388954794","sigma":"0","rptime":"1440752400","rpr":1547.0643589884,"rprd":56.146414563834,"rpsigma":"0","acre":1172.2428917636,"lacre":1172.2428917636,"oldacre":"1206.8488413179"},"p2rating":{"entryid":"437770","serverid":"eos","formatid":"monotype","userid":"emggltesttech","username":"Emg GL Test Tech","w":12,"l":"9","t":"0","gxe":57.8,"r":"1546.0568597576","rd":"70.426278320077","sigma":"0","rptime":"1440752400","rpr":1559.9553377171,"rprd":69.066610769661,"rpsigma":"0","acre":1107.7683292115,"lacre":1107.7683292115,"oldacre":"1066.129695328"},"endType":"normal"}