{"seed":[19284,57133,8205,65063],"turns":22,"p1":"Aрex✦Loνуxe","p2":"GhostKingHeartless","p1team":[{"name":"Wailord","species":"Wailord","item":"leftovers","ability":"Pressure","moves":["waterspout","amnesia","aquaring","toxic"],"nature":"Calm","evs":{"hp":252,"atk":0,"def":0,"spa":0,"spd":252,"spe":0},"ivs":{"hp":31,"atk":31,"def":31,"spa":31,"spd":31,"spe":31}},{"name":"Rotom-Wash","species":"Rotom-Wash","item":"stickybarb","ability":"Levitate","moves":["voltswitch","hydropump","lightscreen","trick"],"nature":"Calm","evs":{"hp":252,"atk":0,"def":0,"spa":60,"spd":196,"spe":0},"ivs":{"hp":31,"atk":31,"def":31,"spa":31,"spd":31,"spe":31}},{"name":"Slowbro","species":"Slowbro","item":"leftovers","ability":"Regenerator","moves":["magiccoat","scald","slackoff","irondefense"],"nature":"Serious","evs":{"hp":212,"atk":0,"def":212,"spa":84,"spd":0,"spe":0},"shiny":true,"ivs":{"hp":31,"atk":31,"def":31,"spa":31,"spd":31,"spe":31}},{"name":"Relicanth","species":"Relicanth","item":"leftovers","ability":"Rock Head","moves":["harden","headsmash","stealthrock","waterfall"],"nature":"Impish","evs":{"hp":252,"atk":0,"def":252,"spa":0,"spd":0,"spe":0},"ivs":{"hp":31,"atk":31,"def":31,"spa":31,"spd":31,"spe":31}},{"name":"Kingler","species":"Kingler","item":"choicescarf","ability":"Sheer Force","moves":["crabhammer","xscissor","rockslide","superpower"],"nature":"Jolly","evs":{"hp":0,"atk":252,"def":0,"spa":0,"spd":0,"spe":252},"ivs":{"hp":31,"atk":31,"def":31,"spa":31,"spd":31,"spe":31}},{"name":"Blastoise","species":"Blastoise","item":"blastoisinite","ability":"Rain Dish","moves":["aurasphere","darkpulse","dragonpulse","waterpulse"],"nature":"Modest","evs":{"hp":104,"atk":0,"def":104,"spa":196,"spd":104,"spe":0},"ivs":{"hp":31,"atk":31,"def":31,"spa":31,"spd":31,"spe":31}}],"p2team":[{"name":"Halestorm","species":"froslass","item":"focussash","ability":"Cursed Body","moves":["frostbreath","spikes","thunderwave","destinybond"],"nature":"Timid","evs":{"hp":4,"atk":0,"def":0,"spa":252,"spd":0,"spe":252},"ivs":{"hp":31,"atk":31,"def":31,"spa":31,"spd":31,"spe":31}},{"name":"Love Bites","species":"sableye","item":"sablenite","ability":"Prankster","moves":["snarl","willowisp","calmmind","recover"],"nature":"Bold","evs":{"hp":232,"atk":0,"def":200,"spa":0,"spd":60,"spe":16},"gender":"F","ivs":{"hp":31,"atk":0,"def":31,"spa":31,"spd":31,"spe":31}},{"name":"Attack On Titan","species":"golurk","item":"choicescarf","ability":"No Guard","moves":["dynamicpunch","stoneedge","earthquake","thunderpunch"],"nature":"Jolly","evs":{"hp":4,"atk":252,"def":0,"spa":0,"spd":0,"spe":252},"ivs":{"hp":31,"atk":31,"def":31,"spa":31,"spd":31,"spe":31}},{"name":"Mz. Hyde","species":"aegislash","item":"weaknesspolicy","ability":"Stance Change","moves":["shadowsneak","sacredsword","swordsdance","kingsshield"],"nature":"Adamant","evs":{"hp":240,"atk":252,"def":0,"spa":0,"spd":0,"spe":16},"gender":"F","ivs":{"hp":31,"atk":31,"def":31,"spa":31,"spd":31,"spe":31}},{"name":"Shatter Me","species":"chandelure","item":"choicescarf","ability":"Flash Fire","moves":["flamethrower","shadowball","energyball","trick"],"nature":"Timid","evs":{"hp":4,"atk":0,"def":0,"spa":252,"spd":0,"spe":252},"gender":"M","ivs":{"hp":31,"atk":0,"def":31,"spa":31,"spd":31,"spe":31}},{"name":"Gaspar","species":"gengar","item":"lifeorb","ability":"Levitate","moves":["shadowball","focusblast","painsplit","substitute"],"nature":"Timid","evs":{"hp":4,"atk":0,"def":0,"spa":252,"spd":0,"spe":252},"gender":"M","ivs":{"hp":31,"atk":0,"def":31,"spa":31,"spd":31,"spe":31}}],"log":["|player|p1|Aрex✦Loνуxe|150","|player|p2|GhostKingHeartless|144","|gametype|singles","|gen|6","|tier|Monotype","|rated","|rule|Baton Pass Clause: Limit one Baton Passer, can't pass Spe and other stats simultaneously","|rule|Swagger Clause: Swagger is banned","|rule|Same Type Clause: Pokémon in a team must share a type","|clearpoke","|poke|p1|Wailord, M","|poke|p1|Rotom-Wash","|poke|p1|Slowbro, M, shiny","|poke|p1|Relicanth, M","|poke|p1|Kingler, M","|poke|p1|Blastoise, M","|poke|p2|Froslass, F","|poke|p2|Sableye, F","|poke|p2|Golurk","|poke|p2|Aegislash, F","|poke|p2|Chandelure, M","|poke|p2|Gengar, M","|rule|Sleep Clause Mod: Limit one foe put to sleep","|rule|Species Clause: Limit one of each Pokémon","|rule|OHKO Clause: OHKO moves are banned","|rule|Moody Clause: Moody is banned","|rule|Evasion Moves Clause: Evasion moves are banned","|rule|Endless Battle Clause: Forcing endless battles is banned","|rule|HP Percentage Mod: HP is shown in percentages","|teampreview","|","|start","|switch|p1a: Relicanth|Relicanth, M|404/404","|switch|p2a: Halestorm|Froslass, F|282/282","|turn|1","|","|move|p2a: Halestorm|Thunder Wave|p1a: Relicanth","|-status|p1a: Relicanth|par","|move|p1a: Relicanth|Stealth Rock|p2a: Halestorm","|-sidestart|p2: GhostKingHeartless|move: Stealth Rock","|","|turn|2","|","|move|p2a: Halestorm|Spikes|p1a: Relicanth","|-sidestart|p1: Aрex✦Loνуxe|Spikes","|move|p1a: Relicanth|Head Smash|p2a: Halestorm","|-supereffective|p2a: Halestorm","|-enditem|p2a: Halestorm|Focus Sash","|-damage|p2a: Halestorm|1/282","|","|turn|3","|","|move|p2a: Halestorm|Spikes|p1a: Relicanth","|-sidestart|p1: Aрex✦Loνуxe|Spikes","|move|p1a: Relicanth|Head Smash|p2a: Halestorm","|-supereffective|p2a: Halestorm","|-damage|p2a: Halestorm|0 fnt","|-start|p1a: Relicanth|Disable|Head Smash","|faint|p2a: Halestorm","|","|","|switch|p2a: Mz. Hyde|Aegislash, F|321/321","|-damage|p2a: Mz. Hyde|301/321|[from] Stealth Rock","|turn|4","|","|move|p2a: Mz. Hyde|Swords Dance|p2a: Mz. Hyde","|-boost|p2a: Mz. Hyde|atk|2","|cant|p1a: Relicanth|par","|","|turn|5","|","|move|p2a: Mz. Hyde|Swords Dance|p2a: Mz. Hyde","|-boost|p2a: Mz. Hyde|atk|2","|move|p1a: Relicanth|Harden|p1a: Relicanth","|-boost|p1a: Relicanth|def|1","|","|turn|6","|","|move|p2a: Mz. Hyde|Swords Dance|p2a: Mz. Hyde","|-boost|p2a: Mz. Hyde|atk|2","|move|p1a: Relicanth|Harden|p1a: Relicanth","|-boost|p1a: Relicanth|def|1","|","|turn|7","|","|-formechange|p2a: Mz. Hyde|Aegislash-Blade","|move|p2a: Mz. Hyde|Sacred Sword|p1a: Relicanth","|-supereffective|p1a: Relicanth","|-damage|p1a: Relicanth|0 fnt","|faint|p1a: Relicanth","|","|","|switch|p1a: Rotom-Wash|Rotom-Wash|304/304","|turn|8","|","|move|p2a: Mz. Hyde|Shadow Sneak|p1a: Rotom-Wash","|-damage|p1a: Rotom-Wash|0 fnt","|faint|p1a: Rotom-Wash","|","|","|switch|p1a: Slowbro|Slowbro, M, shiny|384/384","|-damage|p1a: Slowbro|320/384|[from] Spikes","|turn|9","|","|move|p2a: Mz. Hyde|Shadow Sneak|p1a: Slowbro","|-supereffective|p1a: Slowbro","|-damage|p1a: Slowbro|0 fnt","|faint|p1a: Slowbro","|","|","|switch|p1a: Blastoise|Blastoise, M|325/325","|-damage|p1a: Blastoise|271/325|[from] Spikes","|turn|10","|","|detailschange|p1a: Blastoise|Blastoise-Mega, M","|-mega|p1a: Blastoise|Blastoise|Blastoisinite","|move|p2a: Mz. Hyde|Shadow Sneak|p1a: Blastoise","|-damage|p1a: Blastoise|10/325","|move|p1a: Blastoise|Dark Pulse|p2a: Mz. Hyde","|-supereffective|p2a: Mz. Hyde","|-damage|p2a: Mz. Hyde|0 fnt","|faint|p2a: Mz. Hyde","|","|","|switch|p2a: Gaspar|Gengar, M|262/262","|-damage|p2a: Gaspar|230/262|[from] Stealth Rock","|turn|11","|","|move|p2a: Gaspar|Shadow Ball|p1a: Blastoise","|-damage|p1a: Blastoise|0 fnt","|-damage|p2a: Gaspar|204/262|[from] item: Life Orb","|faint|p1a: Blastoise","|","|","|switch|p1a: Wailord|Wailord, M|544/544","|-damage|p1a: Wailord|454/544|[from] Spikes","|-ability|p1a: Wailord|Pressure","|turn|12","|","|move|p2a: Gaspar|Substitute|p2a: Gaspar","|-start|p2a: Gaspar|Substitute","|-damage|p2a: Gaspar|139/262","|move|p1a: Wailord|Amnesia|p1a: Wailord","|-boost|p1a: Wailord|spd|2","|","|-heal|p1a: Wailord|488/544|[from] item: Leftovers","|turn|13","|","|move|p2a: Gaspar|Pain Split|p1a: Wailord","|-sethp|p1a: Wailord|313/544|p2a: Gaspar|262/262|[from] move: Pain Split","|move|p1a: Wailord|Aqua Ring|p1a: Wailord","|-start|p1a: Wailord|Aqua Ring","|","|-heal|p1a: Wailord|347/544|[from] item: Leftovers","|-heal|p1a: Wailord|381/544|[from] Aqua Ring","|turn|14","|","|move|p2a: Gaspar|Focus Blast|p1a: Wailord|[miss]","|-miss|p2a: Gaspar|p1a: Wailord","|move|p1a: Wailord|Water Spout|p2a: Gaspar","|-end|p2a: Gaspar|Substitute","|","|-heal|p1a: Wailord|415/544|[from] item: Leftovers","|-heal|p1a: Wailord|449/544|[from] Aqua Ring","|turn|15","|","|move|p2a: Gaspar|Shadow Ball|p1a: Wailord","|-damage|p1a: Wailord|336/544","|-damage|p2a: Gaspar|236/262|[from] item: Life Orb","|move|p1a: Wailord|Water Spout|p2a: Gaspar","|-damage|p2a: Gaspar|121/262","|","|-heal|p1a: Wailord|370/544|[from] item: Leftovers","|-heal|p1a: Wailord|404/544|[from] Aqua Ring","|turn|16","|","|move|p2a: Gaspar|Pain Split|p1a: Wailord","|-sethp|p1a: Wailord|262/544|p2a: Gaspar|262/262|[from] move: Pain Split","|move|p1a: Wailord|Amnesia|p1a: Wailord","|-boost|p1a: Wailord|spd|2","|","|-heal|p1a: Wailord|296/544|[from] item: Leftovers","|-heal|p1a: Wailord|330/544|[from] Aqua Ring","|turn|17","|","|move|p2a: Gaspar|Shadow Ball|p1a: Wailord","|-damage|p1a: Wailord|264/544","|-unboost|p1a: Wailord|spd|1","|-damage|p2a: Gaspar|236/262|[from] item: Life Orb","|move|p1a: Wailord|Water Spout|p2a: Gaspar","|-damage|p2a: Gaspar|139/262","|","|-heal|p1a: Wailord|298/544|[from] item: Leftovers","|-heal|p1a: Wailord|332/544|[from] Aqua Ring","|turn|18","|","|move|p2a: Gaspar|Shadow Ball|p1a: Wailord","|-damage|p1a: Wailord|250/544","|-unboost|p1a: Wailord|spd|1","|-damage|p2a: Gaspar|113/262|[from] item: Life Orb","|move|p1a: Wailord|Water Spout|p2a: Gaspar","|-damage|p2a: Gaspar|28/262","|","|-heal|p1a: Wailord|284/544|[from] item: Leftovers","|-heal|p1a: Wailord|318/544|[from] Aqua Ring","|turn|19","|","|move|p2a: Gaspar|Pain Split|p1a: Wailord","|-sethp|p1a: Wailord|173/544|p2a: Gaspar|173/262|[from] move: Pain Split","|move|p1a: Wailord|Water Spout|p2a: Gaspar","|-damage|p2a: Gaspar|113/262","|","|-heal|p1a: Wailord|207/544|[from] item: Leftovers","|-heal|p1a: Wailord|241/544|[from] Aqua Ring","|turn|20","|","|move|p2a: Gaspar|Pain Split|p1a: Wailord","|-sethp|p1a: Wailord|177/544|p2a: Gaspar|177/262|[from] move: Pain Split","|move|p1a: Wailord|Amnesia|p1a: Wailord","|-boost|p1a: Wailord|spd|2","|","|-heal|p1a: Wailord|211/544|[from] item: Leftovers","|-heal|p1a: Wailord|245/544|[from] Aqua Ring","|turn|21","|","|move|p2a: Gaspar|Shadow Ball|p1a: Wailord","|-damage|p1a: Wailord|175/544","|-damage|p2a: Gaspar|151/262|[from] item: Life Orb","|move|p1a: Wailord|Water Spout|p2a: Gaspar","|-damage|p2a: Gaspar|87/262","|","|-heal|p1a: Wailord|209/544|[from] item: Leftovers","|-heal|p1a: Wailord|243/544|[from] Aqua Ring","|turn|22","|player|p1","|","|win|GhostKingHeartless"],"p1rating":{"entryid":"529626","serverid":"eos","formatid":"monotype","userid":"aexloxe","username":"Aрex✦Loνуxe","w":"7","l":19,"t":"0","gxe":35,"r":"1376.3332195735","rd":"65.830845497492","sigma":"0","rptime":"1440752400","rpr":1381.440708777,"rprd":63.89907523487,"rpsigma":"0","acre":1059.8942060996,"lacre":1059.8942060996,"oldacre":"1089.1309324244"},"p2rating":{"entryid":571019,"formatid":"monotype","userid":"ghostkingheartless","username":"GhostKingHeartless","r":1500,"rd":130,"sigma":0,"rpr":1528.2948567089,"rprd":122.88809158717,"rpsigma":0,"rptime":1440752400,"w":1,"l":0,"t":0,"gxe":53.5,"acre":1050.0422368429,"lacre":1050.0422368429,"oldacre":1000},"endType":"forfeit"}