{"seed":[48904,53303,23322,62696],"turns":38,"p1":"Waszap","p2":"MalikL45","p1team":[{"name":"Azumarill","species":"Azumarill","item":"sitrusberry","ability":"Huge Power","moves":["knockoff","aquajet","bellydrum","playrough"],"nature":"Adamant","evs":{"hp":252,"atk":252,"def":0,"spa":0,"spd":0,"spe":4},"ivs":{"hp":31,"atk":31,"def":31,"spa":31,"spd":31,"spe":31}},{"name":"Whimsicott","species":"Whimsicott","item":"leftovers","ability":"Prankster","moves":["substitute","encore","leechseed","gigadrain"],"nature":"Bold","evs":{"hp":248,"atk":0,"def":252,"spa":8,"spd":0,"spe":0},"ivs":{"hp":31,"atk":30,"def":31,"spa":30,"spd":31,"spe":30}},{"name":"Sylveon","species":"Sylveon","item":"choicespecs","ability":"Pixilate","moves":["hiddenpowerfire","hypervoice","shadowball","psyshock"],"nature":"Calm","evs":{"hp":0,"atk":0,"def":0,"spa":252,"spd":252,"spe":4},"ivs":{"hp":31,"atk":30,"def":31,"spa":30,"spd":31,"spe":30}},{"name":"Klefki","species":"Klefki","item":"lightclay","ability":"Prankster","moves":["reflect","lightscreen","thunderwave","toxic"],"nature":"Bold","evs":{"hp":248,"atk":0,"def":252,"spa":0,"spd":8,"spe":0},"ivs":{"hp":31,"atk":31,"def":31,"spa":31,"spd":31,"spe":31}},{"name":"Slurpuff","species":"Slurpuff","item":"sitrusberry","ability":"Unburden","moves":["bellydrum","playrough","drainpunch","facade"],"nature":"Jolly","evs":{"hp":4,"atk":252,"def":0,"spa":0,"spd":0,"spe":252},"ivs":{"hp":31,"atk":31,"def":31,"spa":31,"spd":31,"spe":31}},{"name":"Diancie","species":"Diancie","item":"diancite","ability":"Clear Body","moves":["diamondstorm","earthpower","protect","moonblast"],"nature":"Hasty","evs":{"hp":0,"atk":4,"def":0,"spa":252,"spd":0,"spe":252},"ivs":{"hp":31,"atk":31,"def":31,"spa":31,"spd":31,"spe":31}}],"p2team":[{"name":"Lopunny","species":"Lopunny","item":"lopunnite","ability":"Cute Charm","moves":["fakeout","highjumpkick","return","bounce"],"nature":"Jolly","evs":{"hp":0,"atk":252,"def":0,"spa":0,"spd":4,"spe":252},"ivs":{"hp":31,"atk":31,"def":31,"spa":31,"spd":31,"spe":31}},{"name":"Ditto","species":"Ditto","item":"leftovers","ability":"Limber","moves":["transform"],"nature":"Timid","evs":{"hp":248,"atk":0,"def":0,"spa":0,"spd":8,"spe":252},"ivs":{"hp":31,"atk":31,"def":31,"spa":31,"spd":31,"spe":31}},{"name":"Chansey","species":"Chansey","item":"leftovers","ability":"Natural Cure","moves":["aromatherapy","protect","softboiled","dazzlinggleam"],"nature":"Bold","evs":{"hp":248,"atk":0,"def":0,"spa":0,"spd":0,"spe":0},"ivs":{"hp":31,"atk":31,"def":31,"spa":31,"spd":31,"spe":31}},{"name":"Staraptor","species":"Staraptor","item":"leftovers","ability":"Intimidate","moves":["bravebird","closecombat","roost","uturn"],"nature":"Adamant","evs":{"hp":252,"atk":252,"def":0,"spa":0,"spd":4,"spe":0},"ivs":{"hp":31,"atk":31,"def":31,"spa":31,"spd":31,"spe":31}},{"name":"Diggersby","species":"Diggersby","item":"leftovers","ability":"Huge Power","moves":["earthquake","ironhead","stoneedge","wildcharge"],"nature":"Adamant","evs":{"hp":252,"atk":252,"def":0,"spa":0,"spd":4,"spe":0},"ivs":{"hp":31,"atk":31,"def":31,"spa":31,"spd":31,"spe":31}},{"name":"Porygon-Z","species":"Porygon-Z","item":"leftovers","ability":"Adaptability","moves":["nastyplot","psychic","triattack","signalbeam"],"nature":"Modest","evs":{"hp":252,"atk":0,"def":0,"spa":252,"spd":4,"spe":0},"ivs":{"hp":31,"atk":31,"def":31,"spa":31,"spd":31,"spe":31}}],"log":["|player|p1|Waszap|waszap.png","|player|p2|MalikL45|102","|gametype|singles","|gen|6","|tier|Monotype","|rated","|rule|Baton Pass Clause: Limit one Baton Passer, can't pass Spe and other stats simultaneously","|rule|Swagger Clause: Swagger is banned","|rule|Same Type Clause: Pokémon in a team must share a type","|clearpoke","|poke|p1|Azumarill, M","|poke|p1|Whimsicott, M","|poke|p1|Sylveon, M","|poke|p1|Klefki, M","|poke|p1|Slurpuff, F","|poke|p1|Diancie","|poke|p2|Lopunny, F","|poke|p2|Ditto","|poke|p2|Chansey, F","|poke|p2|Staraptor, M","|poke|p2|Diggersby, M","|poke|p2|Porygon-Z","|rule|Sleep Clause Mod: Limit one foe put to sleep","|rule|Species Clause: Limit one of each Pokémon","|rule|OHKO Clause: OHKO moves are banned","|rule|Moody Clause: Moody is banned","|rule|Evasion Moves Clause: Evasion moves are banned","|rule|Endless Battle Clause: Forcing endless battles is banned","|rule|HP Percentage Mod: HP is shown in percentages","|teampreview","|","|start","|switch|p1a: Diancie|Diancie|241/241","|switch|p2a: Diggersby|Diggersby, M|374/374","|turn|1","|","|detailschange|p1a: Diancie|Diancie-Mega","|-mega|p1a: Diancie|Diancie|Diancite","|move|p1a: Diancie|Protect|p1a: Diancie","|-singleturn|p1a: Diancie|Protect","|move|p2a: Diggersby|Earthquake|p1a: Diancie","|-activate|p1a: Diancie|Protect","|","|turn|2","|","|switch|p1a: Whimsicott|Whimsicott, M|323/323","|move|p2a: Diggersby|Earthquake|p1a: Whimsicott","|-resisted|p1a: Whimsicott","|-damage|p1a: Whimsicott|230/323","|","|-heal|p1a: Whimsicott|250/323|[from] item: Leftovers","|turn|3","|","|move|p1a: Whimsicott|Leech Seed|p2a: Diggersby","|-start|p2a: Diggersby|move: Leech Seed","|move|p2a: Diggersby|Iron Head|p1a: Whimsicott","|-supereffective|p1a: Whimsicott","|-damage|p1a: Whimsicott|42/323","|","|-heal|p1a: Whimsicott|62/323|[from] item: Leftovers","|-damage|p2a: Diggersby|328/374|[from] Leech Seed|[of] p1a: Whimsicott","|-heal|p1a: Whimsicott|108/323|[silent]","|turn|4","|","|move|p1a: Whimsicott|Substitute|p1a: Whimsicott","|-start|p1a: Whimsicott|Substitute","|-damage|p1a: Whimsicott|28/323","|move|p2a: Diggersby|Iron Head|p1a: Whimsicott","|-supereffective|p1a: Whimsicott","|-end|p1a: Whimsicott|Substitute","|","|-heal|p1a: Whimsicott|48/323|[from] item: Leftovers","|-heal|p2a: Diggersby|351/374|[from] item: Leftovers","|-damage|p2a: Diggersby|305/374|[from] Leech Seed|[of] p1a: Whimsicott","|-heal|p1a: Whimsicott|94/323|[silent]","|turn|5","|","|switch|p1a: Klefki|Klefki, M|317/317","|move|p2a: Diggersby|Iron Head|p1a: Klefki","|-damage|p1a: Klefki|230/317","|","|-heal|p2a: Diggersby|328/374|[from] item: Leftovers","|-damage|p2a: Diggersby|282/374|[from] Leech Seed|[of] p1a: Klefki","|-heal|p1a: Klefki|276/317|[silent]","|turn|6","|","|switch|p2a: Ditto|Ditto|299/299","|switch|p1a: Whimsicott|Whimsicott, M|94/323","|","|-heal|p1a: Whimsicott|114/323|[from] item: Leftovers","|turn|7","|","|switch|p1a: Klefki|Klefki, M|276/317","|move|p2a: Ditto|Transform|p1a: Klefki","|-transform|p2a: Ditto|p1a: Klefki","|","|turn|8","|","|switch|p1a: Diancie|Diancie-Mega|241/241","|move|p2a: Ditto|Thunder Wave|p1a: Diancie","|move|p1a: Diancie|Thunder Wave|p2a: Ditto|[from]Magic Bounce","|-status|p2a: Ditto|par","|","|turn|9","|","|move|p2a: Ditto|Light Screen|p2a: Ditto","|-sidestart|p2: MalikL45|move: Light Screen","|move|p1a: Diancie|Earth Power|p2a: Ditto","|-supereffective|p2a: Ditto","|-damage|p2a: Ditto|159/299 par","|","|-heal|p2a: Ditto|177/299 par|[from] item: Leftovers","|turn|10","|","|move|p2a: Ditto|Toxic|p1a: Diancie","|move|p1a: Diancie|Toxic|p2a: Ditto|[from]Magic Bounce","|-fail|p2a: Ditto","|move|p1a: Diancie|Earth Power|p2a: Ditto","|-supereffective|p2a: Ditto","|-damage|p2a: Ditto|33/299 par","|","|-heal|p2a: Ditto|51/299 par|[from] item: Leftovers","|turn|11","|","|switch|p2a: Staraptor|Staraptor, M|374/374","|-ability|p2a: Staraptor|Intimidate","|-unboost|p1a: Diancie|atk|1","|move|p1a: Diancie|Moonblast|p2a: Staraptor","|-damage|p2a: Staraptor|227/374","|-unboost|p2a: Staraptor|spa|1","|","|-heal|p2a: Staraptor|250/374|[from] item: Leftovers","|turn|12","|","|move|p1a: Diancie|Diamond Storm|p2a: Staraptor","|-supereffective|p2a: Staraptor","|-damage|p2a: Staraptor|0 fnt","|-boost|p1a: Diancie|def|1","|faint|p2a: Staraptor","|","|","|switch|p2a: Diggersby|Diggersby, M|282/374","|turn|13","|","|move|p1a: Diancie|Protect|p1a: Diancie","|-singleturn|p1a: Diancie|Protect","|move|p2a: Diggersby|Earthquake|p1a: Diancie","|-activate|p1a: Diancie|Protect","|","|-heal|p2a: Diggersby|305/374|[from] item: Leftovers","|-sideend|p2: MalikL45|move: Light Screen","|turn|14","|","|move|p1a: Diancie|Moonblast|p2a: Diggersby","|-damage|p2a: Diggersby|80/374","|move|p2a: Diggersby|Iron Head|p1a: Diancie","|-supereffective|p1a: Diancie","|-damage|p1a: Diancie|0 fnt","|faint|p1a: Diancie","|","|-heal|p2a: Diggersby|103/374|[from] item: Leftovers","|","|switch|p1a: Azumarill|Azumarill, M|404/404","|turn|15","|","|switch|p2a: Chansey|Chansey, F|703/703","|move|p1a: Azumarill|Aqua Jet|p2a: Chansey","|-damage|p2a: Chansey|316/703","|","|-heal|p2a: Chansey|359/703|[from] item: Leftovers","|turn|16","|","|move|p2a: Chansey|Protect|p2a: Chansey","|-singleturn|p2a: Chansey|Protect","|move|p1a: Azumarill|Aqua Jet|p2a: Chansey","|-activate|p2a: Chansey|Protect","|","|-heal|p2a: Chansey|402/703|[from] item: Leftovers","|turn|17","|","|move|p1a: Azumarill|Play Rough|p2a: Chansey","|-damage|p2a: Chansey|0 fnt","|faint|p2a: Chansey","|","|","|switch|p2a: Porygon-Z|Porygon-Z|374/374","|turn|18","|","|switch|p1a: Klefki|Klefki, M|276/317","|move|p2a: Porygon-Z|Nasty Plot|p2a: Porygon-Z","|-boost|p2a: Porygon-Z|spa|2","|","|turn|19","|","|move|p1a: Klefki|Thunder Wave|p2a: Porygon-Z","|-status|p2a: Porygon-Z|par","|move|p2a: Porygon-Z|Psychic|p1a: Klefki","|-resisted|p1a: Klefki","|-damage|p1a: Klefki|136/317","|","|turn|20","|","|move|p1a: Klefki|Light Screen|p1a: Klefki","|-sidestart|p1: Waszap|move: Light Screen","|move|p2a: Porygon-Z|Nasty Plot|p2a: Porygon-Z","|-boost|p2a: Porygon-Z|spa|2","|","|turn|21","|","|switch|p1a: Sylveon|Sylveon, M|331/331","|move|p2a: Porygon-Z|Psychic|p1a: Sylveon","|-damage|p1a: Sylveon|222/331","|","|turn|22","|","|move|p1a: Sylveon|Hyper Voice|p2a: Porygon-Z","|-damage|p2a: Porygon-Z|1/374 par","|move|p2a: Porygon-Z|Tri Attack|p1a: Sylveon","|-damage|p1a: Sylveon|13/331","|","|-heal|p2a: Porygon-Z|24/374 par|[from] item: Leftovers","|turn|23","|","|move|p1a: Sylveon|Hyper Voice|p2a: Porygon-Z","|-damage|p2a: Porygon-Z|0 fnt","|faint|p2a: Porygon-Z","|","|","|switch|p2a: Lopunny|Lopunny, F|271/271","|turn|24","|","|switch|p1a: Whimsicott|Whimsicott, M|114/323","|detailschange|p2a: Lopunny|Lopunny-Mega, F","|-mega|p2a: Lopunny|Lopunny|Lopunnite","|move|p2a: Lopunny|Fake Out|p1a: Whimsicott","|-damage|p1a: Whimsicott|59/323","|","|-heal|p1a: Whimsicott|79/323|[from] item: Leftovers","|turn|25","|","|move|p1a: Whimsicott|Encore|p2a: Lopunny","|-start|p2a: Lopunny|Encore","|move|p2a: Lopunny|Fake Out|p1a: Whimsicott","|-fail|p2a: Lopunny","|-hint|Fake Out only works on your first turn out.","|","|-heal|p1a: Whimsicott|99/323|[from] item: Leftovers","|turn|26","|","|switch|p2a: Diggersby|Diggersby, M|103/374","|move|p1a: Whimsicott|Substitute|p1a: Whimsicott","|-start|p1a: Whimsicott|Substitute","|-damage|p1a: Whimsicott|19/323","|","|-heal|p1a: Whimsicott|39/323|[from] item: Leftovers","|-heal|p2a: Diggersby|126/374|[from] item: Leftovers","|turn|27","|","|move|p1a: Whimsicott|Giga Drain|p2a: Diggersby","|-supereffective|p2a: Diggersby","|-damage|p2a: Diggersby|0 fnt","|-heal|p1a: Whimsicott|102/323|[from] drain|[of] p2a: Diggersby","|faint|p2a: Diggersby","|","|-heal|p1a: Whimsicott|122/323|[from] item: Leftovers","|-sideend|p1: Waszap|move: Light Screen","|","|switch|p2a: Lopunny|Lopunny-Mega, F|271/271","|turn|28","|","|move|p2a: Lopunny|Bounce|p1a: Whimsicott|[still]","|-prepare|p2a: Lopunny|Bounce|p1a: Whimsicott","|move|p1a: Whimsicott|Giga Drain|p2a: Lopunny|[miss]","|-miss|p1a: Whimsicott|p2a: Lopunny","|","|-heal|p1a: Whimsicott|142/323|[from] item: Leftovers","|turn|29","|","|move|p2a: Lopunny|Bounce|p1a: Whimsicott|[from]lockedmove","|-supereffective|p1a: Whimsicott","|-end|p1a: Whimsicott|Substitute","|move|p1a: Whimsicott|Giga Drain|p2a: Lopunny","|-damage|p2a: Lopunny|192/271","|-heal|p1a: Whimsicott|182/323|[from] drain|[of] p2a: Lopunny","|","|-heal|p1a: Whimsicott|202/323|[from] item: Leftovers","|turn|30","|","|move|p1a: Whimsicott|Leech Seed|p2a: Lopunny","|-start|p2a: Lopunny|move: Leech Seed","|move|p2a: Lopunny|Return|p1a: Whimsicott","|-damage|p1a: Whimsicott|51/323","|","|-heal|p1a: Whimsicott|71/323|[from] item: Leftovers","|-damage|p2a: Lopunny|159/271|[from] Leech Seed|[of] p1a: Whimsicott","|-heal|p1a: Whimsicott|104/323|[silent]","|turn|31","|","|move|p1a: Whimsicott|Substitute|p1a: Whimsicott","|-start|p1a: Whimsicott|Substitute","|-damage|p1a: Whimsicott|24/323","|move|p2a: Lopunny|Return|p1a: Whimsicott","|-end|p1a: Whimsicott|Substitute","|","|-heal|p1a: Whimsicott|44/323|[from] item: Leftovers","|-damage|p2a: Lopunny|126/271|[from] Leech Seed|[of] p1a: Whimsicott","|-heal|p1a: Whimsicott|77/323|[silent]","|turn|32","|","|switch|p1a: Klefki|Klefki, M|136/317","|move|p2a: Lopunny|Fake Out|p1a: Klefki","|-fail|p2a: Lopunny","|-hint|Fake Out only works on your first turn out.","|","|-damage|p2a: Lopunny|93/271|[from] Leech Seed|[of] p1a: Klefki","|-heal|p1a: Klefki|169/317|[silent]","|turn|33","|","|switch|p2a: Ditto|Ditto|51/299 par","|-curestatus|p2a: Ditto|par","|move|p1a: Klefki|Reflect|p1a: Klefki","|-sidestart|p1: Waszap|Reflect","|","|-heal|p2a: Ditto|69/299|[from] item: Leftovers","|turn|34","|","|switch|p1a: Azumarill|Azumarill, M|404/404","|move|p2a: Ditto|Transform|p1a: Azumarill","|-transform|p2a: Ditto|p1a: Azumarill","|","|-heal|p2a: Ditto|87/299|[from] item: Leftovers","|turn|35","|","|move|p1a: Azumarill|Knock Off|p2a: Ditto","|-resisted|p2a: Ditto","|-damage|p2a: Ditto|10/299","|-enditem|p2a: Ditto|Leftovers|[from] move: Knock Off|[of] p1a: Azumarill","|move|p2a: Ditto|Knock Off|p1a: Azumarill","|-resisted|p1a: Azumarill","|-damage|p1a: Azumarill|361/404","|-enditem|p1a: Azumarill|Sitrus Berry|[from] move: Knock Off|[of] p2a: Ditto","|","|turn|36","|","|move|p2a: Ditto|Aqua Jet|p1a: Azumarill","|-resisted|p1a: Azumarill","|-damage|p1a: Azumarill|333/404","|move|p1a: Azumarill|Aqua Jet|p2a: Ditto","|-resisted|p2a: Ditto","|-damage|p2a: Ditto|0 fnt","|faint|p2a: Ditto","|","|","|switch|p2a: Lopunny|Lopunny-Mega, F|93/271","|turn|37","|","|move|p1a: Azumarill|Aqua Jet|p2a: Lopunny","|-damage|p2a: Lopunny|6/271","|move|p2a: Lopunny|Bounce|p1a: Azumarill|[still]","|-prepare|p2a: Lopunny|Bounce|p1a: Azumarill","|","|turn|38","|","|move|p2a: Lopunny|Bounce|p1a: Azumarill|[from]lockedmove|[miss]","|-miss|p2a: Lopunny|p1a: Azumarill","|move|p1a: Azumarill|Play Rough|p2a: Lopunny","|-supereffective|p2a: Lopunny","|-damage|p2a: Lopunny|0 fnt","|faint|p2a: Lopunny","|","|win|Waszap"],"p1rating":{"entryid":"428647","serverid":"eos","formatid":"monotype","userid":"waszap","username":"waszap","w":2,"l":"1","t":"0","gxe":54.5,"r":"1502.5440378886","rd":"116.6797301572","sigma":"0","rptime":"1440666000","rpr":1535.3591829837,"rprd":111.43364392669,"rpsigma":"0","acre":1079.5925478002,"lacre":1079.5925478002,"oldacre":"1052.2253814327"},"p2rating":{"entryid":"558120","serverid":"eos","formatid":"monotype","userid":"malikl45","username":"MalikL45","w":"0","l":2,"t":"0","gxe":40.1,"r":"1500","rd":"130","sigma":"0","rptime":"1440666000","rpr":1420.4348013278,"rprd":116.16760352068,"rpsigma":"0","acre":1000,"lacre":1000,"oldacre":"1000"},"endType":"normal"}