{"seed":[55318,10480,20272,23706],"turns":26,"p1":"Void Daemon","p2":"Void Wiley","p1team":[{"name":"Strong Belwas","species":"slowbro","item":"rockyhelmet","ability":"Regenerator","moves":["thunderwave","flamethrower","slackoff","scald"],"nature":"Modest","evs":{"hp":252,"atk":0,"def":4,"spa":252,"spd":0,"spe":0},"gender":"M","ivs":{"hp":31,"atk":31,"def":31,"spa":31,"spd":31,"spe":31}},{"name":"Oberyn Martell","species":"victini","item":"choicescarf","ability":"Victory Star","moves":["vcreate","boltstrike","uturn","zenheadbutt"],"nature":"Naive","evs":{"hp":0,"atk":252,"def":0,"spa":4,"spd":0,"spe":252},"ivs":{"hp":31,"atk":31,"def":31,"spa":31,"spd":31,"spe":31}},{"name":"Cersei Lannister","species":"gardevoir","item":"gardevoirite","ability":"Synchronize","moves":["psyshock","hypervoice","hiddenpowerfire","shadowball"],"nature":"Modest","evs":{"hp":0,"atk":0,"def":8,"spa":252,"spd":248,"spe":0},"gender":"F","ivs":{"hp":31,"atk":30,"def":31,"spa":30,"spd":31,"spe":30}},{"name":"Ramsay Bolton","species":"hoopaunbound","item":"choicescarf","ability":"Magician","moves":["hyperspacefury","drainpunch","gunkshot","hyperspacehole"],"nature":"Hasty","evs":{"hp":0,"atk":252,"def":0,"spa":4,"spd":0,"spe":252},"ivs":{"hp":31,"atk":31,"def":31,"spa":31,"spd":31,"spe":31}},{"name":"Daenerys Targaryen","species":"meloetta","item":"assaultvest","ability":"Serene Grace","moves":["chargebeam","psyshock","shadowball","hypervoice"],"nature":"Modest","evs":{"hp":252,"atk":0,"def":0,"spa":252,"spd":4,"spe":0},"ivs":{"hp":31,"atk":31,"def":31,"spa":31,"spd":31,"spe":31}},{"name":"Jaime Lannister","species":"gallade","item":"assaultvest","ability":"Justified","moves":["psychocut","earthquake","drainpunch","icepunch"],"nature":"Adamant","evs":{"hp":248,"atk":252,"def":0,"spa":0,"spd":8,"spe":0},"ivs":{"hp":31,"atk":31,"def":31,"spa":31,"spd":31,"spe":31}}],"p2team":[{"name":"Mr.Krabs","species":"crawdaunt","item":"focussash","ability":"Adaptability","moves":["aquajet","swordsdance","crabhammer","knockoff"],"nature":"Jolly","evs":{"hp":0,"atk":252,"def":0,"spa":0,"spd":4,"spe":252},"shiny":true,"ivs":{"hp":31,"atk":31,"def":31,"spa":31,"spd":31,"spe":31}},{"name":"The Mad King Ryan","species":"kingdra","item":"scopelens","ability":"Swift Swim","moves":["focusenergy","dragonpulse","surf","flashcannon"],"nature":"Timid","evs":{"hp":0,"atk":0,"def":0,"spa":252,"spd":4,"spe":252},"ivs":{"hp":31,"atk":30,"def":31,"spa":30,"spd":31,"spe":30},"shiny":true},{"name":"Toadsworth","species":"politoed","item":"leftovers","ability":"Drizzle","moves":["raindance","scald","icebeam","haze"],"nature":"Modest","evs":{"hp":252,"atk":0,"def":0,"spa":252,"spd":4,"spe":0},"shiny":true,"ivs":{"hp":31,"atk":31,"def":31,"spa":31,"spd":31,"spe":31}},{"name":"Goo Lagoon","species":"swampert","item":"swampertite","ability":"Damp","moves":["waterfall","earthquake","icepunch","raindance"],"nature":"Adamant","evs":{"hp":248,"atk":252,"def":0,"spa":0,"spd":8,"spe":0},"shiny":true,"ivs":{"hp":31,"atk":31,"def":31,"spa":31,"spd":31,"spe":31}},{"name":"Insert Name Pun","species":"azumarill","item":"sitrusberry","ability":"Sap Sipper","moves":["aquajet","bellydrum","brickbreak","playrough"],"nature":"Adamant","evs":{"hp":252,"atk":252,"def":0,"spa":0,"spd":4,"spe":0},"shiny":true,"ivs":{"hp":31,"atk":31,"def":31,"spa":31,"spd":31,"spe":31}},{"name":"Stag","species":"keldeo","item":"choicescarf","ability":"Justified","moves":["scald","icywind","secretsword","hiddenpowerfire"],"nature":"Timid","evs":{"hp":0,"atk":0,"def":0,"spa":252,"spd":4,"spe":252},"ivs":{"hp":31,"atk":30,"def":31,"spa":30,"spd":31,"spe":30}}],"log":["|player|p1|Void Daemon|1","|player|p2|Void Wiley|voidwiley.png","|gametype|singles","|gen|6","|tier|Monotype","|rated","|rule|Baton Pass Clause: Limit one Baton Passer, can't pass Spe and other stats simultaneously","|rule|Swagger Clause: Swagger is banned","|rule|Same Type Clause: Pokémon in a team must share a type","|clearpoke","|poke|p1|Slowbro, M","|poke|p1|Victini","|poke|p1|Gardevoir, F","|poke|p1|Hoopa-Unbound","|poke|p1|Meloetta","|poke|p1|Gallade, M","|poke|p2|Crawdaunt, F, shiny","|poke|p2|Kingdra, M, shiny","|poke|p2|Politoed, F, shiny","|poke|p2|Swampert, F, shiny","|poke|p2|Azumarill, M, shiny","|poke|p2|Keldeo","|rule|Sleep Clause Mod: Limit one foe put to sleep","|rule|Species Clause: Limit one of each Pokémon","|rule|OHKO Clause: OHKO moves are banned","|rule|Moody Clause: Moody is banned","|rule|Evasion Moves Clause: Evasion moves are banned","|rule|Endless Battle Clause: Forcing endless battles is banned","|rule|HP Percentage Mod: HP is shown in percentages","|teampreview","|","|start","|switch|p1a: Strong Belwas|Slowbro, M|394/394","|switch|p2a: Toadsworth|Politoed, F, shiny|384/384","|-weather|RainDance","|turn|1","|","|switch|p2a: Mr.Krabs|Crawdaunt, F, shiny|267/267","|move|p1a: Strong Belwas|Thunder Wave|p2a: Mr.Krabs","|-status|p2a: Mr.Krabs|par","|","|-weather|RainDance|[upkeep]","|turn|2","|","|switch|p1a: Jaime Lannister|Gallade, M|339/339","|move|p2a: Mr.Krabs|Knock Off|p1a: Jaime Lannister","|-crit|p1a: Jaime Lannister","|-damage|p1a: Jaime Lannister|0 fnt","|-enditem|p1a: Jaime Lannister|Assault Vest|[from] move: Knock Off|[of] p2a: Mr.Krabs","|faint|p1a: Jaime Lannister","|","|-weather|RainDance|[upkeep]","|","|switch|p1a: Cersei Lannister|Gardevoir, F|277/277","|turn|3","|","|detailschange|p1a: Cersei Lannister|Gardevoir-Mega, F","|-mega|p1a: Cersei Lannister|Gardevoir|Gardevoirite","|move|p1a: Cersei Lannister|Hyper Voice|p2a: Mr.Krabs","|-supereffective|p2a: Mr.Krabs","|-enditem|p2a: Mr.Krabs|Focus Sash","|-damage|p2a: Mr.Krabs|1/267 par","|move|p2a: Mr.Krabs|Crabhammer|p1a: Cersei Lannister","|-damage|p1a: Cersei Lannister|0 fnt","|faint|p1a: Cersei Lannister","|","|-weather|RainDance|[upkeep]","|","|switch|p1a: Oberyn Martell|Victini|341/341","|turn|4","|","|cant|p2a: Mr.Krabs|par","|move|p1a: Oberyn Martell|U-turn|p2a: Mr.Krabs","|-supereffective|p2a: Mr.Krabs","|-damage|p2a: Mr.Krabs|0 fnt","|faint|p2a: Mr.Krabs","|","|switch|p1a: Strong Belwas|Slowbro, M|394/394","|","|-weather|RainDance|[upkeep]","|","|switch|p2a: Insert Name Pun|Azumarill, M, shiny|404/404","|turn|5","|","|move|p2a: Insert Name Pun|Belly Drum|p2a: Insert Name Pun","|-damage|p2a: Insert Name Pun|202/404","|-setboost|p2a: Insert Name Pun|atk|6|[from] move: Belly Drum","|-enditem|p2a: Insert Name Pun|Sitrus Berry|[eat]","|-heal|p2a: Insert Name Pun|303/404|[from] item: Sitrus Berry","|move|p1a: Strong Belwas|Scald|p2a: Insert Name Pun","|-resisted|p2a: Insert Name Pun","|-damage|p2a: Insert Name Pun|181/404","|","|-weather|none","|turn|6","|","|move|p2a: Insert Name Pun|Play Rough|p1a: Strong Belwas|[miss]","|-miss|p2a: Insert Name Pun|p1a: Strong Belwas","|move|p1a: Strong Belwas|Scald|p2a: Insert Name Pun","|-resisted|p2a: Insert Name Pun","|-damage|p2a: Insert Name Pun|100/404","|-status|p2a: Insert Name Pun|brn","|","|-damage|p2a: Insert Name Pun|50/404 brn|[from] brn","|turn|7","|","|move|p2a: Insert Name Pun|Play Rough|p1a: Strong Belwas","|-damage|p1a: Strong Belwas|213/394","|-damage|p2a: Insert Name Pun|0 fnt|[from] item: Rocky Helmet|[of] p1a: Strong Belwas","|faint|p2a: Insert Name Pun","|move|p1a: Strong Belwas|Slack Off|p1a: Strong Belwas","|-heal|p1a: Strong Belwas|394/394","|","|","|switch|p2a: Stag|Keldeo|323/323","|turn|8","|","|move|p2a: Stag|Secret Sword|p1a: Strong Belwas","|-resisted|p1a: Strong Belwas","|-damage|p1a: Strong Belwas|328/394","|move|p1a: Strong Belwas|Thunder Wave|p2a: Stag","|-status|p2a: Stag|par","|","|turn|9","|","|switch|p2a: Toadsworth|Politoed, F, shiny|384/384","|-weather|RainDance","|move|p1a: Strong Belwas|Scald|p2a: Toadsworth","|-resisted|p2a: Toadsworth","|-damage|p2a: Toadsworth|294/384","|","|-weather|RainDance|[upkeep]","|-heal|p2a: Toadsworth|318/384|[from] item: Leftovers","|turn|10","|","|move|p2a: Toadsworth|Scald|p1a: Strong Belwas","|-resisted|p1a: Strong Belwas","|-damage|p1a: Strong Belwas|218/394","|-status|p1a: Strong Belwas|brn","|move|p1a: Strong Belwas|Thunder Wave|p2a: Toadsworth","|-status|p2a: Toadsworth|par","|","|-weather|RainDance|[upkeep]","|-heal|p2a: Toadsworth|342/384 par|[from] item: Leftovers","|-damage|p1a: Strong Belwas|169/394 brn|[from] brn","|turn|11","|","|switch|p1a: Daenerys Targaryen|Meloetta|404/404","|move|p2a: Toadsworth|Scald|p1a: Daenerys Targaryen","|-damage|p1a: Daenerys Targaryen|298/404","|-status|p1a: Daenerys Targaryen|brn","|","|-weather|RainDance|[upkeep]","|-heal|p2a: Toadsworth|366/384 par|[from] item: Leftovers","|-damage|p1a: Daenerys Targaryen|248/404 brn|[from] brn","|turn|12","|","|move|p1a: Daenerys Targaryen|Charge Beam|p2a: Toadsworth","|-supereffective|p2a: Toadsworth","|-damage|p2a: Toadsworth|232/384 par","|-boost|p1a: Daenerys Targaryen|spa|1","|cant|p2a: Toadsworth|par","|","|-weather|RainDance|[upkeep]","|-heal|p2a: Toadsworth|256/384 par|[from] item: Leftovers","|-damage|p1a: Daenerys Targaryen|198/404 brn|[from] brn","|turn|13","|","|move|p1a: Daenerys Targaryen|Hyper Voice|p2a: Toadsworth","|-damage|p2a: Toadsworth|0 fnt","|faint|p2a: Toadsworth","|","|-weather|none","|-damage|p1a: Daenerys Targaryen|148/404 brn|[from] brn","|","|switch|p2a: Goo Lagoon|Swampert, F, shiny|403/403","|turn|14","|","|detailschange|p2a: Goo Lagoon|Swampert-Mega, F, shiny","|-mega|p2a: Goo Lagoon|Swampert|Swampertite","|move|p1a: Daenerys Targaryen|Hyper Voice|p2a: Goo Lagoon","|-damage|p2a: Goo Lagoon|147/403","|move|p2a: Goo Lagoon|Rain Dance|p2a: Goo Lagoon","|-weather|RainDance","|","|-weather|RainDance|[upkeep]","|-damage|p1a: Daenerys Targaryen|98/404 brn|[from] brn","|turn|15","|","|move|p2a: Goo Lagoon|Waterfall|p1a: Daenerys Targaryen","|-damage|p1a: Daenerys Targaryen|0 fnt","|faint|p1a: Daenerys Targaryen","|","|-weather|RainDance|[upkeep]","|","|switch|p1a: Strong Belwas|Slowbro, M|300/394 brn","|turn|16","|","|move|p2a: Goo Lagoon|Waterfall|p1a: Strong Belwas","|-resisted|p1a: Strong Belwas","|-damage|p1a: Strong Belwas|172/394 brn","|-damage|p2a: Goo Lagoon|80/403|[from] item: Rocky Helmet|[of] p1a: Strong Belwas","|cant|p1a: Strong Belwas|flinch","|","|-weather|RainDance|[upkeep]","|-damage|p1a: Strong Belwas|123/394 brn|[from] brn","|turn|17","|","|move|p2a: Goo Lagoon|Waterfall|p1a: Strong Belwas","|-resisted|p1a: Strong Belwas","|-damage|p1a: Strong Belwas|2/394 brn","|-damage|p2a: Goo Lagoon|13/403|[from] item: Rocky Helmet|[of] p1a: Strong Belwas","|move|p1a: Strong Belwas|Slack Off|p1a: Strong Belwas","|-heal|p1a: Strong Belwas|199/394 brn","|","|-weather|RainDance|[upkeep]","|-damage|p1a: Strong Belwas|150/394 brn|[from] brn","|turn|18","|","|move|p2a: Goo Lagoon|Waterfall|p1a: Strong Belwas","|-resisted|p1a: Strong Belwas","|-damage|p1a: Strong Belwas|31/394 brn","|-damage|p2a: Goo Lagoon|0 fnt|[from] item: Rocky Helmet|[of] p1a: Strong Belwas","|faint|p2a: Goo Lagoon","|move|p1a: Strong Belwas|Slack Off|p1a: Strong Belwas","|-heal|p1a: Strong Belwas|228/394 brn","|","|-weather|none","|-damage|p1a: Strong Belwas|179/394 brn|[from] brn","|","|switch|p2a: The Mad King Ryan|Kingdra, M, shiny|291/291","|turn|19","|","|move|p2a: The Mad King Ryan|Focus Energy|p2a: The Mad King Ryan","|-start|p2a: The Mad King Ryan|move: Focus Energy","|move|p1a: Strong Belwas|Slack Off|p1a: Strong Belwas","|-heal|p1a: Strong Belwas|376/394 brn","|","|-damage|p1a: Strong Belwas|327/394 brn|[from] brn","|turn|20","|","|move|p2a: The Mad King Ryan|Dragon Pulse|p1a: Strong Belwas","|-crit|p1a: Strong Belwas","|-damage|p1a: Strong Belwas|99/394 brn","|move|p1a: Strong Belwas|Thunder Wave|p2a: The Mad King Ryan","|-status|p2a: The Mad King Ryan|par","|","|-damage|p1a: Strong Belwas|50/394 brn|[from] brn","|turn|21","|","|switch|p1a: Oberyn Martell|Victini|341/341","|move|p2a: The Mad King Ryan|Dragon Pulse|p1a: Oberyn Martell","|-crit|p1a: Oberyn Martell","|-damage|p1a: Oberyn Martell|155/341","|","|turn|22","|","|move|p1a: Oberyn Martell|U-turn|p2a: The Mad King Ryan","|-damage|p2a: The Mad King Ryan|213/291 par","|","|switch|p1a: Strong Belwas|Slowbro, M|181/394 brn","|move|p2a: The Mad King Ryan|Surf|p1a: Strong Belwas","|-crit|p1a: Strong Belwas","|-resisted|p1a: Strong Belwas","|-damage|p1a: Strong Belwas|61/394 brn","|","|-damage|p1a: Strong Belwas|12/394 brn|[from] brn","|turn|23","|","|move|p1a: Strong Belwas|Scald|p2a: The Mad King Ryan","|-crit|p2a: The Mad King Ryan","|-resisted|p2a: The Mad King Ryan","|-damage|p2a: The Mad King Ryan|161/291 par","|move|p2a: The Mad King Ryan|Surf|p1a: Strong Belwas","|-crit|p1a: Strong Belwas","|-resisted|p1a: Strong Belwas","|-damage|p1a: Strong Belwas|0 fnt","|faint|p1a: Strong Belwas","|","|","|switch|p1a: Oberyn Martell|Victini|155/341","|turn|24","|","|move|p1a: Oberyn Martell|Bolt Strike|p2a: The Mad King Ryan","|-damage|p2a: The Mad King Ryan|21/291 par","|move|p2a: The Mad King Ryan|Surf|p1a: Oberyn Martell","|-crit|p1a: Oberyn Martell","|-supereffective|p1a: Oberyn Martell","|-damage|p1a: Oberyn Martell|0 fnt","|faint|p1a: Oberyn Martell","|","|","|switch|p1a: Ramsay Bolton|Hoopa-Unbound|301/301","|turn|25","|","|move|p1a: Ramsay Bolton|Hyperspace Hole|p2a: The Mad King Ryan","|-damage|p2a: The Mad King Ryan|0 fnt","|faint|p2a: The Mad King Ryan","|","|","|switch|p2a: Stag|Keldeo|323/323 par","|turn|26","|","|move|p1a: Ramsay Bolton|Hyperspace Hole|p2a: Stag","|-supereffective|p2a: Stag","|-damage|p2a: Stag|0 fnt","|faint|p2a: Stag","|","|win|Void Daemon"],"p1rating":{"entryid":"203453","serverid":"eos","formatid":"monotype","userid":"voiddaemon","username":"Void Daemon","w":1,"l":"1","t":"0","gxe":52.3,"r":"1459.8393856612","rd":"124.12206552901","sigma":"0","rptime":"1440752400","rpr":1518.2512184265,"rprd":118.43315973982,"rpsigma":"0","acre":1052.7179617462,"lacre":1052.7179617462,"oldacre":"1000"},"p2rating":{"entryid":"91212","serverid":"eos","formatid":"monotype","userid":"voidwiley","username":"Void Wiley","w":"44","l":25,"t":"0","gxe":64.5,"r":"1635.1929176036","rd":"45.344567644967","sigma":"0","rptime":"1440752400","rpr":1613.3795456688,"rprd":44.516138756755,"rpsigma":"0","acre":1081.4839927429,"lacre":1081.4839927429,"oldacre":"1114.4327188343"},"endType":"normal"}