{"seed":[58160,29964,60644,7942],"turns":31,"p1":"Vin Prof Gortex","p2":"SLGoomy","p1team":[{"name":"Empoleon","species":"Empoleon","item":"leftovers","ability":"Torrent","moves":["stealthrock","defog","icebeam","scald"],"nature":"Calm","evs":{"hp":240,"atk":0,"def":0,"spa":16,"spd":252,"spe":0},"ivs":{"hp":31,"atk":0,"def":31,"spa":31,"spd":31,"spe":31}},{"name":"Quagsire","species":"Quagsire","item":"rockyhelmet","ability":"Unaware","moves":["recover","rockslide","toxic","scald"],"nature":"Bold","evs":{"hp":232,"atk":0,"def":252,"spa":16,"spd":8,"spe":0},"ivs":{"hp":31,"atk":31,"def":31,"spa":31,"spd":31,"spe":31}},{"name":"Lanturn","species":"Lanturn","item":"leftovers","ability":"Volt Absorb","moves":["dazzlinggleam","discharge","healbell","toxic"],"nature":"Calm","evs":{"hp":232,"atk":0,"def":0,"spa":24,"spd":252,"spe":0},"ivs":{"hp":31,"atk":0,"def":31,"spa":31,"spd":31,"spe":31}},{"name":"Gyarados","species":"Gyarados","item":"gyaradosite","ability":"Intimidate","moves":["crunch","icefang","dragondance","earthquake"],"nature":"Adamant","evs":{"hp":128,"atk":252,"def":0,"spa":0,"spd":0,"spe":128},"ivs":{"hp":31,"atk":31,"def":31,"spa":31,"spd":31,"spe":31}},{"name":"Keldeo","species":"Keldeo","item":"leftovers","ability":"Justified","moves":["calmmind","scald","secretsword","substitute"],"nature":"Timid","evs":{"hp":0,"atk":0,"def":0,"spa":252,"spd":4,"spe":252},"ivs":{"hp":31,"atk":0,"def":31,"spa":31,"spd":31,"spe":31}},{"name":"Slowbro","species":"Slowbro","item":"assaultvest","ability":"Regenerator","moves":["scald","psyshock","fireblast","icebeam"],"nature":"Bold","evs":{"hp":252,"atk":0,"def":128,"spa":112,"spd":16,"spe":0},"ivs":{"hp":31,"atk":0,"def":31,"spa":31,"spd":31,"spe":31}}],"p2team":[{"name":"Beedrill","species":"Beedrill","item":"beedrillite","ability":"Swarm","moves":["knockoff","poisonjab","uturn","drillrun"],"nature":"Jolly","evs":{"hp":0,"atk":252,"def":0,"spa":0,"spd":4,"spe":252},"ivs":{"hp":31,"atk":31,"def":31,"spa":31,"spd":31,"spe":31}},{"name":"Gengar","species":"Gengar","item":"focussash","ability":"Levitate","moves":["destinybond","taunt","shadowball","sludgewave"],"nature":"Timid","evs":{"hp":0,"atk":0,"def":0,"spa":252,"spd":4,"spe":252},"ivs":{"hp":31,"atk":31,"def":31,"spa":31,"spd":31,"spe":31}},{"name":"Dragalge","species":"Dragalge","item":"assaultvest","ability":"Adaptability","moves":["dracometeor","sludgewave","outrage","gunkshot"],"nature":"Mild","evs":{"hp":248,"atk":8,"def":0,"spa":252,"spd":0,"spe":0},"ivs":{"hp":31,"atk":31,"def":31,"spa":31,"spd":31,"spe":31}},{"name":"Nidoking","species":"Nidoking","item":"blacksludge","ability":"Poison Point","moves":["toxicspikes","stealthrock","earthquake","roar"],"nature":"Impish","evs":{"hp":248,"atk":8,"def":252,"spa":0,"spd":0,"spe":0},"ivs":{"hp":31,"atk":31,"def":31,"spa":31,"spd":31,"spe":31}},{"name":"Tentacruel","species":"Tentacruel","item":"blacksludge","ability":"Rain Dish","moves":["raindance","scald","icebeam","sludgewave"],"nature":"Timid","evs":{"hp":0,"atk":0,"def":0,"spa":252,"spd":4,"spe":252},"ivs":{"hp":31,"atk":31,"def":31,"spa":31,"spd":31,"spe":31}},{"name":"Toxicroak","species":"Toxicroak","item":"focussash","ability":"Poison Touch","moves":["poisonjab","crosschop","rockslide","thunderpunch"],"nature":"Adamant","evs":{"hp":248,"atk":252,"def":0,"spa":0,"spd":8,"spe":0},"ivs":{"hp":31,"atk":31,"def":31,"spa":31,"spd":31,"spe":31}}],"log":["|player|p1|Vin Prof Gortex|102","|player|p2|SLGoomy|261","|gametype|singles","|gen|6","|tier|Monotype","|rated","|rule|Baton Pass Clause: Limit one Baton Passer, can't pass Spe and other stats simultaneously","|rule|Swagger Clause: Swagger is banned","|rule|Same Type Clause: Pokémon in a team must share a type","|clearpoke","|poke|p1|Empoleon, F","|poke|p1|Quagsire, F","|poke|p1|Lanturn, F","|poke|p1|Gyarados, M","|poke|p1|Keldeo","|poke|p1|Slowbro, M","|poke|p2|Beedrill, M","|poke|p2|Gengar, M","|poke|p2|Dragalge, F","|poke|p2|Nidoking, M","|poke|p2|Tentacruel, M","|poke|p2|Toxicroak, M","|rule|Sleep Clause Mod: Limit one foe put to sleep","|rule|Species Clause: Limit one of each Pokémon","|rule|OHKO Clause: OHKO moves are banned","|rule|Moody Clause: Moody is banned","|rule|Evasion Moves Clause: Evasion moves are banned","|rule|Endless Battle Clause: Forcing endless battles is banned","|rule|HP Percentage Mod: HP is shown in percentages","|teampreview","|","|start","|switch|p1a: Lanturn|Lanturn, F|449/449","|switch|p2a: Beedrill|Beedrill, M|271/271","|turn|1","|","|detailschange|p2a: Beedrill|Beedrill-Mega, M","|-mega|p2a: Beedrill|Beedrill|Beedrillite","|move|p2a: Beedrill|Drill Run|p1a: Lanturn","|-supereffective|p1a: Lanturn","|-damage|p1a: Lanturn|133/449","|move|p1a: Lanturn|Discharge|p2a: Beedrill","|-damage|p2a: Beedrill|181/271","|","|-heal|p1a: Lanturn|161/449|[from] item: Leftovers","|turn|2","|","|switch|p1a: Quagsire|Quagsire, F|389/389","|move|p2a: Beedrill|Drill Run|p1a: Quagsire","|-damage|p1a: Quagsire|306/389","|-damage|p2a: Beedrill|136/271|[from] item: Rocky Helmet|[of] p1a: Quagsire","|","|turn|3","|","|switch|p2a: Toxicroak|Toxicroak, M|369/369","|move|p1a: Quagsire|Recover|p1a: Quagsire","|-heal|p1a: Quagsire|389/389","|","|turn|4","|","|switch|p1a: Slowbro|Slowbro, M|394/394","|move|p2a: Toxicroak|Poison Jab|p1a: Slowbro","|-damage|p1a: Slowbro|286/394","|-status|p1a: Slowbro|psn","|","|-damage|p1a: Slowbro|237/394 psn|[from] psn","|turn|5","|","|move|p2a: Toxicroak|Thunder Punch|p1a: Slowbro","|-supereffective|p1a: Slowbro","|-damage|p1a: Slowbro|101/394 psn","|move|p1a: Slowbro|Psyshock|p2a: Toxicroak","|-supereffective|p2a: Toxicroak","|-enditem|p2a: Toxicroak|Focus Sash","|-damage|p2a: Toxicroak|1/369","|","|-damage|p1a: Slowbro|52/394 psn|[from] psn","|turn|6","|","|switch|p1a: Empoleon|Empoleon, F|369/369","|move|p2a: Toxicroak|Poison Jab|p1a: Empoleon","|-immune|p1a: Empoleon|[msg]","|","|turn|7","|","|switch|p1a: Quagsire|Quagsire, F|389/389","|move|p2a: Toxicroak|Cross Chop|p1a: Quagsire","|-damage|p1a: Quagsire|242/389","|-damage|p2a: Toxicroak|0 fnt|[from] item: Rocky Helmet|[of] p1a: Quagsire","|faint|p2a: Toxicroak","|","|","|switch|p2a: Gengar|Gengar, M|261/261","|turn|8","|","|switch|p1a: Empoleon|Empoleon, F|369/369","|move|p2a: Gengar|Taunt|p1a: Empoleon","|-start|p1a: Empoleon|move: Taunt","|","|turn|9","|","|move|p2a: Gengar|Shadow Ball|p1a: Empoleon","|-damage|p1a: Empoleon|258/369","|move|p1a: Empoleon|Scald|p2a: Gengar","|-damage|p2a: Gengar|122/261","|","|-heal|p1a: Empoleon|281/369|[from] item: Leftovers","|turn|10","|","|move|p2a: Gengar|Destiny Bond|p2a: Gengar","|-singlemove|p2a: Gengar|Destiny Bond","|move|p1a: Empoleon|Scald|p2a: Gengar","|-damage|p2a: Gengar|0 fnt","|faint|p2a: Gengar","|-activate|p2a: Gengar|Destiny Bond","|faint|p1a: Empoleon","|","|","|switch|p2a: Tentacruel|Tentacruel, M|301/301","|switch|p1a: Slowbro|Slowbro, M|183/394 psn","|turn|11","|","|move|p2a: Tentacruel|Rain Dance|p2a: Tentacruel","|-weather|RainDance","|move|p1a: Slowbro|Psyshock|p2a: Tentacruel","|-supereffective|p2a: Tentacruel","|-damage|p2a: Tentacruel|13/301","|","|-weather|RainDance|[upkeep]","|-heal|p2a: Tentacruel|31/301|[from] ability: Rain Dish","|-heal|p2a: Tentacruel|49/301|[from] item: Black Sludge","|-damage|p1a: Slowbro|134/394 psn|[from] psn","|turn|12","|","|switch|p1a: Lanturn|Lanturn, F|161/449","|move|p2a: Tentacruel|Sludge Wave|p1a: Lanturn","|-damage|p1a: Lanturn|58/449","|","|-weather|RainDance|[upkeep]","|-heal|p2a: Tentacruel|67/301|[from] ability: Rain Dish","|-heal|p2a: Tentacruel|85/301|[from] item: Black Sludge","|-heal|p1a: Lanturn|86/449|[from] item: Leftovers","|turn|13","|","|switch|p2a: Nidoking|Nidoking, M|365/365","|move|p1a: Lanturn|Heal Bell|p1a: Lanturn","|-cureteam|p1a: Lanturn|[from] move: HealBell","|","|-weather|RainDance|[upkeep]","|-heal|p1a: Lanturn|114/449|[from] item: Leftovers","|turn|14","|","|switch|p1a: Gyarados|Gyarados, M|363/363","|-ability|p1a: Gyarados|Intimidate","|-unboost|p2a: Nidoking|atk|1","|move|p2a: Nidoking|Earthquake|p1a: Gyarados","|-immune|p1a: Gyarados|[msg]","|","|-weather|RainDance|[upkeep]","|turn|15","|","|switch|p1a: Lanturn|Lanturn, F|114/449","|switch|p2a: Tentacruel|Tentacruel, M|85/301","|","|-weather|none","|-heal|p2a: Tentacruel|103/301|[from] item: Black Sludge","|-heal|p1a: Lanturn|142/449|[from] item: Leftovers","|turn|16","|","|move|p2a: Tentacruel|Sludge Wave|p1a: Lanturn","|-damage|p1a: Lanturn|39/449","|move|p1a: Lanturn|Discharge|p2a: Tentacruel","|-supereffective|p2a: Tentacruel","|-damage|p2a: Tentacruel|0 fnt","|faint|p2a: Tentacruel","|","|-heal|p1a: Lanturn|67/449|[from] item: Leftovers","|","|switch|p2a: Beedrill|Beedrill-Mega, M|136/271","|turn|17","|","|switch|p1a: Quagsire|Quagsire, F|242/389","|move|p2a: Beedrill|Poison Jab|p1a: Quagsire","|-resisted|p1a: Quagsire","|-damage|p1a: Quagsire|151/389","|-damage|p2a: Beedrill|91/271|[from] item: Rocky Helmet|[of] p1a: Quagsire","|","|turn|18","|","|move|p2a: Beedrill|Knock Off|p1a: Quagsire","|-damage|p1a: Quagsire|56/389","|-damage|p2a: Beedrill|46/271|[from] item: Rocky Helmet|[of] p1a: Quagsire","|-enditem|p1a: Quagsire|Rocky Helmet|[from] move: Knock Off|[of] p2a: Beedrill","|move|p1a: Quagsire|Recover|p1a: Quagsire","|-heal|p1a: Quagsire|251/389","|","|turn|19","|","|move|p2a: Beedrill|U-turn|p1a: Quagsire","|-damage|p1a: Quagsire|97/389","|","|switch|p2a: Dragalge|Dragalge, F|333/333","|move|p1a: Quagsire|Recover|p1a: Quagsire","|-heal|p1a: Quagsire|292/389","|","|turn|20","|","|switch|p1a: Lanturn|Lanturn, F|67/449","|move|p2a: Dragalge|Draco Meteor|p1a: Lanturn","|-damage|p1a: Lanturn|0 fnt","|-unboost|p2a: Dragalge|spa|2","|faint|p1a: Lanturn","|","|","|switch|p1a: Keldeo|Keldeo|323/323","|turn|21","|","|move|p1a: Keldeo|Substitute|p1a: Keldeo","|-start|p1a: Keldeo|Substitute","|-damage|p1a: Keldeo|243/323","|move|p2a: Dragalge|Gunk Shot|p1a: Keldeo","|-end|p1a: Keldeo|Substitute","|","|-heal|p1a: Keldeo|263/323|[from] item: Leftovers","|turn|22","|","|move|p1a: Keldeo|Substitute|p1a: Keldeo","|-start|p1a: Keldeo|Substitute","|-damage|p1a: Keldeo|183/323","|move|p2a: Dragalge|Outrage|p1a: Keldeo","|-end|p1a: Keldeo|Substitute","|","|-heal|p1a: Keldeo|203/323|[from] item: Leftovers","|turn|23","|","|switch|p1a: Quagsire|Quagsire, F|292/389","|move|p2a: Dragalge|Outrage|p1a: Quagsire|[from]lockedmove","|-damage|p1a: Quagsire|180/389","|-start|p2a: Dragalge|confusion|[fatigue]","|","|turn|24","|","|switch|p2a: Nidoking|Nidoking, M|365/365","|move|p1a: Quagsire|Scald|p2a: Nidoking","|-supereffective|p2a: Nidoking","|-damage|p2a: Nidoking|197/365","|","|-heal|p2a: Nidoking|219/365|[from] item: Black Sludge","|turn|25","|","|switch|p1a: Slowbro|Slowbro, M|265/394","|move|p2a: Nidoking|Roar|p1a: Slowbro","|drag|p1a: Gyarados|Gyarados, M|363/363","|-ability|p1a: Gyarados|Intimidate","|-unboost|p2a: Nidoking|atk|1","|","|-heal|p2a: Nidoking|241/365|[from] item: Black Sludge","|turn|26","|","|switch|p1a: Quagsire|Quagsire, F|180/389","|move|p2a: Nidoking|Stealth Rock|p1a: Quagsire","|-sidestart|p1: Vin Prof Gortex|move: Stealth Rock","|","|-heal|p2a: Nidoking|263/365|[from] item: Black Sludge","|turn|27","|","|move|p1a: Quagsire|Recover|p1a: Quagsire","|-heal|p1a: Quagsire|375/389","|move|p2a: Nidoking|Roar|p1a: Quagsire","|drag|p1a: Slowbro|Slowbro, M|394/394","|-damage|p1a: Slowbro|345/394|[from] Stealth Rock","|","|-heal|p2a: Nidoking|285/365|[from] item: Black Sludge","|turn|28","|","|move|p1a: Slowbro|Scald|p2a: Nidoking","|-supereffective|p2a: Nidoking","|-damage|p2a: Nidoking|0 fnt","|faint|p2a: Nidoking","|","|","|switch|p2a: Beedrill|Beedrill-Mega, M|46/271","|turn|29","|","|switch|p1a: Gyarados|Gyarados, M|363/363","|-damage|p1a: Gyarados|273/363|[from] Stealth Rock","|-ability|p1a: Gyarados|Intimidate","|-unboost|p2a: Beedrill|atk|1","|move|p2a: Beedrill|Knock Off|p1a: Gyarados","|-damage|p1a: Gyarados|203/363","|","|turn|30","|","|switch|p2a: Dragalge|Dragalge, F|333/333","|move|p1a: Gyarados|Dragon Dance|p1a: Gyarados","|-boost|p1a: Gyarados|atk|1","|-boost|p1a: Gyarados|spe|1","|","|turn|31","|","|win|Vin Prof Gortex"],"p1rating":{"entryid":"578346","serverid":"eos","formatid":"monotype","userid":"vinprofgortex","username":"Vin Prof Gortex","w":2,"l":"3","t":"0","gxe":46.1,"r":"1500","rd":"130","sigma":"0","rptime":"1440752400","rpr":1469.053486763,"rprd":102.81642976596,"rpsigma":"0","acre":1045.9350608065,"lacre":1045.9350608065,"oldacre":"1000"},"p2rating":{"entryid":"547277","serverid":"eos","formatid":"monotype","userid":"slgoomy","username":"SLGoomy","w":"1","l":4,"t":"0","gxe":38.5,"r":"1459.8393856612","rd":"122.8583080769","sigma":"0","rptime":"1440752400","rpr":1408.3864664303,"rprd":103.09905476594,"rpsigma":"0","acre":1031.5048223028,"lacre":1031.5048223028,"oldacre":"1051.934671022"},"endType":"forfeit"}