{"seed":[50454,54510,59169,62943],"turns":26,"p1":"Crystal M★n","p2":"GTX♅Bzumzum","p1team":[{"name":"Hippowdon","species":"Hippowdon","item":"leftovers","ability":"Sand Stream","moves":["stealthrock","earthquake","whirlwind","slackoff"],"nature":"Impish","evs":{"hp":248,"atk":8,"def":140,"spa":0,"spd":112,"spe":0},"ivs":{"hp":31,"atk":31,"def":31,"spa":31,"spd":31,"spe":31}},{"name":"Seismitoad","species":"Seismitoad","item":"choicespecs","ability":"Water Absorb","moves":["scald","earthpower","grassknot","sludgewave"],"nature":"Modest","evs":{"hp":100,"atk":0,"def":0,"spa":252,"spd":0,"spe":156},"ivs":{"hp":31,"atk":31,"def":31,"spa":31,"spd":31,"spe":31}},{"name":"Mamoswine","species":"Mamoswine","item":"lifeorb","ability":"Thick Fat","moves":["earthquake","iciclespear","iceshard","freezedry"],"nature":"Hasty","evs":{"hp":0,"atk":216,"def":0,"spa":40,"spd":0,"spe":252},"ivs":{"hp":31,"atk":31,"def":31,"spa":31,"spd":31,"spe":31}},{"name":"Camerupt","species":"Camerupt","item":"cameruptite","ability":"Solid Rock","moves":["flamethrower","earthpower","ancientpower","willowisp"],"nature":"Modest","evs":{"hp":168,"atk":0,"def":0,"spa":252,"spd":0,"spe":88},"ivs":{"hp":31,"atk":31,"def":31,"spa":31,"spd":31,"spe":31}},{"name":"Excadrill","species":"Excadrill","item":"choiceband","ability":"Sand Rush","moves":["earthquake","ironhead","rockslide","xscissor"],"nature":"Jolly","evs":{"hp":0,"atk":252,"def":0,"spa":0,"spd":0,"spe":252},"ivs":{"hp":31,"atk":31,"def":31,"spa":31,"spd":31,"spe":31}},{"name":"Landorus-Therian","species":"Landorus-Therian","item":"leftovers","ability":"Intimidate","moves":["swordsdance","rockpolish","earthquake","stoneedge"],"nature":"Adamant","evs":{"hp":192,"atk":252,"def":4,"spa":0,"spd":0,"spe":60},"ivs":{"hp":31,"atk":31,"def":31,"spa":31,"spd":31,"spe":31}}],"p2team":[{"name":"Thorns","species":"ferrothorn","item":"focussash","ability":"Iron Barbs","moves":["stealthrock","gyroball","leechseed","protect"],"nature":"Jolly","evs":{"hp":128,"atk":100,"def":116,"spa":0,"spd":120,"spe":44},"gender":"M","ivs":{"hp":31,"atk":31,"def":31,"spa":31,"spd":31,"spe":0}},{"name":"Brawloom","species":"breloom","item":"focussash","ability":"Technician","moves":["swordsdance","rocktomb","machpunch","spore"],"nature":"Jolly","evs":{"hp":4,"atk":252,"def":0,"spa":0,"spd":0,"spe":252},"gender":"M","shiny":true,"ivs":{"hp":31,"atk":31,"def":31,"spa":31,"spd":31,"spe":31}},{"name":"Healer","species":"shaymin","item":"leftovers","ability":"Natural Cure","moves":["aromatherapy","earthpower","airslash","seedflare"],"nature":"Calm","evs":{"hp":0,"atk":0,"def":0,"spa":252,"spd":4,"spe":252},"shiny":true,"ivs":{"hp":31,"atk":31,"def":31,"spa":31,"spd":31,"spe":31}},{"name":"Ludicool","species":"ludicolo","item":"leftovers","ability":"Swift Swim","moves":["icebeam","scald","gigadrain","raindance"],"nature":"Modest","evs":{"hp":200,"atk":0,"def":0,"spa":184,"spd":4,"spe":120},"gender":"M","shiny":true,"ivs":{"hp":31,"atk":31,"def":31,"spa":31,"spd":31,"spe":31}},{"name":"Great-ily","species":"cradily","item":"leftovers","ability":"Storm Drain","moves":["ancientpower","earthpower","recover","toxic"],"nature":"Calm","evs":{"hp":232,"atk":24,"def":0,"spa":0,"spd":252,"spe":0},"gender":"M","shiny":true,"ivs":{"hp":31,"atk":31,"def":31,"spa":31,"spd":31,"spe":31}},{"name":"Plantasaurus","species":"venusaur","item":"venusaurite","ability":"Chlorophyll","moves":["gigadrain","hiddenpowerrock","sludgebomb","synthesis"],"nature":"Modest","evs":{"hp":0,"atk":0,"def":68,"spa":188,"spd":0,"spe":252},"gender":"M","ivs":{"hp":31,"atk":31,"def":30,"spa":31,"spd":30,"spe":30},"shiny":true}],"log":["|player|p1|Crystal M★n|crystalmn.png","|player|p2|GTX♅Bzumzum|225","|gametype|singles","|gen|6","|tier|Monotype","|rated","|rule|Baton Pass Clause: Limit one Baton Passer, can't pass Spe and other stats simultaneously","|rule|Swagger Clause: Swagger is banned","|rule|Same Type Clause: Pokémon in a team must share a type","|clearpoke","|poke|p1|Hippowdon, M","|poke|p1|Seismitoad, M","|poke|p1|Mamoswine, F","|poke|p1|Camerupt, F","|poke|p1|Excadrill, M","|poke|p1|Landorus-Therian, M","|poke|p2|Ferrothorn, M","|poke|p2|Breloom, M, shiny","|poke|p2|Shaymin, shiny","|poke|p2|Ludicolo, M, shiny","|poke|p2|Cradily, M, shiny","|poke|p2|Venusaur, M, shiny","|rule|Sleep Clause Mod: Limit one foe put to sleep","|rule|Species Clause: Limit one of each Pokémon","|rule|OHKO Clause: OHKO moves are banned","|rule|Moody Clause: Moody is banned","|rule|Evasion Moves Clause: Evasion moves are banned","|rule|Endless Battle Clause: Forcing endless battles is banned","|rule|HP Percentage Mod: HP is shown in percentages","|teampreview","|","|start","|switch|p1a: Hippowdon|Hippowdon, M|419/419","|switch|p2a: Ludicool|Ludicolo, M, shiny|351/351","|-weather|Sandstorm","|turn|1","|","|move|p2a: Ludicool|Rain Dance|p2a: Ludicool","|-weather|RainDance","|move|p1a: Hippowdon|Whirlwind|p2a: Ludicool","|drag|p2a: Great-ily|Cradily, M, shiny|371/371","|","|-weather|RainDance|[upkeep]","|turn|2","|","|move|p1a: Hippowdon|Earthquake|p2a: Great-ily","|-damage|p2a: Great-ily|226/371","|move|p2a: Great-ily|Ancient Power|p1a: Hippowdon","|-resisted|p1a: Hippowdon","|-damage|p1a: Hippowdon|386/419","|-boost|p2a: Great-ily|atk|1","|-boost|p2a: Great-ily|def|1","|-boost|p2a: Great-ily|spa|1","|-boost|p2a: Great-ily|spd|1","|-boost|p2a: Great-ily|spe|1","|","|-weather|RainDance|[upkeep]","|-heal|p2a: Great-ily|249/371|[from] item: Leftovers","|-heal|p1a: Hippowdon|412/419|[from] item: Leftovers","|turn|3","|","|move|p2a: Great-ily|Recover|p2a: Great-ily","|-heal|p2a: Great-ily|371/371","|move|p1a: Hippowdon|Whirlwind|p2a: Great-ily","|drag|p2a: Healer|Shaymin, shiny|341/341","|","|-weather|RainDance|[upkeep]","|-heal|p1a: Hippowdon|419/419|[from] item: Leftovers","|turn|4","|","|move|p2a: Healer|Seed Flare|p1a: Hippowdon","|-supereffective|p1a: Hippowdon","|-damage|p1a: Hippowdon|35/419","|-unboost|p1a: Hippowdon|spd|2","|move|p1a: Hippowdon|Whirlwind|p2a: Healer","|drag|p2a: Ludicool|Ludicolo, M, shiny|351/351","|","|-weather|RainDance|[upkeep]","|-heal|p1a: Hippowdon|61/419|[from] item: Leftovers","|turn|5","|","|move|p2a: Ludicool|Ice Beam|p1a: Hippowdon","|-supereffective|p1a: Hippowdon","|-damage|p1a: Hippowdon|0 fnt","|faint|p1a: Hippowdon","|","|-weather|none","|","|switch|p1a: Mamoswine|Mamoswine, F|361/361","|turn|6","|","|move|p1a: Mamoswine|Freeze-Dry|p2a: Ludicool","|-supereffective|p2a: Ludicool","|-damage|p2a: Ludicool|23/351","|-damage|p1a: Mamoswine|325/361|[from] item: Life Orb","|move|p2a: Ludicool|Rain Dance|p2a: Ludicool","|-weather|RainDance","|","|-weather|RainDance|[upkeep]","|-heal|p2a: Ludicool|44/351|[from] item: Leftovers","|turn|7","|","|move|p1a: Mamoswine|Ice Shard|p2a: Ludicool","|-damage|p2a: Ludicool|0 fnt","|-damage|p1a: Mamoswine|289/361|[from] item: Life Orb","|faint|p2a: Ludicool","|","|-weather|RainDance|[upkeep]","|","|switch|p2a: Plantasaurus|Venusaur, M, shiny|301/301","|turn|8","|","|detailschange|p2a: Plantasaurus|Venusaur-Mega, M, shiny","|-mega|p2a: Plantasaurus|Venusaur|Venusaurite","|move|p1a: Mamoswine|Earthquake|p2a: Plantasaurus","|-damage|p2a: Plantasaurus|132/301","|-damage|p1a: Mamoswine|253/361|[from] item: Life Orb","|move|p2a: Plantasaurus|Giga Drain|p1a: Mamoswine","|-supereffective|p1a: Mamoswine","|-damage|p1a: Mamoswine|0 fnt","|-heal|p2a: Plantasaurus|259/301|[from] drain|[of] p1a: Mamoswine","|faint|p1a: Mamoswine","|","|-weather|RainDance|[upkeep]","|","|switch|p1a: Camerupt|Camerupt, F|323/323","|turn|9","|","|detailschange|p1a: Camerupt|Camerupt-Mega, F","|-mega|p1a: Camerupt|Camerupt|Cameruptite","|move|p2a: Plantasaurus|Hidden Power|p1a: Camerupt","|-damage|p1a: Camerupt|257/323","|move|p1a: Camerupt|Earth Power|p2a: Plantasaurus","|-damage|p2a: Plantasaurus|49/301","|","|-weather|RainDance|[upkeep]","|turn|10","|","|switch|p2a: Great-ily|Cradily, M, shiny|371/371","|move|p1a: Camerupt|Earth Power|p2a: Great-ily","|-damage|p2a: Great-ily|209/371","|","|-weather|none","|-heal|p2a: Great-ily|232/371|[from] item: Leftovers","|turn|11","|","|switch|p1a: Excadrill|Excadrill, M|361/361","|move|p2a: Great-ily|Earth Power|p1a: Excadrill","|-supereffective|p1a: Excadrill","|-damage|p1a: Excadrill|201/361","|","|-heal|p2a: Great-ily|255/371|[from] item: Leftovers","|turn|12","|","|move|p1a: Excadrill|Earthquake|p2a: Great-ily","|-damage|p2a: Great-ily|0 fnt","|faint|p2a: Great-ily","|","|","|switch|p2a: Thorns|Ferrothorn, M|321/321","|turn|13","|","|move|p1a: Excadrill|Earthquake|p2a: Thorns","|-damage|p2a: Thorns|110/321","|move|p2a: Thorns|Leech Seed|p1a: Excadrill","|-start|p1a: Excadrill|move: Leech Seed","|","|-damage|p1a: Excadrill|156/361|[from] Leech Seed|[of] p2a: Thorns","|-heal|p2a: Thorns|155/321|[silent]","|turn|14","|","|move|p2a: Thorns|Protect|p2a: Thorns","|-singleturn|p2a: Thorns|Protect","|move|p1a: Excadrill|Earthquake|p2a: Thorns","|-activate|p2a: Thorns|Protect","|","|-damage|p1a: Excadrill|111/361|[from] Leech Seed|[of] p2a: Thorns","|-heal|p2a: Thorns|200/321|[silent]","|turn|15","|","|move|p2a: Thorns|Protect|p2a: Thorns","|-singleturn|p2a: Thorns|Protect","|move|p1a: Excadrill|Earthquake|p2a: Thorns","|-activate|p2a: Thorns|Protect","|","|-damage|p1a: Excadrill|66/361|[from] Leech Seed|[of] p2a: Thorns","|-heal|p2a: Thorns|245/321|[silent]","|turn|16","|","|switch|p1a: Camerupt|Camerupt-Mega, F|257/323","|move|p2a: Thorns|Stealth Rock|p1a: Camerupt","|-sidestart|p1: Crystal M★n|move: Stealth Rock","|","|turn|17","|","|move|p2a: Thorns|Protect|p2a: Thorns","|-singleturn|p2a: Thorns|Protect","|move|p1a: Camerupt|Flamethrower|p2a: Thorns","|-activate|p2a: Thorns|Protect","|","|turn|18","|","|move|p1a: Camerupt|Flamethrower|p2a: Thorns","|-supereffective|p2a: Thorns","|-damage|p2a: Thorns|0 fnt","|faint|p2a: Thorns","|","|","|switch|p2a: Brawloom|Breloom, M, shiny|262/262","|turn|19","|","|move|p2a: Brawloom|Spore|p1a: Camerupt","|-status|p1a: Camerupt|slp","|cant|p1a: Camerupt|slp","|","|turn|20","|","|move|p2a: Brawloom|Swords Dance|p2a: Brawloom","|-boost|p2a: Brawloom|atk|2","|cant|p1a: Camerupt|slp","|","|turn|21","|","|switch|p1a: Excadrill|Excadrill, M|66/361","|-damage|p1a: Excadrill|55/361|[from] Stealth Rock","|move|p2a: Brawloom|Swords Dance|p2a: Brawloom","|-boost|p2a: Brawloom|atk|2","|","|turn|22","|","|move|p2a: Brawloom|Mach Punch|p1a: Excadrill","|-supereffective|p1a: Excadrill","|-damage|p1a: Excadrill|0 fnt","|faint|p1a: Excadrill","|","|","|switch|p1a: Landorus-Therian|Landorus-Therian, M|367/367","|-damage|p1a: Landorus-Therian|322/367|[from] Stealth Rock","|-ability|p1a: Landorus-Therian|Intimidate","|-unboost|p2a: Brawloom|atk|1","|turn|23","|","|switch|p1a: Seismitoad|Seismitoad, M|376/376","|-damage|p1a: Seismitoad|353/376|[from] Stealth Rock","|move|p2a: Brawloom|Swords Dance|p2a: Brawloom","|-boost|p2a: Brawloom|atk|2","|","|turn|24","|","|move|p2a: Brawloom|Mach Punch|p1a: Seismitoad","|-damage|p1a: Seismitoad|0 fnt","|faint|p1a: Seismitoad","|","|","|switch|p1a: Landorus-Therian|Landorus-Therian, M|322/367","|-damage|p1a: Landorus-Therian|277/367|[from] Stealth Rock","|-ability|p1a: Landorus-Therian|Intimidate","|-unboost|p2a: Brawloom|atk|1","|turn|25","|","|move|p2a: Brawloom|Rock Tomb|p1a: Landorus-Therian","|-damage|p1a: Landorus-Therian|0 fnt","|faint|p1a: Landorus-Therian","|","|","|switch|p1a: Camerupt|Camerupt-Mega, F|257/323 slp","|-damage|p1a: Camerupt|217/323 slp|[from] Stealth Rock","|turn|26","|","|move|p2a: Brawloom|Mach Punch|p1a: Camerupt","|-damage|p1a: Camerupt|0 fnt","|faint|p1a: Camerupt","|","|win|GTX♅Bzumzum"],"p1rating":{"entryid":"586276","serverid":"eos","formatid":"monotype","userid":"crystalmn","username":"Crystal M★n","w":"2","l":2,"t":"0","gxe":49.2,"r":"1500","rd":"130","sigma":"0","rptime":"1440752400","rpr":1493.7573834295,"rprd":107.70660311482,"rpsigma":"0","acre":1048.173169172,"lacre":1048.173169172,"oldacre":"1070.5639293975"},"p2rating":{"entryid":"1463","serverid":"eos","formatid":"monotype","userid":"gtxbzumzum","username":"GTX♅Bzumzum","w":22,"l":"58","t":"0","gxe":28.8,"r":"1318.2841403955","rd":"42.695244026916","sigma":"0","rptime":"1440752400","rpr":1328.4728691656,"rprd":42.004375421177,"rpsigma":"0","acre":1076.9832903887,"lacre":1076.9832903887,"oldacre":"1040"},"endType":"normal"}