{"seed":[18561,20992,9783,53940],"turns":20,"p1":"Knight♕Altair","p2":"GhostKingHeartless","p1team":[{"name":"Altair","species":"landorus","item":"lifeorb","ability":"Sheer Force","moves":["earthpower","sludgewave","focusblast","hiddenpowerice"],"nature":"Rash","evs":{"hp":4,"atk":0,"def":0,"spa":252,"spd":0,"spe":252},"ivs":{"hp":31,"atk":30,"def":30,"spa":31,"spd":31,"spe":31}},{"name":"Cynthiaisbae","species":"gastrodon","item":"leftovers","ability":"Storm Drain","moves":["scald","recover","toxic","earthpower"],"nature":"Calm","evs":{"hp":252,"atk":0,"def":4,"spa":0,"spd":252,"spe":0},"ivs":{"hp":31,"atk":31,"def":31,"spa":31,"spd":31,"spe":31}},{"name":"QueenNova","species":"hippowdon","item":"leftovers","ability":"Sand Stream","moves":["earthquake","stealthrock","slackoff","stoneedge"],"nature":"Impish","evs":{"hp":252,"atk":0,"def":144,"spa":0,"spd":112,"spe":0},"ivs":{"hp":31,"atk":31,"def":31,"spa":31,"spd":31,"spe":31}},{"name":"Kaorionabadday","species":"excadrill","item":"lifeorb","ability":"Sand Rush","moves":["earthquake","ironhead","rockslide","swordsdance"],"nature":"Adamant","evs":{"hp":0,"atk":252,"def":4,"spa":0,"spd":0,"spe":252},"ivs":{"hp":31,"atk":31,"def":31,"spa":31,"spd":31,"spe":31}},{"name":"The Mafia","species":"nidoking","item":"choicescarf","ability":"Sheer Force","moves":["sludgewave","earthpower","icebeam","superpower"],"nature":"Naive","evs":{"hp":0,"atk":0,"def":4,"spa":252,"spd":0,"spe":252},"ivs":{"hp":31,"atk":31,"def":31,"spa":31,"spd":31,"spe":31}},{"name":"Die in a rupt","species":"camerupt","item":"cameruptite","ability":"Solid Rock","moves":["fireblast","earthpower","ancientpower","willowisp"],"nature":"Modest","evs":{"hp":168,"atk":0,"def":0,"spa":252,"spd":0,"spe":88},"ivs":{"hp":31,"atk":31,"def":31,"spa":31,"spd":31,"spe":31}}],"p2team":[{"name":"Halestorm","species":"froslass","item":"focussash","ability":"Cursed Body","moves":["frostbreath","spikes","thunderwave","destinybond"],"nature":"Timid","evs":{"hp":4,"atk":0,"def":0,"spa":252,"spd":0,"spe":252},"ivs":{"hp":31,"atk":31,"def":31,"spa":31,"spd":31,"spe":31}},{"name":"Love Bites","species":"sableye","item":"sablenite","ability":"Prankster","moves":["snarl","willowisp","calmmind","recover"],"nature":"Bold","evs":{"hp":232,"atk":0,"def":200,"spa":0,"spd":60,"spe":16},"gender":"F","ivs":{"hp":31,"atk":0,"def":31,"spa":31,"spd":31,"spe":31}},{"name":"Attack On Titan","species":"golurk","item":"choicescarf","ability":"No Guard","moves":["dynamicpunch","stoneedge","earthquake","thunderpunch"],"nature":"Jolly","evs":{"hp":4,"atk":252,"def":0,"spa":0,"spd":0,"spe":252},"ivs":{"hp":31,"atk":31,"def":31,"spa":31,"spd":31,"spe":31}},{"name":"Mz. Hyde","species":"aegislash","item":"weaknesspolicy","ability":"Stance Change","moves":["shadowsneak","sacredsword","swordsdance","kingsshield"],"nature":"Adamant","evs":{"hp":240,"atk":252,"def":0,"spa":0,"spd":0,"spe":16},"gender":"F","ivs":{"hp":31,"atk":31,"def":31,"spa":31,"spd":31,"spe":31}},{"name":"Shatter Me","species":"chandelure","item":"choicescarf","ability":"Flash Fire","moves":["flamethrower","shadowball","energyball","trick"],"nature":"Timid","evs":{"hp":4,"atk":0,"def":0,"spa":252,"spd":0,"spe":252},"gender":"M","ivs":{"hp":31,"atk":0,"def":31,"spa":31,"spd":31,"spe":31}},{"name":"Gaspar","species":"gengar","item":"lifeorb","ability":"Levitate","moves":["shadowball","focusblast","painsplit","substitute"],"nature":"Timid","evs":{"hp":4,"atk":0,"def":0,"spa":252,"spd":0,"spe":252},"gender":"M","ivs":{"hp":31,"atk":0,"def":31,"spa":31,"spd":31,"spe":31}}],"log":["|player|p1|Knight♕Altair|165","|player|p2|GhostKingHeartless|144","|gametype|singles","|gen|6","|tier|Monotype","|rated","|rule|Baton Pass Clause: Limit one Baton Passer, can't pass Spe and other stats simultaneously","|rule|Swagger Clause: Swagger is banned","|rule|Same Type Clause: Pokémon in a team must share a type","|clearpoke","|poke|p1|Landorus, M","|poke|p1|Gastrodon, F","|poke|p1|Hippowdon, F","|poke|p1|Excadrill, F","|poke|p1|Nidoking, M","|poke|p1|Camerupt, F","|poke|p2|Froslass, F","|poke|p2|Sableye, F","|poke|p2|Golurk","|poke|p2|Aegislash, F","|poke|p2|Chandelure, M","|poke|p2|Gengar, M","|rule|Sleep Clause Mod: Limit one foe put to sleep","|rule|Species Clause: Limit one of each Pokémon","|rule|OHKO Clause: OHKO moves are banned","|rule|Moody Clause: Moody is banned","|rule|Evasion Moves Clause: Evasion moves are banned","|rule|Endless Battle Clause: Forcing endless battles is banned","|rule|HP Percentage Mod: HP is shown in percentages","|teampreview","|","|start","|switch|p1a: QueenNova|Hippowdon, F|420/420","|switch|p2a: Halestorm|Froslass, F|282/282","|-weather|Sandstorm","|turn|1","|","|move|p2a: Halestorm|Frost Breath|p1a: QueenNova","|-crit|p1a: QueenNova","|-supereffective|p1a: QueenNova","|-damage|p1a: QueenNova|174/420","|move|p1a: QueenNova|Stealth Rock|p2a: Halestorm","|-sidestart|p2: GhostKingHeartless|move: Stealth Rock","|","|-weather|Sandstorm|[upkeep]","|-damage|p2a: Halestorm|265/282|[from] sandstorm","|-heal|p1a: QueenNova|200/420|[from] item: Leftovers","|turn|2","|","|switch|p1a: Kaorionabadday|Excadrill, F|361/361","|move|p2a: Halestorm|Frost Breath|p1a: Kaorionabadday","|-crit|p1a: Kaorionabadday","|-damage|p1a: Kaorionabadday|190/361","|","|-weather|Sandstorm|[upkeep]","|-damage|p2a: Halestorm|248/282|[from] sandstorm","|turn|3","|","|switch|p2a: Gaspar|Gengar, M|262/262","|-damage|p2a: Gaspar|230/262|[from] Stealth Rock","|move|p1a: Kaorionabadday|Iron Head|p2a: Gaspar","|-damage|p2a: Gaspar|0 fnt","|-damage|p1a: Kaorionabadday|154/361|[from] item: Life Orb","|faint|p2a: Gaspar","|","|-weather|Sandstorm|[upkeep]","|","|switch|p2a: Mz. Hyde|Aegislash, F|321/321","|-damage|p2a: Mz. Hyde|301/321|[from] Stealth Rock","|turn|4","|","|move|p1a: Kaorionabadday|Earthquake|p2a: Mz. Hyde","|-supereffective|p2a: Mz. Hyde","|-damage|p2a: Mz. Hyde|0 fnt","|-damage|p1a: Kaorionabadday|118/361|[from] item: Life Orb","|faint|p2a: Mz. Hyde","|","|-weather|Sandstorm|[upkeep]","|","|switch|p2a: Love Bites|Sableye, F|299/299","|-damage|p2a: Love Bites|262/299|[from] Stealth Rock","|turn|5","|","|move|p2a: Love Bites|Will-O-Wisp|p1a: Kaorionabadday","|-status|p1a: Kaorionabadday|brn","|move|p1a: Kaorionabadday|Iron Head|p2a: Love Bites","|-damage|p2a: Love Bites|170/299","|-damage|p1a: Kaorionabadday|82/361 brn|[from] item: Life Orb","|","|-weather|none","|-damage|p1a: Kaorionabadday|37/361 brn|[from] brn","|turn|6","|","|move|p2a: Love Bites|Recover|p2a: Love Bites","|-heal|p2a: Love Bites|299/299","|move|p1a: Kaorionabadday|Iron Head|p2a: Love Bites","|-damage|p2a: Love Bites|200/299","|-damage|p1a: Kaorionabadday|1/361 brn|[from] item: Life Orb","|","|-damage|p1a: Kaorionabadday|0 fnt|[from] brn","|faint|p1a: Kaorionabadday","|","|switch|p1a: QueenNova|Hippowdon, F|200/420","|-weather|Sandstorm","|turn|7","|","|move|p2a: Love Bites|Will-O-Wisp|p1a: QueenNova","|-status|p1a: QueenNova|brn","|move|p1a: QueenNova|Stealth Rock|p2a: Love Bites","|-fail|p2a: Love Bites","|","|-weather|Sandstorm|[upkeep]","|-damage|p2a: Love Bites|182/299|[from] sandstorm","|-heal|p1a: QueenNova|226/420 brn|[from] item: Leftovers","|-damage|p1a: QueenNova|174/420 brn|[from] brn","|turn|8","|","|switch|p1a: Die in a rupt|Camerupt, F|323/323","|move|p2a: Love Bites|Calm Mind|p2a: Love Bites","|-boost|p2a: Love Bites|spa|1","|-boost|p2a: Love Bites|spd|1","|","|-weather|Sandstorm|[upkeep]","|-damage|p2a: Love Bites|164/299|[from] sandstorm","|turn|9","|","|detailschange|p1a: Die in a rupt|Camerupt-Mega, F","|-mega|p1a: Die in a rupt|Camerupt|Cameruptite","|move|p2a: Love Bites|Snarl|p1a: Die in a rupt","|-crit|p1a: Die in a rupt","|-damage|p1a: Die in a rupt|220/323","|-unboost|p1a: Die in a rupt|spa|1","|move|p1a: Die in a rupt|Fire Blast|p2a: Love Bites","|-damage|p2a: Love Bites|0 fnt","|faint|p2a: Love Bites","|","|-weather|Sandstorm|[upkeep]","|","|switch|p2a: Halestorm|Froslass, F|248/282","|-damage|p2a: Halestorm|178/282|[from] Stealth Rock","|turn|10","|","|switch|p2a: Shatter Me|Chandelure, M|262/262","|-damage|p2a: Shatter Me|197/262|[from] Stealth Rock","|move|p1a: Die in a rupt|Fire Blast|p2a: Shatter Me","|-start|p2a: Shatter Me|ability: Flash Fire","|","|-weather|Sandstorm|[upkeep]","|-damage|p2a: Shatter Me|181/262|[from] sandstorm","|turn|11","|","|move|p2a: Shatter Me|Flamethrower|p1a: Die in a rupt","|-resisted|p1a: Die in a rupt","|-damage|p1a: Die in a rupt|85/323","|move|p1a: Die in a rupt|Earth Power|p2a: Shatter Me","|-supereffective|p2a: Shatter Me","|-damage|p2a: Shatter Me|0 fnt","|faint|p2a: Shatter Me","|","|-weather|none","|","|switch|p2a: Attack On Titan|Golurk|320/320","|-damage|p2a: Attack On Titan|300/320|[from] Stealth Rock","|turn|12","|","|move|p2a: Attack On Titan|Dynamic Punch|p1a: Die in a rupt","|-damage|p1a: Die in a rupt|0 fnt","|faint|p1a: Die in a rupt","|","|","|switch|p1a: QueenNova|Hippowdon, F|174/420 brn","|-weather|Sandstorm","|turn|13","|","|move|p2a: Attack On Titan|Dynamic Punch|p1a: QueenNova","|-damage|p1a: QueenNova|89/420 brn","|-start|p1a: QueenNova|confusion","|-activate|p1a: QueenNova|confusion","|move|p1a: QueenNova|Earthquake|p2a: Attack On Titan","|-damage|p2a: Attack On Titan|228/320","|","|-weather|Sandstorm|[upkeep]","|-heal|p1a: QueenNova|115/420 brn|[from] item: Leftovers","|-damage|p1a: QueenNova|63/420 brn|[from] brn","|turn|14","|","|switch|p2a: Halestorm|Froslass, F|178/282","|-damage|p2a: Halestorm|108/282|[from] Stealth Rock","|switch|p1a: Cynthiaisbae|Gastrodon, F|426/426","|","|-weather|Sandstorm|[upkeep]","|-damage|p2a: Halestorm|91/282|[from] sandstorm","|turn|15","|","|move|p2a: Halestorm|Destiny Bond|p2a: Halestorm","|-singlemove|p2a: Halestorm|Destiny Bond","|move|p1a: Cynthiaisbae|Toxic|p2a: Halestorm","|-status|p2a: Halestorm|tox","|","|-weather|Sandstorm|[upkeep]","|-damage|p2a: Halestorm|74/282 tox|[from] sandstorm","|-damage|p2a: Halestorm|57/282 tox|[from] psn","|turn|16","|","|move|p2a: Halestorm|Spikes|p1a: Cynthiaisbae","|-sidestart|p1: Knight♕Altair|Spikes","|move|p1a: Cynthiaisbae|Recover|p1a: Cynthiaisbae","|-fail|p1a: Cynthiaisbae","|","|-weather|Sandstorm|[upkeep]","|-damage|p2a: Halestorm|40/282 tox|[from] sandstorm","|-damage|p2a: Halestorm|6/282 tox|[from] psn","|turn|17","|","|move|p2a: Halestorm|Spikes|p1a: Cynthiaisbae","|-sidestart|p1: Knight♕Altair|Spikes","|move|p1a: Cynthiaisbae|Toxic|p2a: Halestorm","|-fail|p2a: Halestorm|tox","|","|-weather|none","|-damage|p2a: Halestorm|0 fnt|[from] psn","|faint|p2a: Halestorm","|","|switch|p2a: Attack On Titan|Golurk|228/320","|-damage|p2a: Attack On Titan|208/320|[from] Stealth Rock","|turn|18","|","|switch|p1a: QueenNova|Hippowdon, F|63/420 brn","|-damage|p1a: QueenNova|0 fnt|[from] Spikes","|faint|p1a: QueenNova","|move|p2a: Attack On Titan|Dynamic Punch|p1: QueenNova|[notarget]","|-notarget","|","|","|switch|p1a: Cynthiaisbae|Gastrodon, F|426/426","|-damage|p1a: Cynthiaisbae|355/426|[from] Spikes","|turn|19","|","|move|p2a: Attack On Titan|Dynamic Punch|p1a: Cynthiaisbae","|-damage|p1a: Cynthiaisbae|206/426","|-start|p1a: Cynthiaisbae|confusion","|-activate|p1a: Cynthiaisbae|confusion","|-damage|p1a: Cynthiaisbae|170/426|[from] confusion","|","|-heal|p1a: Cynthiaisbae|196/426|[from] item: Leftovers","|turn|20","|","|move|p2a: Attack On Titan|Dynamic Punch|p1a: Cynthiaisbae","|-damage|p1a: Cynthiaisbae|33/426","|-activate|p1a: Cynthiaisbae|confusion","|move|p1a: Cynthiaisbae|Scald|p2a: Attack On Titan","|-supereffective|p2a: Attack On Titan","|-damage|p2a: Attack On Titan|0 fnt","|faint|p2a: Attack On Titan","|","|win|Knight♕Altair"],"p1rating":{"entryid":"39559","serverid":"eos","formatid":"monotype","userid":"knightaltair","username":"Knight♕Altair","w":8,"l":"14","t":"0","gxe":40.6,"r":"1409.695653338","rd":"72.619303236859","sigma":"0","rptime":"1440752400","rpr":1426.780935393,"rprd":68.697066727952,"rpsigma":"0","acre":1078.4623848036,"lacre":1078.4623848036,"oldacre":"1044.6407799342"},"p2rating":{"entryid":"571019","serverid":"eos","formatid":"monotype","userid":"ghostkingheartless","username":"GhostKingHeartless","w":"1","l":1,"t":"0","gxe":47.2,"r":"1500","rd":"130","sigma":"0","rptime":"1440752400","rpr":1477.8996101103,"rprd":116.56212277928,"rpsigma":"0","acre":1032.2637584982,"lacre":1032.2637584982,"oldacre":"1050.0422368429"},"endType":"normal"}