{"seed":[10633,64366,53826,16156],"turns":27,"p1":"Void Lonely","p2":"Void SYB3R","p1team":[{"name":"Diggersby","species":"Diggersby","item":"choiceband","ability":"Huge Power","moves":["quickattack","earthquake","knockoff","rockslide"],"nature":"Adamant","evs":{"hp":248,"atk":252,"def":0,"spa":0,"spd":8,"spe":0},"ivs":{"hp":31,"atk":31,"def":31,"spa":31,"spd":31,"spe":31}},{"name":"Lopunny","species":"Lopunny","item":"lopunnite","ability":"Limber","moves":["fakeout","drainpunch","frustration","healbell"],"nature":"Jolly","evs":{"hp":0,"atk":252,"def":0,"spa":0,"spd":4,"spe":252},"happiness":0,"ivs":{"hp":31,"atk":31,"def":31,"spa":31,"spd":31,"spe":31}},{"name":"Meloetta","species":"Meloetta","item":"choicespecs","ability":"Serene Grace","moves":["hypervoice","psychic","energyball","shadowball"],"nature":"Modest","evs":{"hp":248,"atk":0,"def":0,"spa":252,"spd":8,"spe":0},"ivs":{"hp":31,"atk":31,"def":31,"spa":31,"spd":31,"spe":31}},{"name":"Chansey","species":"Chansey","item":"eviolite","ability":"Natural Cure","moves":["wish","healbell","protect","seismictoss"],"nature":"Bold","evs":{"hp":248,"atk":0,"def":252,"spa":0,"spd":8,"spe":0},"ivs":{"hp":31,"atk":31,"def":31,"spa":31,"spd":31,"spe":31}},{"name":"Ditto","species":"Ditto","item":"choicescarf","ability":"Imposter","moves":["transform"],"nature":"Bold","evs":{"hp":248,"atk":0,"def":252,"spa":0,"spd":8,"spe":0},"ivs":{"hp":31,"atk":30,"def":30,"spa":31,"spd":31,"spe":31},"happiness":0},{"name":"Staravia","species":"Staravia","item":"eviolite","ability":"Intimidate","moves":["featherdance","bravebird","defog","roost"],"nature":"Impish","evs":{"hp":248,"atk":8,"def":252,"spa":0,"spd":0,"spe":0},"ivs":{"hp":31,"atk":31,"def":31,"spa":31,"spd":31,"spe":31}}],"p2team":[{"name":"Terrakion","species":"Terrakion","item":"choicescarf","ability":"Justified","moves":["stoneedge","closecombat","ironhead","xscissor"],"nature":"Jolly","evs":{"hp":0,"atk":252,"def":0,"spa":0,"spd":4,"spe":252},"ivs":{"hp":31,"atk":31,"def":31,"spa":31,"spd":31,"spe":31}},{"name":"Keldeo","species":"Keldeo","item":"lifeorb","ability":"Justified","moves":["hydropump","secretsword","icywind","hiddenpowerelectric"],"nature":"Timid","evs":{"hp":0,"atk":0,"def":0,"spa":252,"spd":4,"spe":252},"ivs":{"hp":31,"atk":31,"def":31,"spa":30,"spd":31,"spe":31}},{"name":"Medicham","species":"Medicham","item":"medichamite","ability":"Pure Power","moves":["highjumpkick","psychocut","icepunch","thunderpunch"],"nature":"Jolly","evs":{"hp":0,"atk":252,"def":0,"spa":0,"spd":4,"spe":252},"ivs":{"hp":31,"atk":31,"def":31,"spa":31,"spd":31,"spe":31}},{"name":"Infernape","species":"Infernape","item":"focussash","ability":"Blaze","moves":["closecombat","overheat","taunt","stealthrock"],"nature":"Hasty","evs":{"hp":0,"atk":164,"def":0,"spa":92,"spd":0,"spe":252},"ivs":{"hp":31,"atk":31,"def":31,"spa":31,"spd":31,"spe":31}},{"name":"Breloom","species":"Breloom","item":"focussash","ability":"Technician","moves":["bulletseed","machpunch","rocktomb","spore"],"nature":"Jolly","evs":{"hp":0,"atk":252,"def":4,"spa":0,"spd":0,"spe":252},"ivs":{"hp":31,"atk":31,"def":31,"spa":31,"spd":31,"spe":31}},{"name":"Scrafty","species":"Scrafty","item":"leftovers","ability":"Shed Skin","moves":["rest","bulkup","drainpunch","knockoff"],"nature":"Careful","evs":{"hp":248,"atk":0,"def":8,"spa":0,"spd":252,"spe":0},"ivs":{"hp":31,"atk":31,"def":31,"spa":31,"spd":31,"spe":31}}],"log":["|player|p1|Void Lonely|voidlonely.png","|player|p2|Void SYB3R|7","|gametype|singles","|gen|6","|tier|Monotype","|rated","|rule|Baton Pass Clause: Limit one Baton Passer, can't pass Spe and other stats simultaneously","|rule|Swagger Clause: Swagger is banned","|rule|Same Type Clause: Pokémon in a team must share a type","|clearpoke","|poke|p1|Diggersby, F","|poke|p1|Lopunny, F","|poke|p1|Meloetta","|poke|p1|Chansey, F","|poke|p1|Ditto","|poke|p1|Staravia, F","|poke|p2|Terrakion","|poke|p2|Keldeo","|poke|p2|Medicham, M","|poke|p2|Infernape, M","|poke|p2|Breloom, F","|poke|p2|Scrafty, F","|rule|Sleep Clause Mod: Limit one foe put to sleep","|rule|Species Clause: Limit one of each Pokémon","|rule|OHKO Clause: OHKO moves are banned","|rule|Moody Clause: Moody is banned","|rule|Evasion Moves Clause: Evasion moves are banned","|rule|Endless Battle Clause: Forcing endless battles is banned","|rule|HP Percentage Mod: HP is shown in percentages","|teampreview","|","|start","|switch|p1a: Lopunny|Lopunny, F|271/271","|switch|p2a: Breloom|Breloom, F|261/261","|turn|1","|","|switch|p2a: Terrakion|Terrakion|323/323","|detailschange|p1a: Lopunny|Lopunny-Mega, F","|-mega|p1a: Lopunny|Lopunny|Lopunnite","|move|p1a: Lopunny|Fake Out|p2a: Terrakion","|-resisted|p2a: Terrakion","|-damage|p2a: Terrakion|281/323","|","|turn|2","|","|switch|p1a: Staravia|Staravia, F|313/313","|-ability|p1a: Staravia|Intimidate","|-unboost|p2a: Terrakion|atk|1","|move|p2a: Terrakion|Close Combat|p1a: Staravia","|-damage|p1a: Staravia|211/313","|-unboost|p2a: Terrakion|def|1","|-unboost|p2a: Terrakion|spd|1","|","|turn|3","|","|switch|p2a: Keldeo|Keldeo|323/323","|move|p1a: Staravia|Feather Dance|p2a: Keldeo","|-unboost|p2a: Keldeo|atk|2","|","|turn|4","|","|switch|p1a: Ditto|Ditto|299/299","|-transform|p1a: Ditto|p2a: Keldeo","|move|p2a: Keldeo|Secret Sword|p1a: Ditto","|-damage|p1a: Ditto|72/299","|-damage|p2a: Keldeo|291/323|[from] item: Life Orb","|","|turn|5","|","|switch|p2a: Breloom|Breloom, F|261/261","|move|p1a: Ditto|Secret Sword|p2a: Breloom","|-damage|p2a: Breloom|93/261","|","|turn|6","|","|switch|p1a: Staravia|Staravia, F|211/313","|-ability|p1a: Staravia|Intimidate","|-unboost|p2a: Breloom|atk|1","|move|p2a: Breloom|Spore|p1a: Staravia","|-status|p1a: Staravia|slp","|","|turn|7","|","|switch|p1a: Ditto|Ditto|72/299","|-transform|p1a: Ditto|p2a: Breloom","|move|p2a: Breloom|Rock Tomb|p1a: Ditto","|-resisted|p1a: Ditto","|-damage|p1a: Ditto|33/299","|-unboost|p1a: Ditto|spe|1","|","|turn|8","|","|switch|p2a: Medicham|Medicham, M|261/261","|move|p1a: Ditto|Mach Punch|p2a: Medicham","|-resisted|p2a: Medicham","|-damage|p2a: Medicham|213/261","|","|turn|9","|","|switch|p1a: Staravia|Staravia, F|211/313 slp","|-ability|p1a: Staravia|Intimidate","|-unboost|p2a: Medicham|atk|1","|detailschange|p2a: Medicham|Medicham-Mega, M","|-mega|p2a: Medicham|Medicham|Medichamite","|move|p2a: Medicham|Ice Punch|p1a: Staravia","|-supereffective|p1a: Staravia","|-damage|p1a: Staravia|73/313 slp","|","|turn|10","|","|switch|p1a: Meloetta|Meloetta|403/403","|move|p2a: Medicham|Ice Punch|p1a: Meloetta","|-damage|p1a: Meloetta|286/403","|","|turn|11","|","|switch|p2a: Scrafty|Scrafty, F|333/333","|move|p1a: Meloetta|Hyper Voice|p2a: Scrafty","|-damage|p2a: Scrafty|170/333","|","|-heal|p2a: Scrafty|190/333|[from] item: Leftovers","|turn|12","|","|switch|p1a: Staravia|Staravia, F|73/313 slp","|-ability|p1a: Staravia|Intimidate","|-unboost|p2a: Scrafty|atk|1","|move|p2a: Scrafty|Knock Off|p1a: Staravia","|-damage|p1a: Staravia|24/313 slp","|-enditem|p1a: Staravia|Eviolite|[from] move: Knock Off|[of] p2a: Scrafty","|","|-heal|p2a: Scrafty|210/333|[from] item: Leftovers","|turn|13","|","|cant|p1a: Staravia|slp","|move|p2a: Scrafty|Bulk Up|p2a: Scrafty","|-boost|p2a: Scrafty|atk|1","|-boost|p2a: Scrafty|def|1","|","|-heal|p2a: Scrafty|230/333|[from] item: Leftovers","|turn|14","|","|cant|p1a: Staravia|slp","|move|p2a: Scrafty|Bulk Up|p2a: Scrafty","|-boost|p2a: Scrafty|atk|1","|-boost|p2a: Scrafty|def|1","|","|-heal|p2a: Scrafty|250/333|[from] item: Leftovers","|turn|15","|","|cant|p1a: Staravia|slp","|move|p2a: Scrafty|Drain Punch|p1a: Staravia","|-damage|p1a: Staravia|0 fnt","|-heal|p2a: Scrafty|262/333|[from] drain|[of] p1a: Staravia","|faint|p1a: Staravia","|","|-heal|p2a: Scrafty|282/333|[from] item: Leftovers","|","|switch|p1a: Ditto|Ditto|33/299","|-transform|p1a: Ditto|p2a: Scrafty","|turn|16","|","|move|p1a: Ditto|Drain Punch|p2a: Scrafty","|-supereffective|p2a: Scrafty","|-damage|p2a: Scrafty|180/333","|-heal|p1a: Ditto|84/299|[from] drain|[of] p2a: Scrafty","|move|p2a: Scrafty|Drain Punch|p1a: Ditto","|-supereffective|p1a: Ditto","|-damage|p1a: Ditto|0 fnt","|-heal|p2a: Scrafty|222/333|[from] drain|[of] p1a: Ditto","|faint|p1a: Ditto","|","|-heal|p2a: Scrafty|242/333|[from] item: Leftovers","|","|switch|p1a: Lopunny|Lopunny-Mega, F|271/271","|turn|17","|","|move|p1a: Lopunny|Fake Out|p2a: Scrafty","|-damage|p2a: Scrafty|211/333","|cant|p2a: Scrafty|flinch","|","|-heal|p2a: Scrafty|231/333|[from] item: Leftovers","|turn|18","|","|switch|p1a: Meloetta|Meloetta|286/403","|move|p2a: Scrafty|Drain Punch|p1a: Meloetta","|-damage|p1a: Meloetta|123/403","|-heal|p2a: Scrafty|313/333|[from] drain|[of] p1a: Meloetta","|","|-heal|p2a: Scrafty|333/333|[from] item: Leftovers","|turn|19","|","|move|p1a: Meloetta|Hyper Voice|p2a: Scrafty","|-damage|p2a: Scrafty|176/333","|move|p2a: Scrafty|Knock Off|p1a: Meloetta","|-supereffective|p1a: Meloetta","|-damage|p1a: Meloetta|0 fnt","|-enditem|p1a: Meloetta|Choice Specs|[from] move: Knock Off|[of] p2a: Scrafty","|faint|p1a: Meloetta","|","|-heal|p2a: Scrafty|196/333|[from] item: Leftovers","|","|switch|p1a: Lopunny|Lopunny-Mega, F|271/271","|turn|20","|","|move|p1a: Lopunny|Fake Out|p2a: Scrafty","|-damage|p2a: Scrafty|160/333","|cant|p2a: Scrafty|flinch","|","|-heal|p2a: Scrafty|180/333|[from] item: Leftovers","|turn|21","|","|move|p1a: Lopunny|Drain Punch|p2a: Scrafty","|-supereffective|p2a: Scrafty","|-damage|p2a: Scrafty|48/333","|move|p2a: Scrafty|Drain Punch|p1a: Lopunny","|-supereffective|p1a: Lopunny","|-damage|p1a: Lopunny|25/271","|-heal|p2a: Scrafty|171/333|[from] drain|[of] p1a: Lopunny","|","|-heal|p2a: Scrafty|191/333|[from] item: Leftovers","|turn|22","|","|move|p1a: Lopunny|Drain Punch|p2a: Scrafty","|-supereffective|p2a: Scrafty","|-damage|p2a: Scrafty|59/333","|-heal|p1a: Lopunny|91/271|[from] drain|[of] p2a: Scrafty","|move|p2a: Scrafty|Rest|p2a: Scrafty","|-status|p2a: Scrafty|slp","|-heal|p2a: Scrafty|333/333 slp|[silent]","|-status|p2a: Scrafty|slp|[from] move: Rest","|","|turn|23","|","|move|p1a: Lopunny|Drain Punch|p2a: Scrafty","|-supereffective|p2a: Scrafty","|-damage|p2a: Scrafty|211/333 slp","|-heal|p1a: Lopunny|152/271|[from] drain|[of] p2a: Scrafty","|cant|p2a: Scrafty|slp","|","|-heal|p2a: Scrafty|231/333 slp|[from] item: Leftovers","|turn|24","|","|move|p1a: Lopunny|Drain Punch|p2a: Scrafty","|-supereffective|p2a: Scrafty","|-damage|p2a: Scrafty|111/333 slp","|-heal|p1a: Lopunny|212/271|[from] drain|[of] p2a: Scrafty","|cant|p2a: Scrafty|slp","|","|-heal|p2a: Scrafty|131/333 slp|[from] item: Leftovers","|turn|25","|","|move|p1a: Lopunny|Frustration|p2a: Scrafty","|-damage|p2a: Scrafty|40/333 slp","|-curestatus|p2a: Scrafty|slp","|move|p2a: Scrafty|Drain Punch|p1a: Lopunny","|-supereffective|p1a: Lopunny","|-damage|p1a: Lopunny|0 fnt","|-heal|p2a: Scrafty|146/333|[from] drain|[of] p1a: Lopunny","|faint|p1a: Lopunny","|","|-heal|p2a: Scrafty|166/333|[from] item: Leftovers","|","|switch|p1a: Diggersby|Diggersby, F|373/373","|turn|26","|","|move|p1a: Diggersby|Quick Attack|p2a: Scrafty","|-damage|p2a: Scrafty|109/333","|move|p2a: Scrafty|Drain Punch|p1a: Diggersby","|-supereffective|p1a: Diggersby","|-damage|p1a: Diggersby|73/373","|-heal|p2a: Scrafty|259/333|[from] drain|[of] p1a: Diggersby","|","|-heal|p2a: Scrafty|279/333|[from] item: Leftovers","|turn|27","|","|win|Void SYB3R"],"p1rating":{"entryid":"52667","serverid":"eos","formatid":"monotype","userid":"voidlonely","username":"Void Lonely","w":"2","l":2,"t":"0","gxe":50,"r":"1500","rd":"118.48331129884","sigma":"0","rptime":"1440752400","rpr":1500.191195538,"rprd":108.0672775001,"rpsigma":"0","acre":1055.6152865601,"lacre":1055.6152865601,"oldacre":"1073.7744227939"},"p2rating":{"entryid":"244800","serverid":"eos","formatid":"monotype","userid":"voidsyb3r","username":"Void SYB3R","w":5,"l":"1","t":"0","gxe":62.5,"r":"1547.4731559933","rd":"107.02295682047","sigma":"0","rptime":"1440752400","rpr":1599.8058777778,"rprd":99.082574542559,"rpsigma":"0","acre":1143.5768060796,"lacre":1143.5768060796,"oldacre":"1122.0266834107"},"endType":"forfeit"}