{"seed":[60759,10462,20555,17616],"turns":22,"p1":"E4 UltraInkay","p2":"Carnie Wight","p1team":[{"name":"Scizor","species":"Scizor","item":"scizorite","ability":"Technician","moves":["swordsdance","bulletpunch","uturn","knockoff"],"nature":"Adamant","evs":{"hp":248,"atk":252,"def":0,"spa":0,"spd":8,"spe":0},"ivs":{"hp":31,"atk":31,"def":31,"spa":31,"spd":31,"spe":31}},{"name":"Klinklang","species":"Klinklang","item":"weaknesspolicy","ability":"Clear Body","moves":["shiftgear","geargrind","wildcharge","substitute"],"nature":"Impish","evs":{"hp":248,"atk":8,"def":252,"spa":0,"spd":0,"spe":0},"happiness":0,"ivs":{"hp":31,"atk":31,"def":31,"spa":31,"spd":31,"spe":31}},{"name":"Probopass","species":"Probopass","item":"sitrusberry","ability":"Sturdy","moves":["toxic","ancientpower","stealthrock","voltswitch"],"nature":"Calm","evs":{"hp":248,"atk":0,"def":0,"spa":8,"spd":252,"spe":0},"ivs":{"hp":31,"atk":0,"def":31,"spa":31,"spd":31,"spe":31}},{"name":"Bastiodon","species":"Bastiodon","item":"airballoon","ability":"Soundproof","moves":["protect","substitute","heavyslam","roar"],"nature":"Impish","evs":{"hp":248,"atk":8,"def":252,"spa":0,"spd":0,"spe":0},"ivs":{"hp":31,"atk":31,"def":31,"spa":31,"spd":31,"spe":31}},{"name":"Lucario","species":"Lucario","item":"blackbelt","ability":"Justified","moves":["aurasphere","vacuumwave","calmmind","flashcannon"],"nature":"Modest","evs":{"hp":248,"atk":0,"def":0,"spa":252,"spd":8,"spe":0},"ivs":{"hp":31,"atk":31,"def":31,"spa":31,"spd":31,"spe":31}},{"name":"Magnezone","species":"Magnezone","item":"lightclay","ability":"Analytic","moves":["hiddenpowerice","thunderbolt","lightscreen","reflect"],"nature":"Modest","evs":{"hp":248,"atk":0,"def":0,"spa":252,"spd":8,"spe":0},"ivs":{"hp":31,"atk":30,"def":30,"spa":31,"spd":31,"spe":31}}],"p2team":[{"name":"Jirachi","species":"Jirachi","item":"choicescarf","ability":"Serene Grace","moves":["ironhead","drainpunch","zenheadbutt","uturn"],"nature":"Jolly","evs":{"hp":0,"atk":252,"def":0,"spa":0,"spd":4,"spe":252},"ivs":{"hp":31,"atk":31,"def":31,"spa":31,"spd":31,"spe":31}},{"name":"Cresselia","species":"Cresselia","item":"leftovers","ability":"Levitate","moves":["moonlight","toxic","psyshock","protect"],"nature":"Calm","evs":{"hp":252,"atk":0,"def":0,"spa":4,"spd":252,"spe":0},"ivs":{"hp":31,"atk":31,"def":31,"spa":31,"spd":31,"spe":31}},{"name":"Reuniclus","species":"Reuniclus","item":"leftovers","ability":"Magic Guard","moves":["psyshock","shadowball","recover","calmmind"],"nature":"Bold","evs":{"hp":252,"atk":0,"def":252,"spa":4,"spd":0,"spe":0},"ivs":{"hp":31,"atk":31,"def":31,"spa":31,"spd":31,"spe":31}},{"name":"Victini","species":"Victini","item":"choicescarf","ability":"Victory Star","moves":["vcreate","boltstrike","uturn","zenheadbutt"],"nature":"Jolly","evs":{"hp":0,"atk":252,"def":0,"spa":0,"spd":4,"spe":252},"ivs":{"hp":31,"atk":31,"def":31,"spa":31,"spd":31,"spe":31}},{"name":"Gardevoir","species":"Gardevoir","item":"gardevoirite","ability":"Synchronize","moves":["hyperbeam","hypervoice","protect","shadowball"],"nature":"Modest","evs":{"hp":248,"atk":0,"def":0,"spa":252,"spd":8,"spe":0},"ivs":{"hp":31,"atk":31,"def":31,"spa":31,"spd":31,"spe":31}},{"name":"Latios","species":"Latios","item":"choicescarf","ability":"Levitate","moves":["icebeam","thunderbolt","dracometeor","hiddenpowerfire"],"nature":"Timid","evs":{"hp":0,"atk":0,"def":0,"spa":252,"spd":4,"spe":252},"ivs":{"hp":31,"atk":30,"def":31,"spa":30,"spd":31,"spe":30}}],"log":["|player|p1|E4 UltraInkay|293","|player|p2|Carnie Wight|96","|gametype|singles","|gen|6","|tier|Monotype","|rated","|rule|Baton Pass Clause: Limit one Baton Passer, can't pass Spe and other stats simultaneously","|rule|Swagger Clause: Swagger is banned","|rule|Same Type Clause: Pokémon in a team must share a type","|clearpoke","|poke|p1|Scizor, F","|poke|p1|Klinklang","|poke|p1|Probopass, F","|poke|p1|Bastiodon, M","|poke|p1|Lucario, F","|poke|p1|Magnezone","|poke|p2|Jirachi","|poke|p2|Cresselia, F","|poke|p2|Reuniclus, M","|poke|p2|Victini","|poke|p2|Gardevoir, M","|poke|p2|Latios, M","|rule|Sleep Clause Mod: Limit one foe put to sleep","|rule|Species Clause: Limit one of each Pokémon","|rule|OHKO Clause: OHKO moves are banned","|rule|Moody Clause: Moody is banned","|rule|Evasion Moves Clause: Evasion moves are banned","|rule|Endless Battle Clause: Forcing endless battles is banned","|rule|HP Percentage Mod: HP is shown in percentages","|teampreview","|","|start","|switch|p1a: Scizor|Scizor, F|343/343","|switch|p2a: Jirachi|Jirachi|341/341","|turn|1","|","|detailschange|p1a: Scizor|Scizor-Mega, F","|-mega|p1a: Scizor|Scizor|Scizorite","|move|p2a: Jirachi|U-turn|p1a: Scizor","|-resisted|p1a: Scizor","|-damage|p1a: Scizor|318/343","|","|switch|p2a: Latios|Latios, M|301/301","|move|p1a: Scizor|Swords Dance|p1a: Scizor","|-boost|p1a: Scizor|atk|2","|","|turn|2","|","|move|p2a: Latios|Hidden Power|p1a: Scizor","|-supereffective|p1a: Scizor","|-damage|p1a: Scizor|26/343","|move|p1a: Scizor|Knock Off|p2a: Latios","|-supereffective|p2a: Latios","|-damage|p2a: Latios|0 fnt","|-enditem|p2a: Latios|Choice Scarf|[from] move: Knock Off|[of] p1a: Scizor","|faint|p2a: Latios","|","|","|switch|p2a: Jirachi|Jirachi|341/341","|turn|3","|","|move|p1a: Scizor|Bullet Punch|p2a: Jirachi","|-resisted|p2a: Jirachi","|-damage|p2a: Jirachi|212/341","|move|p2a: Jirachi|Iron Head|p1a: Scizor","|-resisted|p1a: Scizor","|-damage|p1a: Scizor|0 fnt","|faint|p1a: Scizor","|","|","|switch|p1a: Magnezone|Magnezone|343/343","|turn|4","|","|move|p2a: Jirachi|Iron Head|p1a: Magnezone","|-resisted|p1a: Magnezone","|-damage|p1a: Magnezone|317/343","|cant|p1a: Magnezone|flinch","|","|turn|5","|","|switch|p2a: Victini|Victini|341/341","|move|p1a: Magnezone|Reflect|p1a: Magnezone","|-sidestart|p1: E4 UltraInkay|Reflect","|","|turn|6","|","|move|p2a: Victini|U-turn|p1a: Magnezone","|-crit|p1a: Magnezone","|-resisted|p1a: Magnezone","|-damage|p1a: Magnezone|268/343","|","|switch|p2a: Cresselia|Cresselia, F|444/444","|move|p1a: Magnezone|Light Screen|p1a: Magnezone","|-sidestart|p1: E4 UltraInkay|move: Light Screen","|","|turn|7","|","|move|p2a: Cresselia|Psyshock|p1a: Magnezone","|-resisted|p1a: Magnezone","|-damage|p1a: Magnezone|250/343","|move|p1a: Magnezone|Thunderbolt|p2a: Cresselia","|-damage|p2a: Cresselia|302/444","|-status|p2a: Cresselia|par","|","|-heal|p2a: Cresselia|329/444 par|[from] item: Leftovers","|turn|8","|","|switch|p2a: Reuniclus|Reuniclus, M|424/424","|move|p1a: Magnezone|Thunderbolt|p2a: Reuniclus","|-damage|p2a: Reuniclus|184/424","|-status|p2a: Reuniclus|par","|","|-heal|p2a: Reuniclus|210/424 par|[from] item: Leftovers","|turn|9","|","|move|p1a: Magnezone|Thunderbolt|p2a: Reuniclus","|-crit|p2a: Reuniclus","|-damage|p2a: Reuniclus|0 fnt","|faint|p2a: Reuniclus","|","|","|switch|p2a: Victini|Victini|341/341","|turn|10","|","|move|p2a: Victini|V-create|p1a: Magnezone","|-supereffective|p1a: Magnezone","|-damage|p1a: Magnezone|0 fnt","|-unboost|p2a: Victini|spe|1","|-unboost|p2a: Victini|def|1","|-unboost|p2a: Victini|spd|1","|faint|p1a: Magnezone","|","|","|switch|p1a: Probopass|Probopass, F|323/323","|turn|11","|","|switch|p2a: Gardevoir|Gardevoir, M|339/339","|move|p1a: Probopass|Ancient Power|p2a: Gardevoir","|-damage|p2a: Gardevoir|285/339","|","|turn|12","|","|detailschange|p2a: Gardevoir|Gardevoir-Mega, M","|-mega|p2a: Gardevoir|Gardevoir|Gardevoirite","|move|p2a: Gardevoir|Shadow Ball|p1a: Probopass","|-damage|p1a: Probopass|291/323","|move|p1a: Probopass|Volt Switch|p2a: Gardevoir","|-damage|p2a: Gardevoir|250/339","|","|switch|p1a: Klinklang|Klinklang|323/323","|","|-sideend|p1: E4 UltraInkay|Reflect","|turn|13","|","|move|p2a: Gardevoir|Shadow Ball|p1a: Klinklang","|-damage|p1a: Klinklang|248/323","|move|p1a: Klinklang|Gear Grind|p2a: Gardevoir","|-supereffective|p2a: Gardevoir","|-damage|p2a: Gardevoir|64/339","|-crit|p2a: Gardevoir","|-supereffective|p2a: Gardevoir","|-damage|p2a: Gardevoir|0 fnt","|-hitcount|p2a: Gardevoir|2","|faint|p2a: Gardevoir","|","|-sideend|p1: E4 UltraInkay|move: Light Screen","|","|switch|p2a: Victini|Victini|341/341","|turn|14","|","|switch|p1a: Lucario|Lucario, F|343/343","|move|p2a: Victini|V-create|p1a: Lucario","|-supereffective|p1a: Lucario","|-damage|p1a: Lucario|0 fnt","|-unboost|p2a: Victini|spe|1","|-unboost|p2a: Victini|def|1","|-unboost|p2a: Victini|spd|1","|faint|p1a: Lucario","|","|","|switch|p1a: Probopass|Probopass, F|291/323","|turn|15","|","|switch|p2a: Jirachi|Jirachi|212/341","|move|p1a: Probopass|Ancient Power|p2a: Jirachi","|-crit|p2a: Jirachi","|-resisted|p2a: Jirachi","|-damage|p2a: Jirachi|174/341","|","|turn|16","|","|move|p2a: Jirachi|Drain Punch|p1a: Probopass","|-supereffective|p1a: Probopass","|-damage|p1a: Probopass|79/323","|-heal|p2a: Jirachi|280/341|[from] drain|[of] p1a: Probopass","|-enditem|p1a: Probopass|Sitrus Berry|[eat]","|-heal|p1a: Probopass|159/323|[from] item: Sitrus Berry","|move|p1a: Probopass|Stealth Rock|p2a: Jirachi","|-sidestart|p2: Carnie Wight|move: Stealth Rock","|","|turn|17","|","|move|p2a: Jirachi|Drain Punch|p1a: Probopass","|-supereffective|p1a: Probopass","|-damage|p1a: Probopass|0 fnt","|-heal|p2a: Jirachi|341/341|[from] drain|[of] p1a: Probopass","|faint|p1a: Probopass","|","|","|switch|p1a: Klinklang|Klinklang|248/323","|turn|18","|","|move|p2a: Jirachi|Drain Punch|p1a: Klinklang","|-crit|p1a: Klinklang","|-supereffective|p1a: Klinklang","|-damage|p1a: Klinklang|88/323","|-enditem|p1a: Klinklang|Weakness Policy","|-boost|p1a: Klinklang|atk|2|[from] item: Weakness Policy","|-boost|p1a: Klinklang|spa|2|[from] item: Weakness Policy","|move|p1a: Klinklang|Shift Gear|p1a: Klinklang","|-boost|p1a: Klinklang|spe|2","|-boost|p1a: Klinklang|atk|1","|","|turn|19","|","|move|p2a: Jirachi|Drain Punch|p1a: Klinklang","|-supereffective|p1a: Klinklang","|-damage|p1a: Klinklang|0 fnt","|faint|p1a: Klinklang","|","|","|switch|p1a: Bastiodon|Bastiodon, M|323/323","|-item|p1a: Bastiodon|Air Balloon","|turn|20","|","|move|p2a: Jirachi|Drain Punch|p1a: Bastiodon","|-supereffective|p1a: Bastiodon","|-damage|p1a: Bastiodon|163/323","|-enditem|p1a: Bastiodon|Air Balloon","|move|p1a: Bastiodon|Heavy Slam|p2a: Jirachi","|-resisted|p2a: Jirachi","|-damage|p2a: Jirachi|298/341","|","|turn|21","|","|move|p2a: Jirachi|Drain Punch|p1a: Bastiodon","|-supereffective|p1a: Bastiodon","|-damage|p1a: Bastiodon|15/323","|-heal|p2a: Jirachi|341/341|[from] drain|[of] p1a: Bastiodon","|move|p1a: Bastiodon|Heavy Slam|p2a: Jirachi","|-resisted|p2a: Jirachi","|-damage|p2a: Jirachi|299/341","|","|turn|22","|","|move|p2a: Jirachi|Drain Punch|p1a: Bastiodon","|-supereffective|p1a: Bastiodon","|-damage|p1a: Bastiodon|0 fnt","|-heal|p2a: Jirachi|307/341|[from] drain|[of] p1a: Bastiodon","|faint|p1a: Bastiodon","|","|win|Carnie Wight"],"p1rating":{"entryid":580568,"formatid":"monotype","userid":"e4ultrainkay","username":"E4 UltraInkay","r":1500,"rd":130,"sigma":0,"rpr":1454.7719260506,"rprd":122.8429562563,"rpsigma":0,"rptime":1440752400,"w":0,"l":1,"t":0,"gxe":44.4,"acre":1000,"lacre":1000,"oldacre":1000},"p2rating":{"entryid":"506008","serverid":"eos","formatid":"monotype","userid":"carniewight","username":"Carnie Wight","w":2,"l":"1","t":"0","gxe":52.5,"r":"1456.0407237313","rd":"122.60558199937","sigma":"0","rptime":"1440752400","rpr":1519.7677957612,"rprd":111.07142598921,"rpsigma":"0","acre":1070.1028089042,"lacre":1070.1028089042,"oldacre":"1040"},"endType":"normal"}