{"seed":[41447,42408,35276,63612],"turns":22,"p1":"MalikL45","p2":"Apex✦Reborn","p1team":[{"name":"Lopunny","species":"Lopunny","item":"lopunnite","ability":"Cute Charm","moves":["fakeout","highjumpkick","return","bounce"],"nature":"Jolly","evs":{"hp":0,"atk":252,"def":0,"spa":0,"spd":4,"spe":252},"ivs":{"hp":31,"atk":31,"def":31,"spa":31,"spd":31,"spe":31}},{"name":"Ditto","species":"Ditto","item":"leftovers","ability":"Limber","moves":["transform"],"nature":"Timid","evs":{"hp":248,"atk":0,"def":0,"spa":0,"spd":8,"spe":252},"ivs":{"hp":31,"atk":31,"def":31,"spa":31,"spd":31,"spe":31}},{"name":"Chansey","species":"Chansey","item":"leftovers","ability":"Natural Cure","moves":["aromatherapy","protect","softboiled","dazzlinggleam"],"nature":"Bold","evs":{"hp":248,"atk":0,"def":0,"spa":0,"spd":0,"spe":0},"ivs":{"hp":31,"atk":31,"def":31,"spa":31,"spd":31,"spe":31}},{"name":"Staraptor","species":"Staraptor","item":"leftovers","ability":"Intimidate","moves":["bravebird","closecombat","roost","uturn"],"nature":"Adamant","evs":{"hp":252,"atk":252,"def":0,"spa":0,"spd":4,"spe":0},"ivs":{"hp":31,"atk":31,"def":31,"spa":31,"spd":31,"spe":31}},{"name":"Diggersby","species":"Diggersby","item":"leftovers","ability":"Huge Power","moves":["earthquake","ironhead","stoneedge","wildcharge"],"nature":"Adamant","evs":{"hp":252,"atk":252,"def":0,"spa":0,"spd":4,"spe":0},"ivs":{"hp":31,"atk":31,"def":31,"spa":31,"spd":31,"spe":31}},{"name":"Porygon-Z","species":"Porygon-Z","item":"leftovers","ability":"Adaptability","moves":["nastyplot","psychic","triattack","signalbeam"],"nature":"Modest","evs":{"hp":252,"atk":0,"def":0,"spa":252,"spd":4,"spe":0},"ivs":{"hp":31,"atk":31,"def":31,"spa":31,"spd":31,"spe":31}}],"p2team":[{"name":"HardRed","species":"scizor","item":"choiceband","ability":"Technician","moves":["bulletpunch","uturn","aerialace","pursuit"],"nature":"Adamant","evs":{"hp":176,"atk":164,"def":156,"spa":0,"spd":12,"spe":0},"ivs":{"hp":31,"atk":31,"def":31,"spa":31,"spd":31,"spe":31}},{"name":"FluffySexy","species":"volcarona","item":"airballoon","ability":"Flame Body","moves":["fierydance","roost","bugbuzz","quiverdance"],"nature":"Timid","evs":{"hp":56,"atk":0,"def":176,"spa":252,"spd":8,"spe":16},"ivs":{"hp":31,"atk":31,"def":31,"spa":30,"spd":30,"spe":31}},{"name":"SpikyNope","species":"pinsir","item":"pinsirite","ability":"Moxie","moves":["earthquake","swordsdance","frustration","quickattack"],"nature":"Jolly","evs":{"hp":0,"atk":252,"def":0,"spa":0,"spd":4,"spe":252},"happiness":0,"ivs":{"hp":31,"atk":31,"def":31,"spa":31,"spd":31,"spe":31}},{"name":"Heracles","species":"heracross","item":"assaultvest","ability":"Guts","moves":["closecombat","rockslide","knockoff","megahorn"],"nature":"Adamant","evs":{"hp":124,"atk":148,"def":0,"spa":0,"spd":236,"spe":0},"ivs":{"hp":31,"atk":31,"def":31,"spa":31,"spd":31,"spe":31}},{"name":"Forretress","species":"Forretress","item":"custapberry","ability":"Sturdy","moves":["explosion","rapidspin","toxic","stealthrock"],"nature":"Adamant","evs":{"hp":180,"atk":224,"def":104,"spa":0,"spd":0,"spe":0},"ivs":{"hp":31,"atk":31,"def":31,"spa":31,"spd":31,"spe":31}},{"name":"Galvantula","species":"Galvantula","item":"focussash","ability":"Compound Eyes","moves":["stickyweb","thunder","thunderwave","bugbuzz"],"nature":"Timid","evs":{"hp":0,"atk":0,"def":0,"spa":252,"spd":4,"spe":252},"ivs":{"hp":31,"atk":31,"def":31,"spa":31,"spd":31,"spe":31}}],"log":["|player|p1|MalikL45|102","|player|p2|Apex✦Reborn|7","|gametype|singles","|gen|6","|tier|Monotype","|rated","|rule|Baton Pass Clause: Limit one Baton Passer, can't pass Spe and other stats simultaneously","|rule|Swagger Clause: Swagger is banned","|rule|Same Type Clause: Pokémon in a team must share a type","|clearpoke","|poke|p1|Lopunny, F","|poke|p1|Ditto","|poke|p1|Chansey, F","|poke|p1|Staraptor, M","|poke|p1|Diggersby, F","|poke|p1|Porygon-Z","|poke|p2|Scizor, M","|poke|p2|Volcarona, F","|poke|p2|Pinsir, M","|poke|p2|Heracross, M","|poke|p2|Forretress, M","|poke|p2|Galvantula, M","|rule|Sleep Clause Mod: Limit one foe put to sleep","|rule|Species Clause: Limit one of each Pokémon","|rule|OHKO Clause: OHKO moves are banned","|rule|Moody Clause: Moody is banned","|rule|Evasion Moves Clause: Evasion moves are banned","|rule|Endless Battle Clause: Forcing endless battles is banned","|rule|HP Percentage Mod: HP is shown in percentages","|teampreview","|","|start","|switch|p1a: Chansey|Chansey, F|703/703","|switch|p2a: Galvantula|Galvantula, M|281/281","|turn|1","|","|move|p1a: Chansey|Protect|p1a: Chansey","|-singleturn|p1a: Chansey|Protect","|move|p2a: Galvantula|Thunder Wave|p1a: Chansey","|-activate|p1a: Chansey|Protect","|","|turn|2","|","|move|p2a: Galvantula|Sticky Web|p1a: Chansey","|-sidestart|p1: MalikL45|move: Sticky Web","|move|p1a: Chansey|Dazzling Gleam|p2a: Galvantula","|-damage|p2a: Galvantula|237/281","|","|turn|3","|","|switch|p1a: Staraptor|Staraptor, M|374/374","|-ability|p1a: Staraptor|Intimidate","|-unboost|p2a: Galvantula|atk|1","|move|p2a: Galvantula|Thunder Wave|p1a: Staraptor","|-status|p1a: Staraptor|par","|","|turn|4","|","|move|p2a: Galvantula|Thunder|p1a: Staraptor|[miss]","|-miss|p2a: Galvantula|p1a: Staraptor","|move|p1a: Staraptor|Brave Bird|p2a: Galvantula","|-damage|p2a: Galvantula|0 fnt","|-damage|p1a: Staraptor|296/374 par|[from] recoil|[of] p2a: Galvantula","|faint|p2a: Galvantula","|","|-heal|p1a: Staraptor|319/374 par|[from] item: Leftovers","|","|switch|p2a: Forretress|Forretress, M|336/336","|turn|5","|","|move|p2a: Forretress|Stealth Rock|p1a: Staraptor","|-sidestart|p1: MalikL45|move: Stealth Rock","|move|p1a: Staraptor|Close Combat|p2a: Forretress","|-damage|p2a: Forretress|233/336","|-unboost|p1a: Staraptor|def|1","|-unboost|p1a: Staraptor|spd|1","|","|-heal|p1a: Staraptor|342/374 par|[from] item: Leftovers","|turn|6","|","|move|p2a: Forretress|Explosion|p1a: Staraptor","|-damage|p1a: Staraptor|0 fnt","|faint|p2a: Forretress","|faint|p1a: Staraptor","|","|","|switch|p2a: FluffySexy|Volcarona, F|325/325","|switch|p1a: Porygon-Z|Porygon-Z|374/374","|-item|p2a: FluffySexy|Air Balloon","|-activate|p1a: Porygon-Z|move: Sticky Web","|-unboost|p1a: Porygon-Z|spe|1","|-damage|p1a: Porygon-Z|328/374|[from] Stealth Rock","|turn|7","|","|move|p2a: FluffySexy|Quiver Dance|p2a: FluffySexy","|-boost|p2a: FluffySexy|spa|1","|-boost|p2a: FluffySexy|spd|1","|-boost|p2a: FluffySexy|spe|1","|move|p1a: Porygon-Z|Nasty Plot|p1a: Porygon-Z","|-boost|p1a: Porygon-Z|spa|2","|","|-heal|p1a: Porygon-Z|351/374|[from] item: Leftovers","|turn|8","|","|move|p2a: FluffySexy|Fiery Dance|p1a: Porygon-Z","|-damage|p1a: Porygon-Z|51/374","|-boost|p2a: FluffySexy|spa|1","|move|p1a: Porygon-Z|Psychic|p2a: FluffySexy","|-damage|p2a: FluffySexy|172/325","|-enditem|p2a: FluffySexy|Air Balloon","|","|-heal|p1a: Porygon-Z|74/374|[from] item: Leftovers","|turn|9","|","|move|p2a: FluffySexy|Roost|p2a: FluffySexy","|-heal|p2a: FluffySexy|325/325","|move|p1a: Porygon-Z|Tri Attack|p2a: FluffySexy","|-damage|p2a: FluffySexy|43/325","|","|-heal|p1a: Porygon-Z|97/374|[from] item: Leftovers","|turn|10","|","|move|p2a: FluffySexy|Fiery Dance|p1a: Porygon-Z","|-damage|p1a: Porygon-Z|0 fnt","|faint|p1a: Porygon-Z","|","|","|switch|p1a: Lopunny|Lopunny, F|271/271","|-activate|p1a: Lopunny|move: Sticky Web","|-unboost|p1a: Lopunny|spe|1","|-damage|p1a: Lopunny|238/271|[from] Stealth Rock","|turn|11","|","|switch|p2a: Heracles|Heracross, M|332/332","|detailschange|p1a: Lopunny|Lopunny-Mega, F","|-mega|p1a: Lopunny|Lopunny|Lopunnite","|move|p1a: Lopunny|Fake Out|p2a: Heracles","|-damage|p2a: Heracles|241/332","|","|turn|12","|","|move|p1a: Lopunny|Bounce|p2a: Heracles|[still]","|-prepare|p1a: Lopunny|Bounce|p2a: Heracles","|move|p2a: Heracles|Close Combat|p1a: Lopunny|[miss]","|-miss|p2a: Heracles|p1a: Lopunny","|","|turn|13","|","|switch|p2a: FluffySexy|Volcarona, F|43/325","|move|p1a: Lopunny|Bounce|p2a: FluffySexy|[from]lockedmove","|-supereffective|p2a: FluffySexy","|-damage|p2a: FluffySexy|0 fnt","|faint|p2a: FluffySexy","|","|","|switch|p2a: HardRed|Scizor, M|325/325","|turn|14","|","|move|p2a: HardRed|Bullet Punch|p1a: Lopunny","|-damage|p1a: Lopunny|78/271","|move|p1a: Lopunny|Bounce|p2a: HardRed|[still]","|-prepare|p1a: Lopunny|Bounce|p2a: HardRed","|","|turn|15","|","|move|p2a: HardRed|Bullet Punch|p1a: Lopunny|[miss]","|-miss|p2a: HardRed|p1a: Lopunny","|move|p1a: Lopunny|Bounce|p2a: HardRed|[from]lockedmove","|-damage|p2a: HardRed|238/325","|","|turn|16","|","|switch|p1a: Chansey|Chansey, F|703/703","|-damage|p1a: Chansey|616/703|[from] Stealth Rock","|-activate|p1a: Chansey|move: Sticky Web","|-unboost|p1a: Chansey|spe|1","|move|p2a: HardRed|Bullet Punch|p1a: Chansey","|-damage|p1a: Chansey|0 fnt","|faint|p1a: Chansey","|","|","|switch|p1a: Diggersby|Diggersby, F|374/374","|-damage|p1a: Diggersby|351/374|[from] Stealth Rock","|-activate|p1a: Diggersby|move: Sticky Web","|-unboost|p1a: Diggersby|spe|1","|turn|17","|","|move|p2a: HardRed|Bullet Punch|p1a: Diggersby","|-damage|p1a: Diggersby|162/374","|move|p1a: Diggersby|Earthquake|p2a: HardRed","|-damage|p2a: HardRed|28/325","|","|-heal|p1a: Diggersby|185/374|[from] item: Leftovers","|turn|18","|","|move|p2a: HardRed|Bullet Punch|p1a: Diggersby","|-damage|p1a: Diggersby|0 fnt","|faint|p1a: Diggersby","|","|","|switch|p1a: Ditto|Ditto|299/299","|-damage|p1a: Ditto|262/299|[from] Stealth Rock","|-activate|p1a: Ditto|move: Sticky Web","|-unboost|p1a: Ditto|spe|1","|turn|19","|","|move|p2a: HardRed|Bullet Punch|p1a: Ditto","|-damage|p1a: Ditto|0 fnt","|faint|p1a: Ditto","|","|","|switch|p1a: Lopunny|Lopunny-Mega, F|78/271","|-activate|p1a: Lopunny|move: Sticky Web","|-unboost|p1a: Lopunny|spe|1","|-damage|p1a: Lopunny|62/271|[from] Stealth Rock","|turn|20","|","|switch|p2a: Heracles|Heracross, M|241/332","|move|p1a: Lopunny|Bounce|p2a: Heracles|[still]","|-prepare|p1a: Lopunny|Bounce|p2a: Heracles","|","|turn|21","|","|move|p1a: Lopunny|Bounce|p2a: Heracles|[from]lockedmove","|-supereffective|p2a: Heracles","|-damage|p2a: Heracles|0 fnt","|faint|p2a: Heracles","|","|","|switch|p2a: SpikyNope|Pinsir, M|271/271","|turn|22","|","|detailschange|p2a: SpikyNope|Pinsir-Mega, M","|-mega|p2a: SpikyNope|Pinsir|Pinsirite","|move|p2a: SpikyNope|Quick Attack|p1a: Lopunny","|-supereffective|p1a: Lopunny","|-damage|p1a: Lopunny|0 fnt","|faint|p1a: Lopunny","|","|win|Apex✦Reborn"],"p1rating":{"entryid":558120,"formatid":"monotype","userid":"malikl45","username":"MalikL45","r":1500,"rd":130,"sigma":0,"rpr":1451.8782027632,"rprd":122.33651055835,"rpsigma":0,"rptime":1440666000,"w":0,"l":1,"t":0,"gxe":44,"acre":1000,"lacre":1000,"oldacre":1000},"p2rating":{"entryid":"473409","serverid":"eos","formatid":"monotype","userid":"apexreborn","username":"Apex✦Reborn","w":7,"l":"10","t":"0","gxe":45.2,"r":"1446.0490144541","rd":"76.690567269345","sigma":"0","rptime":"1440666000","rpr":1463.227874432,"rprd":75.172761105285,"rpsigma":"0","acre":1144.3272992469,"lacre":1144.3272992469,"oldacre":"1128.1519559243"},"endType":"normal"}