{"seed":[25190,43226,35849,48509],"turns":28,"p1":"Carnie Wight","p2":"GTX♅Bzumzum","p1team":[{"name":"Jirachi","species":"Jirachi","item":"choicescarf","ability":"Serene Grace","moves":["ironhead","drainpunch","zenheadbutt","uturn"],"nature":"Jolly","evs":{"hp":0,"atk":252,"def":0,"spa":0,"spd":4,"spe":252},"ivs":{"hp":31,"atk":31,"def":31,"spa":31,"spd":31,"spe":31}},{"name":"Cresselia","species":"Cresselia","item":"leftovers","ability":"Levitate","moves":["moonlight","toxic","psyshock","protect"],"nature":"Calm","evs":{"hp":252,"atk":0,"def":0,"spa":4,"spd":252,"spe":0},"ivs":{"hp":31,"atk":31,"def":31,"spa":31,"spd":31,"spe":31}},{"name":"Reuniclus","species":"Reuniclus","item":"leftovers","ability":"Magic Guard","moves":["psyshock","shadowball","recover","calmmind"],"nature":"Bold","evs":{"hp":252,"atk":0,"def":252,"spa":4,"spd":0,"spe":0},"ivs":{"hp":31,"atk":31,"def":31,"spa":31,"spd":31,"spe":31}},{"name":"Victini","species":"Victini","item":"choicescarf","ability":"Victory Star","moves":["vcreate","boltstrike","uturn","zenheadbutt"],"nature":"Jolly","evs":{"hp":0,"atk":252,"def":0,"spa":0,"spd":4,"spe":252},"ivs":{"hp":31,"atk":31,"def":31,"spa":31,"spd":31,"spe":31}},{"name":"Gardevoir","species":"Gardevoir","item":"gardevoirite","ability":"Synchronize","moves":["hyperbeam","hypervoice","protect","shadowball"],"nature":"Modest","evs":{"hp":248,"atk":0,"def":0,"spa":252,"spd":8,"spe":0},"ivs":{"hp":31,"atk":31,"def":31,"spa":31,"spd":31,"spe":31}},{"name":"Latios","species":"Latios","item":"choicescarf","ability":"Levitate","moves":["icebeam","thunderbolt","dracometeor","hiddenpowerfire"],"nature":"Timid","evs":{"hp":0,"atk":0,"def":0,"spa":252,"spd":4,"spe":252},"ivs":{"hp":31,"atk":30,"def":31,"spa":30,"spd":31,"spe":30}}],"p2team":[{"name":"Thorns","species":"ferrothorn","item":"focussash","ability":"Iron Barbs","moves":["stealthrock","gyroball","leechseed","protect"],"nature":"Jolly","evs":{"hp":128,"atk":100,"def":116,"spa":0,"spd":120,"spe":44},"gender":"M","ivs":{"hp":31,"atk":31,"def":31,"spa":31,"spd":31,"spe":0}},{"name":"Brawloom","species":"breloom","item":"focussash","ability":"Technician","moves":["swordsdance","rocktomb","machpunch","spore"],"nature":"Jolly","evs":{"hp":4,"atk":252,"def":0,"spa":0,"spd":0,"spe":252},"gender":"M","shiny":true,"ivs":{"hp":31,"atk":31,"def":31,"spa":31,"spd":31,"spe":31}},{"name":"Healer","species":"shaymin","item":"leftovers","ability":"Natural Cure","moves":["aromatherapy","earthpower","airslash","seedflare"],"nature":"Calm","evs":{"hp":0,"atk":0,"def":0,"spa":252,"spd":4,"spe":252},"shiny":true,"ivs":{"hp":31,"atk":31,"def":31,"spa":31,"spd":31,"spe":31}},{"name":"Ludicool","species":"ludicolo","item":"leftovers","ability":"Swift Swim","moves":["icebeam","scald","gigadrain","raindance"],"nature":"Modest","evs":{"hp":200,"atk":0,"def":0,"spa":184,"spd":4,"spe":120},"gender":"M","shiny":true,"ivs":{"hp":31,"atk":31,"def":31,"spa":31,"spd":31,"spe":31}},{"name":"Great-ily","species":"cradily","item":"leftovers","ability":"Storm Drain","moves":["ancientpower","earthpower","recover","toxic"],"nature":"Calm","evs":{"hp":232,"atk":24,"def":0,"spa":0,"spd":252,"spe":0},"gender":"M","shiny":true,"ivs":{"hp":31,"atk":31,"def":31,"spa":31,"spd":31,"spe":31}},{"name":"Plantasaurus","species":"venusaur","item":"venusaurite","ability":"Chlorophyll","moves":["gigadrain","hiddenpowerrock","sludgebomb","synthesis"],"nature":"Modest","evs":{"hp":0,"atk":0,"def":68,"spa":188,"spd":0,"spe":252},"gender":"M","ivs":{"hp":31,"atk":31,"def":30,"spa":31,"spd":30,"spe":30},"shiny":true}],"log":["|player|p1|Carnie Wight|96","|player|p2|GTX♅Bzumzum|102","|gametype|singles","|gen|6","|tier|Monotype","|rated","|rule|Baton Pass Clause: Limit one Baton Passer, can't pass Spe and other stats simultaneously","|rule|Swagger Clause: Swagger is banned","|rule|Same Type Clause: Pokémon in a team must share a type","|clearpoke","|poke|p1|Jirachi","|poke|p1|Cresselia, F","|poke|p1|Reuniclus, F","|poke|p1|Victini","|poke|p1|Gardevoir, M","|poke|p1|Latios, M","|poke|p2|Ferrothorn, M","|poke|p2|Breloom, M, shiny","|poke|p2|Shaymin, shiny","|poke|p2|Ludicolo, M, shiny","|poke|p2|Cradily, M, shiny","|poke|p2|Venusaur, M, shiny","|rule|Sleep Clause Mod: Limit one foe put to sleep","|rule|Species Clause: Limit one of each Pokémon","|rule|OHKO Clause: OHKO moves are banned","|rule|Moody Clause: Moody is banned","|rule|Evasion Moves Clause: Evasion moves are banned","|rule|Endless Battle Clause: Forcing endless battles is banned","|rule|HP Percentage Mod: HP is shown in percentages","|teampreview","|","|start","|switch|p1a: Latios|Latios, M|301/301","|switch|p2a: Ludicool|Ludicolo, M, shiny|351/351","|turn|1","|","|move|p1a: Latios|Draco Meteor|p2a: Ludicool","|-damage|p2a: Ludicool|105/351","|-unboost|p1a: Latios|spa|2","|move|p2a: Ludicool|Rain Dance|p2a: Ludicool","|-weather|RainDance","|","|-weather|RainDance|[upkeep]","|-heal|p2a: Ludicool|126/351|[from] item: Leftovers","|turn|2","|","|move|p1a: Latios|Draco Meteor|p2a: Ludicool","|-damage|p2a: Ludicool|12/351","|-unboost|p1a: Latios|spa|2","|move|p2a: Ludicool|Scald|p1a: Latios","|-resisted|p1a: Latios","|-damage|p1a: Latios|228/301","|","|-weather|RainDance|[upkeep]","|-heal|p2a: Ludicool|33/351|[from] item: Leftovers","|turn|3","|","|switch|p1a: Reuniclus|Reuniclus, F|424/424","|move|p2a: Ludicool|Giga Drain|p1a: Reuniclus","|-damage|p1a: Reuniclus|297/424","|-heal|p2a: Ludicool|97/351|[from] drain|[of] p1a: Reuniclus","|","|-weather|RainDance|[upkeep]","|-heal|p2a: Ludicool|118/351|[from] item: Leftovers","|-heal|p1a: Reuniclus|323/424|[from] item: Leftovers","|turn|4","|","|move|p2a: Ludicool|Giga Drain|p1a: Reuniclus","|-damage|p1a: Reuniclus|206/424","|-heal|p2a: Ludicool|177/351|[from] drain|[of] p1a: Reuniclus","|move|p1a: Reuniclus|Calm Mind|p1a: Reuniclus","|-boost|p1a: Reuniclus|spa|1","|-boost|p1a: Reuniclus|spd|1","|","|-weather|RainDance|[upkeep]","|-heal|p2a: Ludicool|198/351|[from] item: Leftovers","|-heal|p1a: Reuniclus|232/424|[from] item: Leftovers","|turn|5","|","|switch|p2a: Thorns|Ferrothorn, M|321/321","|move|p1a: Reuniclus|Recover|p1a: Reuniclus","|-heal|p1a: Reuniclus|424/424","|","|-weather|none","|turn|6","|","|move|p1a: Reuniclus|Shadow Ball|p2a: Thorns","|-damage|p2a: Thorns|235/321","|-unboost|p2a: Thorns|spd|1","|move|p2a: Thorns|Stealth Rock|p1a: Reuniclus","|-sidestart|p1: Carnie Wight|move: Stealth Rock","|","|turn|7","|","|move|p1a: Reuniclus|Shadow Ball|p2a: Thorns","|-damage|p2a: Thorns|100/321","|move|p2a: Thorns|Gyro Ball|p1a: Reuniclus","|-damage|p1a: Reuniclus|378/424","|","|-heal|p1a: Reuniclus|404/424|[from] item: Leftovers","|turn|8","|","|switch|p2a: Great-ily|Cradily, M, shiny|371/371","|move|p1a: Reuniclus|Shadow Ball|p2a: Great-ily","|-damage|p2a: Great-ily|292/371","|-unboost|p2a: Great-ily|spd|1","|","|-heal|p2a: Great-ily|315/371|[from] item: Leftovers","|-heal|p1a: Reuniclus|424/424|[from] item: Leftovers","|turn|9","|","|switch|p1a: Gardevoir|Gardevoir, M|339/339","|-damage|p1a: Gardevoir|297/339|[from] Stealth Rock","|move|p2a: Great-ily|Toxic|p1a: Gardevoir|[miss]","|-miss|p2a: Great-ily|p1a: Gardevoir","|","|-heal|p2a: Great-ily|338/371|[from] item: Leftovers","|turn|10","|","|switch|p2a: Thorns|Ferrothorn, M|100/321","|detailschange|p1a: Gardevoir|Gardevoir-Mega, M","|-mega|p1a: Gardevoir|Gardevoir|Gardevoirite","|move|p1a: Gardevoir|Hyper Beam|p2a: Thorns","|-resisted|p2a: Thorns","|-damage|p2a: Thorns|0 fnt","|faint|p2a: Thorns","|","|","|switch|p2a: Ludicool|Ludicolo, M, shiny|198/351","|turn|11","|-mustrecharge|p1a: Gardevoir","|-mustrecharge|p1a: Gardevoir","|","|cant|p1a: Gardevoir|recharge","|move|p2a: Ludicool|Rain Dance|p2a: Ludicool","|-weather|RainDance","|","|-weather|RainDance|[upkeep]","|-heal|p2a: Ludicool|219/351|[from] item: Leftovers","|turn|12","|","|move|p2a: Ludicool|Giga Drain|p1a: Gardevoir","|-damage|p1a: Gardevoir|209/339","|-heal|p2a: Ludicool|263/351|[from] drain|[of] p1a: Gardevoir","|move|p1a: Gardevoir|Hyper Beam|p2a: Ludicool","|-damage|p2a: Ludicool|0 fnt","|faint|p2a: Ludicool","|","|-weather|RainDance|[upkeep]","|","|switch|p2a: Plantasaurus|Venusaur, M, shiny|301/301","|turn|13","|-mustrecharge|p1a: Gardevoir","|-mustrecharge|p1a: Gardevoir","|","|detailschange|p2a: Plantasaurus|Venusaur-Mega, M, shiny","|-mega|p2a: Plantasaurus|Venusaur|Venusaurite","|move|p2a: Plantasaurus|Sludge Bomb|p1a: Gardevoir","|-supereffective|p1a: Gardevoir","|-damage|p1a: Gardevoir|0 fnt","|faint|p1a: Gardevoir","|","|-weather|RainDance|[upkeep]","|","|switch|p1a: Reuniclus|Reuniclus, F|424/424","|turn|14","|","|move|p2a: Plantasaurus|Sludge Bomb|p1a: Reuniclus","|-damage|p1a: Reuniclus|249/424","|-status|p1a: Reuniclus|psn","|move|p1a: Reuniclus|Psyshock|p2a: Plantasaurus","|-supereffective|p2a: Plantasaurus","|-damage|p2a: Plantasaurus|109/301","|","|-weather|RainDance|[upkeep]","|-heal|p1a: Reuniclus|275/424 psn|[from] item: Leftovers","|turn|15","|","|switch|p2a: Healer|Shaymin, shiny|341/341","|move|p1a: Reuniclus|Recover|p1a: Reuniclus","|-heal|p1a: Reuniclus|424/424 psn","|","|-weather|none","|turn|16","|","|switch|p1a: Jirachi|Jirachi|341/341","|-damage|p1a: Jirachi|320/341|[from] Stealth Rock","|move|p2a: Healer|Air Slash|p1a: Jirachi","|-resisted|p1a: Jirachi","|-damage|p1a: Jirachi|284/341","|","|turn|17","|","|move|p1a: Jirachi|U-turn|p2a: Healer","|-supereffective|p2a: Healer","|-damage|p2a: Healer|197/341","|","|switch|p1a: Latios|Latios, M|228/301","|-damage|p1a: Latios|191/301|[from] Stealth Rock","|move|p2a: Healer|Earth Power|p1a: Latios","|-immune|p1a: Latios|[msg]","|","|-heal|p2a: Healer|218/341|[from] item: Leftovers","|turn|18","|","|switch|p2a: Great-ily|Cradily, M, shiny|338/371","|move|p1a: Latios|Draco Meteor|p2a: Great-ily","|-damage|p2a: Great-ily|172/371","|-unboost|p1a: Latios|spa|2","|","|-heal|p2a: Great-ily|195/371|[from] item: Leftovers","|turn|19","|","|switch|p1a: Reuniclus|Reuniclus, F|424/424 psn","|move|p2a: Great-ily|Ancient Power|p1a: Reuniclus","|-damage|p1a: Reuniclus|354/424 psn","|","|-heal|p2a: Great-ily|218/371|[from] item: Leftovers","|-heal|p1a: Reuniclus|380/424 psn|[from] item: Leftovers","|turn|20","|","|move|p2a: Great-ily|Ancient Power|p1a: Reuniclus","|-damage|p1a: Reuniclus|310/424 psn","|move|p1a: Reuniclus|Calm Mind|p1a: Reuniclus","|-boost|p1a: Reuniclus|spa|1","|-boost|p1a: Reuniclus|spd|1","|","|-heal|p2a: Great-ily|241/371|[from] item: Leftovers","|-heal|p1a: Reuniclus|336/424 psn|[from] item: Leftovers","|turn|21","|","|move|p2a: Great-ily|Earth Power|p1a: Reuniclus","|-damage|p1a: Reuniclus|289/424 psn","|move|p1a: Reuniclus|Shadow Ball|p2a: Great-ily","|-damage|p2a: Great-ily|162/371","|-unboost|p2a: Great-ily|spd|1","|","|-heal|p2a: Great-ily|185/371|[from] item: Leftovers","|-heal|p1a: Reuniclus|315/424 psn|[from] item: Leftovers","|turn|22","|","|switch|p2a: Healer|Shaymin, shiny|218/341","|move|p1a: Reuniclus|Shadow Ball|p2a: Healer","|-damage|p2a: Healer|112/341","|-unboost|p2a: Healer|spd|1","|","|-heal|p2a: Healer|133/341|[from] item: Leftovers","|-heal|p1a: Reuniclus|341/424 psn|[from] item: Leftovers","|turn|23","|","|move|p2a: Healer|Air Slash|p1a: Reuniclus","|-damage|p1a: Reuniclus|281/424 psn","|move|p1a: Reuniclus|Psyshock|p2a: Healer","|-damage|p2a: Healer|0 fnt","|faint|p2a: Healer","|","|-heal|p1a: Reuniclus|307/424 psn|[from] item: Leftovers","|","|switch|p2a: Brawloom|Breloom, M, shiny|262/262","|turn|24","|","|move|p2a: Brawloom|Swords Dance|p2a: Brawloom","|-boost|p2a: Brawloom|atk|2","|move|p1a: Reuniclus|Psyshock|p2a: Brawloom","|-supereffective|p2a: Brawloom","|-enditem|p2a: Brawloom|Focus Sash","|-damage|p2a: Brawloom|1/262","|","|-heal|p1a: Reuniclus|333/424 psn|[from] item: Leftovers","|turn|25","|","|move|p2a: Brawloom|Rock Tomb|p1a: Reuniclus","|-damage|p1a: Reuniclus|163/424 psn","|-unboost|p1a: Reuniclus|spe|1","|move|p1a: Reuniclus|Psyshock|p2a: Brawloom","|-supereffective|p2a: Brawloom","|-damage|p2a: Brawloom|0 fnt","|faint|p2a: Brawloom","|","|-heal|p1a: Reuniclus|189/424 psn|[from] item: Leftovers","|","|switch|p2a: Plantasaurus|Venusaur-Mega, M, shiny|109/301","|turn|26","|","|move|p2a: Plantasaurus|Sludge Bomb|p1a: Reuniclus","|-damage|p1a: Reuniclus|59/424 psn","|move|p1a: Reuniclus|Psyshock|p2a: Plantasaurus","|-supereffective|p2a: Plantasaurus","|-damage|p2a: Plantasaurus|0 fnt","|faint|p2a: Plantasaurus","|","|-heal|p1a: Reuniclus|85/424 psn|[from] item: Leftovers","|","|switch|p2a: Great-ily|Cradily, M, shiny|185/371","|turn|27","|","|move|p2a: Great-ily|Ancient Power|p1a: Reuniclus","|-crit|p1a: Reuniclus","|-damage|p1a: Reuniclus|0 fnt","|faint|p1a: Reuniclus","|","|-heal|p2a: Great-ily|208/371|[from] item: Leftovers","|","|switch|p1a: Jirachi|Jirachi|284/341","|-damage|p1a: Jirachi|263/341|[from] Stealth Rock","|turn|28","|","|move|p1a: Jirachi|Iron Head|p2a: Great-ily","|-supereffective|p2a: Great-ily","|-damage|p2a: Great-ily|0 fnt","|faint|p2a: Great-ily","|","|win|Carnie Wight"],"p1rating":{"entryid":"506008","serverid":"eos","formatid":"monotype","userid":"carniewight","username":"Carnie Wight","w":4,"l":"1","t":"0","gxe":56.6,"r":"1456.0407237313","rd":"122.60558199937","sigma":"0","rptime":"1440752400","rpr":1551.7098029085,"rprd":102.27204011606,"rpsigma":"0","acre":1116.8486672411,"lacre":1116.8486672411,"oldacre":"1098.1248332132"},"p2rating":{"entryid":"1463","serverid":"eos","formatid":"monotype","userid":"gtxbzumzum","username":"GTX♅Bzumzum","w":"20","l":58,"t":"0","gxe":27.4,"r":"1318.2841403955","rd":"42.695244026916","sigma":"0","rptime":"1440752400","rpr":1315.1591984377,"rprd":42.452349844424,"rpsigma":"0","acre":1000,"lacre":1000,"oldacre":"1005.9005282547"},"endType":"normal"}