{"seed":[51423,2847,1985,31291],"turns":24,"p1":"Seven Swell","p2":"Jyph2Dank","p1team":[{"name":"Mandibuzz","species":"Mandibuzz","item":"rockyhelmet","ability":"Overcoat","moves":["foulplay","roost","defog","toxic"],"nature":"Bold","evs":{"hp":248,"atk":0,"def":252,"spa":0,"spd":8,"spe":0},"ivs":{"hp":31,"atk":31,"def":31,"spa":31,"spd":31,"spe":31}},{"name":"Bisharp","species":"Bisharp","item":"focussash","ability":"Defiant","moves":["suckerpunch","swordsdance","ironhead","knockoff"],"nature":"Adamant","evs":{"hp":248,"atk":252,"def":0,"spa":0,"spd":8,"spe":0},"ivs":{"hp":31,"atk":31,"def":31,"spa":31,"spd":31,"spe":31}},{"name":"Hoopa-Unbound","species":"Hoopa-Unbound","item":"choicescarf","ability":"Magician","moves":["hyperspacefury","firepunch","zenheadbutt","gunkshot"],"nature":"Adamant","evs":{"hp":0,"atk":252,"def":0,"spa":0,"spd":4,"spe":252},"ivs":{"hp":31,"atk":31,"def":31,"spa":31,"spd":31,"spe":31}},{"name":"Weavile","species":"Weavile","item":"lifeorb","ability":"Pressure","moves":["iceshard","iciclecrash","knockoff","pursuit"],"nature":"Jolly","evs":{"hp":0,"atk":252,"def":0,"spa":0,"spd":4,"spe":252},"ivs":{"hp":31,"atk":31,"def":31,"spa":31,"spd":31,"spe":31}},{"name":"Sableye","species":"Sableye","item":"sablenite","ability":"Prankster","moves":["willowisp","calmmind","snarl","recover"],"nature":"Calm","evs":{"hp":248,"atk":0,"def":84,"spa":0,"spd":176,"spe":0},"ivs":{"hp":31,"atk":31,"def":31,"spa":31,"spd":31,"spe":31}},{"name":"Spiritomb","species":"Spiritomb","item":"choicespecs","ability":"Infiltrator","moves":["darkpulse","hiddenpowerfire","shadowball","trick"],"nature":"Modest","evs":{"hp":248,"atk":0,"def":0,"spa":252,"spd":8,"spe":0},"ivs":{"hp":31,"atk":30,"def":31,"spa":30,"spd":31,"spe":30}}],"p2team":[{"name":"Bisharp","species":"Bisharp","item":"lifeorb","ability":"Defiant","moves":["swordsdance","knockoff","ironhead","suckerpunch"],"nature":"Jolly","evs":{"hp":0,"atk":252,"def":0,"spa":0,"spd":4,"spe":252},"ivs":{"hp":31,"atk":31,"def":31,"spa":31,"spd":31,"spe":31}},{"name":"Heatran","species":"Heatran","item":"leftovers","ability":"Flash Fire","moves":["toxic","stealthrock","lavaplume","earthpower"],"nature":"Calm","evs":{"hp":252,"atk":0,"def":0,"spa":4,"spd":252,"spe":0},"ivs":{"hp":31,"atk":31,"def":31,"spa":31,"spd":31,"spe":31}},{"name":"Skarmory","species":"Skarmory","item":"rockyhelmet","ability":"Sturdy","moves":["spikes","roost","whirlwind","bravebird"],"nature":"Impish","evs":{"hp":248,"atk":0,"def":236,"spa":0,"spd":0,"spe":24},"ivs":{"hp":31,"atk":31,"def":31,"spa":31,"spd":31,"spe":31}},{"name":"Doublade","species":"Doublade","item":"eviolite","ability":"No Guard","moves":["swordsdance","shadowsneak","ironhead","sacredsword"],"nature":"Adamant","evs":{"hp":248,"atk":252,"def":0,"spa":0,"spd":8,"spe":0},"ivs":{"hp":31,"atk":31,"def":31,"spa":31,"spd":31,"spe":31}},{"name":"Excadrill","species":"Excadrill","item":"choicescarf","ability":"Mold Breaker","moves":["earthquake","ironhead","rockslide","rapidspin"],"nature":"Jolly","evs":{"hp":0,"atk":252,"def":0,"spa":0,"spd":4,"spe":252},"ivs":{"hp":31,"atk":31,"def":31,"spa":31,"spd":31,"spe":31}},{"name":"Magnezone","species":"Magnezone","item":"choicespecs","ability":"Sturdy","moves":["thunderbolt","flashcannon","voltswitch","hiddenpowerfire"],"nature":"Modest","evs":{"hp":248,"atk":0,"def":0,"spa":252,"spd":8,"spe":0},"ivs":{"hp":31,"atk":30,"def":31,"spa":30,"spd":31,"spe":30}}],"log":["|player|p1|Seven Swell|sevenswell.png","|player|p2|Jyph2Dank|swljyph.png","|gametype|singles","|gen|6","|tier|Monotype","|rated","|rule|Baton Pass Clause: Limit one Baton Passer, can't pass Spe and other stats simultaneously","|rule|Swagger Clause: Swagger is banned","|rule|Same Type Clause: Pokémon in a team must share a type","|clearpoke","|poke|p1|Mandibuzz, F","|poke|p1|Bisharp, F","|poke|p1|Hoopa-Unbound","|poke|p1|Weavile, M","|poke|p1|Sableye, F","|poke|p1|Spiritomb, M","|poke|p2|Bisharp, F","|poke|p2|Heatran, F","|poke|p2|Skarmory, F","|poke|p2|Doublade, F","|poke|p2|Excadrill, M","|poke|p2|Magnezone","|rule|Sleep Clause Mod: Limit one foe put to sleep","|rule|Species Clause: Limit one of each Pokémon","|rule|OHKO Clause: OHKO moves are banned","|rule|Moody Clause: Moody is banned","|rule|Evasion Moves Clause: Evasion moves are banned","|rule|Endless Battle Clause: Forcing endless battles is banned","|rule|HP Percentage Mod: HP is shown in percentages","|teampreview","|","|start","|switch|p1a: Bisharp|Bisharp, F|333/333","|switch|p2a: Doublade|Doublade, F|321/321","|turn|1","|","|move|p1a: Bisharp|Knock Off|p2a: Doublade","|-supereffective|p2a: Doublade","|-damage|p2a: Doublade|151/321","|-enditem|p2a: Doublade|Eviolite|[from] move: Knock Off|[of] p1a: Bisharp","|move|p2a: Doublade|Sacred Sword|p1a: Bisharp","|-supereffective|p1a: Bisharp","|-enditem|p1a: Bisharp|Focus Sash","|-damage|p1a: Bisharp|1/333","|","|turn|2","|","|switch|p2a: Skarmory|Skarmory, F|333/333","|move|p1a: Bisharp|Sucker Punch|p2a: Skarmory","|-fail|p1a: Bisharp","|","|turn|3","|","|switch|p1a: Sableye|Sableye, F|303/303","|move|p2a: Skarmory|Spikes|p1a: Sableye","|-sidestart|p1: Seven Swell|Spikes","|","|turn|4","|","|switch|p2a: Magnezone|Magnezone|343/343","|detailschange|p1a: Sableye|Sableye-Mega, F","|-mega|p1a: Sableye|Sableye|Sablenite","|move|p1a: Sableye|Will-O-Wisp|p2a: Magnezone|[miss]","|-miss|p1a: Sableye|p2a: Magnezone","|","|turn|5","|","|move|p2a: Magnezone|Thunderbolt|p1a: Sableye","|-damage|p1a: Sableye|122/303","|move|p1a: Sableye|Calm Mind|p1a: Sableye","|-boost|p1a: Sableye|spa|1","|-boost|p1a: Sableye|spd|1","|","|turn|6","|","|move|p2a: Magnezone|Thunderbolt|p1a: Sableye","|-damage|p1a: Sableye|0 fnt","|faint|p1a: Sableye","|","|","|switch|p1a: Spiritomb|Spiritomb, M|303/303","|-damage|p1a: Spiritomb|266/303|[from] Spikes","|turn|7","|","|switch|p2a: Heatran|Heatran, F|386/386","|move|p1a: Spiritomb|Trick|p2a: Heatran","|-activate|p1a: Spiritomb|move: Trick|[of] p2a: Heatran","|-item|p2a: Heatran|Choice Specs|[from] move: Trick","|-item|p1a: Spiritomb|Leftovers|[from] move: Trick","|","|-heal|p1a: Spiritomb|284/303|[from] item: Leftovers","|turn|8","|","|move|p2a: Heatran|Stealth Rock|p1a: Spiritomb","|-sidestart|p1: Seven Swell|move: Stealth Rock","|move|p1a: Spiritomb|Dark Pulse|p2a: Heatran","|-damage|p2a: Heatran|305/386","|","|-heal|p1a: Spiritomb|302/303|[from] item: Leftovers","|turn|9","|","|switch|p2a: Magnezone|Magnezone|343/343","|move|p1a: Spiritomb|Hidden Power|p2a: Magnezone","|-supereffective|p2a: Magnezone","|-damage|p2a: Magnezone|213/343","|","|-heal|p1a: Spiritomb|303/303|[from] item: Leftovers","|turn|10","|","|move|p2a: Magnezone|Volt Switch|p1a: Spiritomb","|-damage|p1a: Spiritomb|114/303","|","|switch|p2a: Heatran|Heatran, F|305/386","|move|p1a: Spiritomb|Trick|p2a: Heatran","|-activate|p1a: Spiritomb|move: Trick|[of] p2a: Heatran","|-item|p2a: Heatran|Leftovers|[from] move: Trick","|-item|p1a: Spiritomb|Choice Specs|[from] move: Trick","|","|-heal|p2a: Heatran|329/386|[from] item: Leftovers","|turn|11","|","|move|p2a: Heatran|Lava Plume|p1a: Spiritomb","|-damage|p1a: Spiritomb|8/303","|move|p1a: Spiritomb|Trick|p2a: Heatran","|-activate|p1a: Spiritomb|move: Trick|[of] p2a: Heatran","|-item|p2a: Heatran|Choice Specs|[from] move: Trick","|-item|p1a: Spiritomb|Leftovers|[from] move: Trick","|","|-heal|p1a: Spiritomb|26/303|[from] item: Leftovers","|turn|12","|","|move|p2a: Heatran|Lava Plume|p1a: Spiritomb","|-damage|p1a: Spiritomb|0 fnt","|faint|p1a: Spiritomb","|","|","|switch|p1a: Mandibuzz|Mandibuzz, F|423/423","|-damage|p1a: Mandibuzz|318/423|[from] Stealth Rock","|turn|13","|","|switch|p2a: Bisharp|Bisharp, F|271/271","|move|p1a: Mandibuzz|Defog|p2a: Bisharp","|-unboost|p2a: Bisharp|evasion|1","|-boost|p2a: Bisharp|atk|2|[from] ability: Defiant","|-sideend|p1: Seven Swell|Spikes|[from] move: Defog|[of] p1a: Mandibuzz","|-sideend|p1: Seven Swell|Stealth Rock|[from] move: Defog|[of] p1a: Mandibuzz","|","|turn|14","|","|move|p2a: Bisharp|Iron Head|p1a: Mandibuzz","|-damage|p1a: Mandibuzz|76/423","|-damage|p2a: Bisharp|226/271|[from] item: Rocky Helmet|[of] p1a: Mandibuzz","|-damage|p2a: Bisharp|199/271|[from] item: Life Orb","|move|p1a: Mandibuzz|Foul Play|p2a: Bisharp","|-resisted|p2a: Bisharp","|-damage|p2a: Bisharp|21/271","|","|turn|15","|","|move|p2a: Bisharp|Iron Head|p1a: Mandibuzz","|-damage|p1a: Mandibuzz|0 fnt","|-damage|p2a: Bisharp|0 fnt|[from] item: Rocky Helmet|[of] p1a: Mandibuzz","|faint|p2a: Bisharp","|faint|p1a: Mandibuzz","|","|","|switch|p1a: Weavile|Weavile, M|281/281","|switch|p2a: Heatran|Heatran, F|329/386","|-ability|p1a: Weavile|Pressure","|turn|16","|","|switch|p2a: Skarmory|Skarmory, F|333/333","|move|p1a: Weavile|Knock Off|p2a: Skarmory","|-crit|p2a: Skarmory","|-damage|p2a: Skarmory|146/333","|-damage|p1a: Weavile|235/281|[from] item: Rocky Helmet|[of] p2a: Skarmory","|-enditem|p2a: Skarmory|Rocky Helmet|[from] move: Knock Off|[of] p1a: Weavile","|-damage|p1a: Weavile|207/281|[from] item: Life Orb","|","|turn|17","|","|move|p1a: Weavile|Ice Shard|p2a: Skarmory","|-damage|p2a: Skarmory|94/333","|-damage|p1a: Weavile|179/281|[from] item: Life Orb","|move|p2a: Skarmory|Roost|p2a: Skarmory","|-heal|p2a: Skarmory|261/333","|","|turn|18","|","|move|p1a: Weavile|Icicle Crash|p2a: Skarmory","|-damage|p2a: Skarmory|162/333","|-damage|p1a: Weavile|151/281|[from] item: Life Orb","|cant|p2a: Skarmory|flinch","|","|turn|19","|","|move|p1a: Weavile|Icicle Crash|p2a: Skarmory","|-damage|p2a: Skarmory|59/333","|-damage|p1a: Weavile|123/281|[from] item: Life Orb","|move|p2a: Skarmory|Roost|p2a: Skarmory","|-heal|p2a: Skarmory|226/333","|","|turn|20","|","|move|p1a: Weavile|Icicle Crash|p2a: Skarmory","|-damage|p2a: Skarmory|119/333","|-damage|p1a: Weavile|95/281|[from] item: Life Orb","|move|p2a: Skarmory|Roost|p2a: Skarmory","|-heal|p2a: Skarmory|286/333","|","|turn|21","|","|move|p1a: Weavile|Icicle Crash|p2a: Skarmory","|-damage|p2a: Skarmory|179/333","|-damage|p1a: Weavile|67/281|[from] item: Life Orb","|move|p2a: Skarmory|Spikes|p1a: Weavile","|-sidestart|p1: Seven Swell|Spikes","|","|turn|22","|","|move|p1a: Weavile|Icicle Crash|p2a: Skarmory","|-damage|p2a: Skarmory|74/333","|-damage|p1a: Weavile|39/281|[from] item: Life Orb","|move|p2a: Skarmory|Roost|p2a: Skarmory","|-heal|p2a: Skarmory|241/333","|","|turn|23","|","|move|p1a: Weavile|Icicle Crash|p2a: Skarmory","|-damage|p2a: Skarmory|136/333","|-damage|p1a: Weavile|11/281|[from] item: Life Orb","|move|p2a: Skarmory|Spikes|p1a: Weavile","|-sidestart|p1: Seven Swell|Spikes","|","|turn|24","|","|move|p1a: Weavile|Pursuit|p2a: Skarmory","|-damage|p2a: Skarmory|89/333","|-damage|p1a: Weavile|0 fnt|[from] item: Life Orb","|faint|p1a: Weavile","|move|p2a: Skarmory|Roost|p2a: Skarmory","|-heal|p2a: Skarmory|256/333","|","|","|win|Jyph2Dank"],"p1rating":{"entryid":"86214","serverid":"eos","formatid":"monotype","userid":"sevenswell","username":"Seven Swell","w":"60","l":24,"t":"0","gxe":70.5,"r":"1664.1513548616","rd":"41.885113378167","sigma":"0","rptime":"1440752400","rpr":1664.9846540051,"rprd":41.057050798055,"rpsigma":"0","acre":1252.7323283577,"lacre":1252.7323283577,"oldacre":"1294.9969022925"},"p2rating":{"entryid":595044,"formatid":"monotype","userid":"jyph2dank","username":"Jyph2Dank","r":1500,"rd":130,"sigma":0,"rpr":1562.3427361577,"rprd":123.31741250864,"rpsigma":0,"rptime":1440752400,"w":1,"l":0,"t":0,"gxe":57.7,"acre":1067.6233182956,"lacre":1067.6233182956,"oldacre":1000},"endType":"forfeit"}