{"seed":[30233,45790,30987,7178],"turns":30,"p1":"Void Wiley","p2":"Void Who","p1team":[{"name":"Galvantula","species":"Galvantula","item":"focussash","ability":"Compound Eyes","moves":["thunder","stickyweb","bugbuzz","gigadrain"],"nature":"Timid","evs":{"hp":0,"atk":0,"def":0,"spa":252,"spd":4,"spe":252},"ivs":{"hp":31,"atk":31,"def":31,"spa":31,"spd":31,"spe":31}},{"name":"Raikou","species":"Raikou","item":"leftovers","ability":"Pressure","moves":["thunderbolt","extrasensory","hiddenpowerice","calmmind"],"nature":"Timid","evs":{"hp":0,"atk":0,"def":0,"spa":252,"spd":4,"spe":252},"ivs":{"hp":31,"atk":30,"def":30,"spa":31,"spd":31,"spe":31}},{"name":"Zapdos","species":"Zapdos","item":"leftovers","ability":"Pressure","moves":["roost","discharge","defog","toxic"],"nature":"Calm","evs":{"hp":252,"atk":0,"def":0,"spa":4,"spd":252,"spe":0},"ivs":{"hp":31,"atk":30,"def":30,"spa":31,"spd":31,"spe":31}},{"name":"Rotom-Wash","species":"Rotom-Wash","item":"leftovers","ability":"Levitate","moves":["hydropump","voltswitch","willowisp","painsplit"],"nature":"Bold","evs":{"hp":252,"atk":0,"def":252,"spa":4,"spd":0,"spe":0},"ivs":{"hp":31,"atk":31,"def":31,"spa":31,"spd":31,"spe":31}},{"name":"Thundurus","species":"Thundurus","item":"leftovers","ability":"Prankster","moves":["thunderwave","thunderbolt","nastyplot","hiddenpowerice"],"nature":"Timid","evs":{"hp":0,"atk":0,"def":0,"spa":252,"spd":4,"spe":252},"ivs":{"hp":31,"atk":30,"def":30,"spa":31,"spd":31,"spe":31}},{"name":"Manectric","species":"Manectric","item":"manectite","ability":"Lightning Rod","moves":["thunderbolt","flamethrower","hiddenpowerice","signalbeam"],"nature":"Timid","evs":{"hp":0,"atk":0,"def":0,"spa":252,"spd":4,"spe":252},"ivs":{"hp":31,"atk":30,"def":30,"spa":31,"spd":31,"spe":31}}],"p2team":[{"name":"KFC & Kool-Aid","species":"magnezone","item":"choicescarf","ability":"Sturdy","moves":["flashcannon","voltswitch","hiddenpowerice","thunderbolt"],"nature":"Timid","evs":{"hp":0,"atk":0,"def":0,"spa":252,"spd":4,"spe":252},"ivs":{"hp":31,"atk":30,"def":30,"spa":31,"spd":31,"spe":31}},{"name":"Spilt Coffee","species":"rotomwash","item":"leftovers","ability":"Levitate","moves":["willowisp","hydropump","voltswitch","painsplit"],"nature":"Calm","evs":{"hp":252,"atk":0,"def":0,"spa":4,"spd":252,"spe":0},"ivs":{"hp":31,"atk":31,"def":31,"spa":31,"spd":31,"spe":31}},{"name":"Ricky Suave","species":"thundurus","item":"lifeorb","ability":"Prankster","moves":["thunderwave","knockoff","superpower","voltswitch"],"nature":"Jolly","evs":{"hp":0,"atk":252,"def":0,"spa":0,"spd":4,"spe":252},"ivs":{"hp":31,"atk":31,"def":31,"spa":31,"spd":31,"spe":31}},{"name":"Amped up","species":"ampharos","item":"ampharosite","ability":"Static","moves":["dragonpulse","discharge","powergem","toxic"],"nature":"Modest","evs":{"hp":248,"atk":0,"def":0,"spa":252,"spd":8,"spe":0},"ivs":{"hp":31,"atk":31,"def":31,"spa":31,"spd":31,"spe":31}},{"name":"Bird Flu","species":"zapdos","item":"leftovers","ability":"Pressure","moves":["defog","roost","heatwave","discharge"],"nature":"Calm","evs":{"hp":252,"atk":0,"def":0,"spa":4,"spd":252,"spe":0},"ivs":{"hp":31,"atk":31,"def":31,"spa":31,"spd":31,"spe":31}},{"name":"Fighting/Electric","species":"electivire","item":"choicescarf","ability":"Vital Spirit","moves":["wildcharge","crosschop","earthquake","icepunch"],"nature":"Jolly","evs":{"hp":0,"atk":252,"def":0,"spa":0,"spd":4,"spe":252},"ivs":{"hp":31,"atk":31,"def":31,"spa":31,"spd":31,"spe":31}}],"log":["|player|p1|Void Wiley|voidwiley.png","|player|p2|Void Who|voidwho.gif","|gametype|singles","|gen|6","|tier|Monotype","|rated","|rule|Baton Pass Clause: Limit one Baton Passer, can't pass Spe and other stats simultaneously","|rule|Swagger Clause: Swagger is banned","|rule|Same Type Clause: Pokémon in a team must share a type","|clearpoke","|poke|p1|Galvantula, F","|poke|p1|Raikou","|poke|p1|Zapdos","|poke|p1|Rotom-Wash","|poke|p1|Thundurus, M","|poke|p1|Manectric, F","|poke|p2|Magnezone","|poke|p2|Rotom-Wash","|poke|p2|Thundurus, M","|poke|p2|Ampharos, F","|poke|p2|Zapdos","|poke|p2|Electivire, F","|rule|Sleep Clause Mod: Limit one foe put to sleep","|rule|Species Clause: Limit one of each Pokémon","|rule|OHKO Clause: OHKO moves are banned","|rule|Moody Clause: Moody is banned","|rule|Evasion Moves Clause: Evasion moves are banned","|rule|Endless Battle Clause: Forcing endless battles is banned","|rule|HP Percentage Mod: HP is shown in percentages","|teampreview","|","|start","|switch|p1a: Galvantula|Galvantula, F|281/281","|switch|p2a: Amped up|Ampharos, F|383/383","|turn|1","|","|detailschange|p2a: Amped up|Ampharos-Mega, F","|-mega|p2a: Amped up|Ampharos|Ampharosite","|-ability|p2a: Amped up|Mold Breaker","|move|p1a: Galvantula|Sticky Web|p2a: Amped up","|-sidestart|p2: Void Who|move: Sticky Web","|move|p2a: Amped up|Power Gem|p1a: Galvantula","|-supereffective|p1a: Galvantula","|-enditem|p1a: Galvantula|Focus Sash","|-damage|p1a: Galvantula|1/281","|","|turn|2","|","|move|p1a: Galvantula|Bug Buzz|p2a: Amped up","|-damage|p2a: Amped up|265/383","|move|p2a: Amped up|Power Gem|p1a: Galvantula","|-supereffective|p1a: Galvantula","|-damage|p1a: Galvantula|0 fnt","|faint|p1a: Galvantula","|","|","|switch|p1a: Raikou|Raikou|321/321","|-ability|p1a: Raikou|Pressure","|turn|3","|","|switch|p2a: Bird Flu|Zapdos|384/384","|-ability|p2a: Bird Flu|Pressure","|move|p1a: Raikou|Calm Mind|p1a: Raikou","|-boost|p1a: Raikou|spa|1","|-boost|p1a: Raikou|spd|1","|","|turn|4","|","|move|p1a: Raikou|Hidden Power|p2a: Bird Flu","|-crit|p2a: Bird Flu","|-supereffective|p2a: Bird Flu","|-damage|p2a: Bird Flu|154/384","|move|p2a: Bird Flu|Defog|p1a: Raikou","|-unboost|p1a: Raikou|evasion|1","|-sideend|p2: Void Who|Sticky Web|[from] move: Defog|[of] p2a: Bird Flu","|","|-heal|p2a: Bird Flu|178/384|[from] item: Leftovers","|turn|5","|","|move|p1a: Raikou|Hidden Power|p2a: Bird Flu","|-supereffective|p2a: Bird Flu","|-damage|p2a: Bird Flu|34/384","|move|p2a: Bird Flu|Heat Wave|p1a: Raikou","|-damage|p1a: Raikou|257/321","|","|-heal|p1a: Raikou|277/321|[from] item: Leftovers","|-heal|p2a: Bird Flu|58/384|[from] item: Leftovers","|turn|6","|","|switch|p2a: Amped up|Ampharos-Mega, F|265/383","|-ability|p2a: Amped up|Mold Breaker","|move|p1a: Raikou|Hidden Power|p2a: Amped up","|-crit|p2a: Amped up","|-supereffective|p2a: Amped up","|-damage|p2a: Amped up|0 fnt","|faint|p2a: Amped up","|","|-heal|p1a: Raikou|297/321|[from] item: Leftovers","|","|switch|p2a: Fighting/Electric|Electivire, F|291/291","|turn|7","|","|move|p2a: Fighting/Electric|Earthquake|p1a: Raikou","|-supereffective|p1a: Raikou","|-damage|p1a: Raikou|0 fnt","|faint|p1a: Raikou","|","|","|switch|p1a: Rotom-Wash|Rotom-Wash|304/304","|turn|8","|","|switch|p2a: Bird Flu|Zapdos|58/384","|-ability|p2a: Bird Flu|Pressure","|move|p1a: Rotom-Wash|Will-O-Wisp|p2a: Bird Flu|[miss]","|-miss|p1a: Rotom-Wash|p2a: Bird Flu","|","|-heal|p2a: Bird Flu|82/384|[from] item: Leftovers","|turn|9","|","|move|p2a: Bird Flu|Roost|p2a: Bird Flu","|-heal|p2a: Bird Flu|274/384","|move|p1a: Rotom-Wash|Volt Switch|p2a: Bird Flu","|-resisted|p2a: Bird Flu","|-damage|p2a: Bird Flu|238/384","|","|switch|p1a: Thundurus|Thundurus, M|299/299","|","|-heal|p2a: Bird Flu|262/384|[from] item: Leftovers","|turn|10","|","|move|p1a: Thundurus|Nasty Plot|p1a: Thundurus","|-boost|p1a: Thundurus|spa|2","|move|p2a: Bird Flu|Roost|p2a: Bird Flu","|-heal|p2a: Bird Flu|384/384","|","|turn|11","|","|move|p1a: Thundurus|Hidden Power|p2a: Bird Flu","|-supereffective|p2a: Bird Flu","|-damage|p2a: Bird Flu|166/384","|move|p2a: Bird Flu|Discharge|p1a: Thundurus","|-damage|p1a: Thundurus|167/299","|","|-heal|p1a: Thundurus|185/299|[from] item: Leftovers","|-heal|p2a: Bird Flu|190/384|[from] item: Leftovers","|turn|12","|","|switch|p2a: Spilt Coffee|Rotom-Wash|304/304","|move|p1a: Thundurus|Hidden Power|p2a: Spilt Coffee","|-resisted|p2a: Spilt Coffee","|-damage|p2a: Spilt Coffee|257/304","|","|-heal|p1a: Thundurus|203/299|[from] item: Leftovers","|-heal|p2a: Spilt Coffee|276/304|[from] item: Leftovers","|turn|13","|","|move|p1a: Thundurus|Thunderbolt|p2a: Spilt Coffee","|-damage|p2a: Spilt Coffee|47/304","|move|p2a: Spilt Coffee|Volt Switch|p1a: Thundurus","|-damage|p1a: Thundurus|98/299","|","|switch|p2a: KFC & Kool-Aid|Magnezone|281/281","|","|-heal|p1a: Thundurus|116/299|[from] item: Leftovers","|turn|14","|","|move|p2a: KFC & Kool-Aid|Hidden Power|p1a: Thundurus","|-supereffective|p1a: Thundurus","|-damage|p1a: Thundurus|0 fnt","|faint|p1a: Thundurus","|","|","|switch|p1a: Manectric|Manectric, F|281/281","|turn|15","|","|switch|p2a: Spilt Coffee|Rotom-Wash|47/304","|detailschange|p1a: Manectric|Manectric-Mega, F","|-mega|p1a: Manectric|Manectric|Manectite","|-ability|p1a: Manectric|Intimidate","|-unboost|p2a: Spilt Coffee|atk|1","|move|p1a: Manectric|Flamethrower|p2a: Spilt Coffee","|-resisted|p2a: Spilt Coffee","|-damage|p2a: Spilt Coffee|8/304","|","|-heal|p2a: Spilt Coffee|27/304|[from] item: Leftovers","|turn|16","|","|move|p1a: Manectric|Flamethrower|p2a: Spilt Coffee","|-resisted|p2a: Spilt Coffee","|-damage|p2a: Spilt Coffee|0 fnt","|faint|p2a: Spilt Coffee","|","|","|switch|p2a: Fighting/Electric|Electivire, F|291/291","|turn|17","|","|switch|p1a: Zapdos|Zapdos|384/384","|-ability|p1a: Zapdos|Pressure","|move|p2a: Fighting/Electric|Earthquake|p1a: Zapdos","|-immune|p1a: Zapdos|[msg]","|","|turn|18","|","|switch|p2a: Bird Flu|Zapdos|190/384","|-ability|p2a: Bird Flu|Pressure","|move|p1a: Zapdos|Toxic|p2a: Bird Flu","|-status|p2a: Bird Flu|tox","|","|-heal|p2a: Bird Flu|214/384 tox|[from] item: Leftovers","|-damage|p2a: Bird Flu|190/384 tox|[from] psn","|turn|19","|","|move|p2a: Bird Flu|Discharge|p1a: Zapdos","|-damage|p1a: Zapdos|296/384","|move|p1a: Zapdos|Discharge|p2a: Bird Flu","|-damage|p2a: Bird Flu|99/384 tox","|","|-heal|p2a: Bird Flu|123/384 tox|[from] item: Leftovers","|-heal|p1a: Zapdos|320/384|[from] item: Leftovers","|-damage|p2a: Bird Flu|75/384 tox|[from] psn","|turn|20","|","|move|p2a: Bird Flu|Heat Wave|p1a: Zapdos","|-damage|p1a: Zapdos|244/384","|move|p1a: Zapdos|Discharge|p2a: Bird Flu","|-damage|p2a: Bird Flu|0 fnt","|faint|p2a: Bird Flu","|","|-heal|p1a: Zapdos|268/384|[from] item: Leftovers","|","|switch|p2a: Ricky Suave|Thundurus, M|299/299","|turn|21","|","|move|p2a: Ricky Suave|Volt Switch|p1a: Zapdos","|-damage|p1a: Zapdos|185/384","|-damage|p2a: Ricky Suave|270/299|[from] item: Life Orb","|","|switch|p2a: KFC & Kool-Aid|Magnezone|281/281","|move|p1a: Zapdos|Toxic|p2a: KFC & Kool-Aid","|-immune|p2a: KFC & Kool-Aid|[msg]","|","|-heal|p1a: Zapdos|209/384|[from] item: Leftovers","|turn|22","|","|move|p2a: KFC & Kool-Aid|Volt Switch|p1a: Zapdos","|-damage|p1a: Zapdos|121/384","|","|switch|p2a: Fighting/Electric|Electivire, F|291/291","|move|p1a: Zapdos|Roost|p1a: Zapdos","|-heal|p1a: Zapdos|313/384","|","|-heal|p1a: Zapdos|337/384|[from] item: Leftovers","|turn|23","|","|move|p2a: Fighting/Electric|Ice Punch|p1a: Zapdos","|-supereffective|p1a: Zapdos","|-damage|p1a: Zapdos|153/384","|move|p1a: Zapdos|Toxic|p2a: Fighting/Electric","|-status|p2a: Fighting/Electric|tox","|","|-heal|p1a: Zapdos|177/384|[from] item: Leftovers","|-damage|p2a: Fighting/Electric|273/291 tox|[from] psn","|turn|24","|","|move|p2a: Fighting/Electric|Ice Punch|p1a: Zapdos","|-supereffective|p1a: Zapdos","|-damage|p1a: Zapdos|0 fnt","|faint|p1a: Zapdos","|","|-damage|p2a: Fighting/Electric|237/291 tox|[from] psn","|","|switch|p1a: Manectric|Manectric-Mega, F|281/281","|-ability|p1a: Manectric|Intimidate","|-unboost|p2a: Fighting/Electric|atk|1","|turn|25","|","|switch|p2a: Ricky Suave|Thundurus, M|270/299","|move|p1a: Manectric|Flamethrower|p2a: Ricky Suave","|-damage|p2a: Ricky Suave|140/299","|","|turn|26","|","|move|p1a: Manectric|Flamethrower|p2a: Ricky Suave","|-damage|p2a: Ricky Suave|18/299","|move|p2a: Ricky Suave|Knock Off|p1a: Manectric","|-damage|p1a: Manectric|172/281","|-damage|p2a: Ricky Suave|0 fnt|[from] item: Life Orb","|faint|p2a: Ricky Suave","|","|","|switch|p2a: KFC & Kool-Aid|Magnezone|281/281","|turn|27","|","|move|p1a: Manectric|Flamethrower|p2a: KFC & Kool-Aid","|-supereffective|p2a: KFC & Kool-Aid","|-damage|p2a: KFC & Kool-Aid|43/281","|move|p2a: KFC & Kool-Aid|Flash Cannon|p1a: Manectric","|-resisted|p1a: Manectric","|-damage|p1a: Manectric|93/281","|","|turn|28","|","|move|p1a: Manectric|Flamethrower|p2a: KFC & Kool-Aid","|-supereffective|p2a: KFC & Kool-Aid","|-damage|p2a: KFC & Kool-Aid|0 fnt","|faint|p2a: KFC & Kool-Aid","|","|","|switch|p2a: Fighting/Electric|Electivire, F|237/291 tox","|turn|29","|","|move|p2a: Fighting/Electric|Wild Charge|p1a: Manectric","|-resisted|p1a: Manectric","|-damage|p1a: Manectric|0 fnt","|-damage|p2a: Fighting/Electric|214/291 tox|[from] recoil|[of] p1a: Manectric","|faint|p1a: Manectric","|","|-damage|p2a: Fighting/Electric|196/291 tox|[from] psn","|","|switch|p1a: Rotom-Wash|Rotom-Wash|304/304","|turn|30","|","|move|p2a: Fighting/Electric|Wild Charge|p1a: Rotom-Wash","|-damage|p1a: Rotom-Wash|195/304","|-damage|p2a: Fighting/Electric|169/291 tox|[from] recoil|[of] p1a: Rotom-Wash","|move|p1a: Rotom-Wash|Hydro Pump|p2a: Fighting/Electric","|-damage|p2a: Fighting/Electric|7/291 tox","|","|-heal|p1a: Rotom-Wash|214/304|[from] item: Leftovers","|-damage|p2a: Fighting/Electric|0 fnt|[from] psn","|faint|p2a: Fighting/Electric","|","|win|Void Wiley"],"p1rating":{"entryid":"91212","serverid":"eos","formatid":"monotype","userid":"voidwiley","username":"Void Wiley","w":46,"l":"26","t":"0","gxe":64.7,"r":"1635.1929176036","rd":"45.344567644967","sigma":"0","rptime":"1440752400","rpr":1614.7382493262,"rprd":43.658758515499,"rpsigma":"0","acre":1100.1871406987,"lacre":1100.1871406987,"oldacre":"1076.1581331609"},"p2rating":{"entryid":"114352","serverid":"eos","formatid":"monotype","userid":"voidwho","username":"Void Who","w":"20","l":23,"t":"0","gxe":45.8,"r":"1482.3303756516","rd":"53.744638589529","sigma":"0","rptime":"1440752400","rpr":1468.323746656,"rprd":52.667821805589,"rpsigma":"0","acre":1009.4161981623,"lacre":1009.4161981623,"oldacre":"1020.3977030762"},"endType":"normal"}