{"seed":[41555,49519,16721,27808],"turns":27,"p1":"SWL Jyph","p2":"Emg E4 Zap","p1team":[{"name":"Bisharp","species":"Bisharp","item":"lifeorb","ability":"Defiant","moves":["swordsdance","knockoff","ironhead","suckerpunch"],"nature":"Jolly","evs":{"hp":0,"atk":252,"def":0,"spa":0,"spd":4,"spe":252},"ivs":{"hp":31,"atk":31,"def":31,"spa":31,"spd":31,"spe":31}},{"name":"Heatran","species":"Heatran","item":"leftovers","ability":"Flash Fire","moves":["toxic","stealthrock","lavaplume","earthpower"],"nature":"Calm","evs":{"hp":252,"atk":0,"def":0,"spa":4,"spd":252,"spe":0},"ivs":{"hp":31,"atk":31,"def":31,"spa":31,"spd":31,"spe":31}},{"name":"Skarmory","species":"Skarmory","item":"rockyhelmet","ability":"Sturdy","moves":["spikes","roost","whirlwind","bravebird"],"nature":"Impish","evs":{"hp":248,"atk":0,"def":236,"spa":0,"spd":0,"spe":24},"ivs":{"hp":31,"atk":31,"def":31,"spa":31,"spd":31,"spe":31}},{"name":"Doublade","species":"Doublade","item":"eviolite","ability":"No Guard","moves":["swordsdance","shadowsneak","ironhead","sacredsword"],"nature":"Adamant","evs":{"hp":248,"atk":252,"def":0,"spa":0,"spd":8,"spe":0},"ivs":{"hp":31,"atk":31,"def":31,"spa":31,"spd":31,"spe":31}},{"name":"Excadrill","species":"Excadrill","item":"choicescarf","ability":"Mold Breaker","moves":["earthquake","ironhead","rockslide","rapidspin"],"nature":"Jolly","evs":{"hp":0,"atk":252,"def":0,"spa":0,"spd":4,"spe":252},"ivs":{"hp":31,"atk":31,"def":31,"spa":31,"spd":31,"spe":31}},{"name":"Magnezone","species":"Magnezone","item":"choicespecs","ability":"Sturdy","moves":["thunderbolt","flashcannon","voltswitch","hiddenpowerfire"],"nature":"Modest","evs":{"hp":248,"atk":0,"def":0,"spa":252,"spd":8,"spe":0},"ivs":{"hp":31,"atk":30,"def":31,"spa":30,"spd":31,"spe":30}}],"p2team":[{"name":"Azumarill","species":"Azumarill","item":"sitrusberry","ability":"Huge Power","moves":["knockoff","aquajet","bellydrum","playrough"],"nature":"Adamant","evs":{"hp":252,"atk":252,"def":0,"spa":0,"spd":0,"spe":4},"ivs":{"hp":31,"atk":31,"def":31,"spa":31,"spd":31,"spe":31}},{"name":"Whimsicott","species":"Whimsicott","item":"leftovers","ability":"Prankster","moves":["substitute","encore","leechseed","gigadrain"],"nature":"Bold","evs":{"hp":248,"atk":0,"def":252,"spa":8,"spd":0,"spe":0},"ivs":{"hp":31,"atk":30,"def":31,"spa":30,"spd":31,"spe":30}},{"name":"Sylveon","species":"Sylveon","item":"choicespecs","ability":"Pixilate","moves":["hiddenpowerfire","hypervoice","shadowball","psyshock"],"nature":"Calm","evs":{"hp":0,"atk":0,"def":0,"spa":252,"spd":252,"spe":4},"ivs":{"hp":31,"atk":30,"def":31,"spa":30,"spd":31,"spe":30}},{"name":"Klefki","species":"Klefki","item":"lightclay","ability":"Prankster","moves":["reflect","lightscreen","thunderwave","toxic"],"nature":"Bold","evs":{"hp":248,"atk":0,"def":252,"spa":0,"spd":8,"spe":0},"ivs":{"hp":31,"atk":31,"def":31,"spa":31,"spd":31,"spe":31}},{"name":"Slurpuff","species":"Slurpuff","item":"sitrusberry","ability":"Unburden","moves":["bellydrum","playrough","drainpunch","facade"],"nature":"Jolly","evs":{"hp":4,"atk":252,"def":0,"spa":0,"spd":0,"spe":252},"ivs":{"hp":31,"atk":31,"def":31,"spa":31,"spd":31,"spe":31}},{"name":"Diancie","species":"Diancie","item":"diancite","ability":"Clear Body","moves":["diamondstorm","earthpower","protect","moonblast"],"nature":"Hasty","evs":{"hp":0,"atk":4,"def":0,"spa":252,"spd":0,"spe":252},"ivs":{"hp":31,"atk":31,"def":31,"spa":31,"spd":31,"spe":31}}],"log":["|player|p1|SWL Jyph|swljyph.png","|player|p2|Emg E4 Zap|224","|gametype|singles","|gen|6","|tier|Monotype","|rated","|rule|Baton Pass Clause: Limit one Baton Passer, can't pass Spe and other stats simultaneously","|rule|Swagger Clause: Swagger is banned","|rule|Same Type Clause: Pokémon in a team must share a type","|clearpoke","|poke|p1|Bisharp, F","|poke|p1|Heatran, M","|poke|p1|Skarmory, F","|poke|p1|Doublade, M","|poke|p1|Excadrill, F","|poke|p1|Magnezone","|poke|p2|Azumarill, F","|poke|p2|Whimsicott, F","|poke|p2|Sylveon, F","|poke|p2|Klefki, F","|poke|p2|Slurpuff, M","|poke|p2|Diancie","|rule|Sleep Clause Mod: Limit one foe put to sleep","|rule|Species Clause: Limit one of each Pokémon","|rule|OHKO Clause: OHKO moves are banned","|rule|Moody Clause: Moody is banned","|rule|Evasion Moves Clause: Evasion moves are banned","|rule|Endless Battle Clause: Forcing endless battles is banned","|rule|HP Percentage Mod: HP is shown in percentages","|teampreview","|","|start","|switch|p1a: Heatran|Heatran, M|386/386","|switch|p2a: Diancie|Diancie|241/241","|turn|1","|","|switch|p1a: Skarmory|Skarmory, F|333/333","|detailschange|p2a: Diancie|Diancie-Mega","|-mega|p2a: Diancie|Diancie|Diancite","|move|p2a: Diancie|Protect|p2a: Diancie","|-fail|p2a: Diancie","|","|turn|2","|","|move|p2a: Diancie|Moonblast|p1a: Skarmory","|-resisted|p1a: Skarmory","|-damage|p1a: Skarmory|193/333","|-unboost|p1a: Skarmory|spa|1","|move|p1a: Skarmory|Brave Bird|p2a: Diancie","|-resisted|p2a: Diancie","|-damage|p2a: Diancie|187/241","|-damage|p1a: Skarmory|175/333|[from] recoil|[of] p2a: Diancie","|","|turn|3","|","|move|p2a: Diancie|Moonblast|p1a: Skarmory","|-crit|p1a: Skarmory","|-resisted|p1a: Skarmory","|-damage|p1a: Skarmory|0 fnt","|faint|p1a: Skarmory","|","|","|switch|p1a: Excadrill|Excadrill, F|361/361","|-ability|p1a: Excadrill|Mold Breaker","|turn|4","|","|move|p2a: Diancie|Protect|p2a: Diancie","|-singleturn|p2a: Diancie|Protect","|move|p1a: Excadrill|Iron Head|p2a: Diancie","|-activate|p2a: Diancie|Protect","|","|turn|5","|","|switch|p2a: Klefki|Klefki, F|317/317","|move|p1a: Excadrill|Iron Head|p2a: Klefki","|-damage|p2a: Klefki|212/317","|","|turn|6","|","|switch|p1a: Heatran|Heatran, M|386/386","|move|p2a: Klefki|Reflect|p2a: Klefki","|-sidestart|p2: Emg E4 Zap|Reflect","|","|turn|7","|","|switch|p2a: Diancie|Diancie-Mega|187/241","|move|p1a: Heatran|Stealth Rock|p2a: Diancie","|move|p2a: Diancie|Stealth Rock|p1a: Heatran|[from]Magic Bounce","|-sidestart|p1: SWL Jyph|move: Stealth Rock","|","|turn|8","|","|move|p2a: Diancie|Earth Power|p1a: Heatran","|-supereffective|p1a: Heatran","|-damage|p1a: Heatran|42/386","|move|p1a: Heatran|Earth Power|p2a: Diancie","|-supereffective|p2a: Diancie","|-damage|p2a: Diancie|25/241","|","|-heal|p1a: Heatran|66/386|[from] item: Leftovers","|turn|9","|","|move|p2a: Diancie|Earth Power|p1a: Heatran","|-crit|p1a: Heatran","|-supereffective|p1a: Heatran","|-damage|p1a: Heatran|0 fnt","|faint|p1a: Heatran","|","|","|switch|p1a: Doublade|Doublade, M|321/321","|-damage|p1a: Doublade|301/321|[from] Stealth Rock","|turn|10","|","|move|p1a: Doublade|Shadow Sneak|p2a: Diancie","|-damage|p2a: Diancie|0 fnt","|faint|p2a: Diancie","|","|","|switch|p2a: Whimsicott|Whimsicott, F|323/323","|turn|11","|","|move|p2a: Whimsicott|Leech Seed|p1a: Doublade","|-start|p1a: Doublade|move: Leech Seed","|move|p1a: Doublade|Iron Head|p2a: Whimsicott","|-supereffective|p2a: Whimsicott","|-damage|p2a: Whimsicott|215/323","|","|-heal|p2a: Whimsicott|235/323|[from] item: Leftovers","|-damage|p1a: Doublade|261/321|[from] Leech Seed|[of] p2a: Whimsicott","|-heal|p2a: Whimsicott|275/323|[silent]","|turn|12","|","|switch|p1a: Magnezone|Magnezone|343/343","|-damage|p1a: Magnezone|322/343|[from] Stealth Rock","|move|p2a: Whimsicott|Substitute|p2a: Whimsicott","|-start|p2a: Whimsicott|Substitute","|-damage|p2a: Whimsicott|195/323","|","|-heal|p2a: Whimsicott|215/323|[from] item: Leftovers","|turn|13","|","|move|p2a: Whimsicott|Leech Seed|p1a: Magnezone","|-start|p1a: Magnezone|move: Leech Seed","|move|p1a: Magnezone|Flash Cannon|p2a: Whimsicott","|-supereffective|p2a: Whimsicott","|-end|p2a: Whimsicott|Substitute","|","|-heal|p2a: Whimsicott|235/323|[from] item: Leftovers","|-damage|p1a: Magnezone|280/343|[from] Leech Seed|[of] p2a: Whimsicott","|-heal|p2a: Whimsicott|277/323|[silent]","|-sideend|p2: Emg E4 Zap|Reflect","|turn|14","|","|move|p2a: Whimsicott|Substitute|p2a: Whimsicott","|-start|p2a: Whimsicott|Substitute","|-damage|p2a: Whimsicott|197/323","|move|p1a: Magnezone|Flash Cannon|p2a: Whimsicott","|-supereffective|p2a: Whimsicott","|-end|p2a: Whimsicott|Substitute","|","|-heal|p2a: Whimsicott|217/323|[from] item: Leftovers","|-damage|p1a: Magnezone|238/343|[from] Leech Seed|[of] p2a: Whimsicott","|-heal|p2a: Whimsicott|259/323|[silent]","|turn|15","|","|switch|p1a: Doublade|Doublade, M|261/321","|-damage|p1a: Doublade|241/321|[from] Stealth Rock","|move|p2a: Whimsicott|Substitute|p2a: Whimsicott","|-start|p2a: Whimsicott|Substitute","|-damage|p2a: Whimsicott|179/323","|","|-heal|p2a: Whimsicott|199/323|[from] item: Leftovers","|turn|16","|","|move|p2a: Whimsicott|Leech Seed|p1a: Doublade","|-start|p1a: Doublade|move: Leech Seed","|move|p1a: Doublade|Iron Head|p2a: Whimsicott","|-supereffective|p2a: Whimsicott","|-end|p2a: Whimsicott|Substitute","|","|-heal|p2a: Whimsicott|219/323|[from] item: Leftovers","|-damage|p1a: Doublade|201/321|[from] Leech Seed|[of] p2a: Whimsicott","|-heal|p2a: Whimsicott|259/323|[silent]","|turn|17","|","|move|p2a: Whimsicott|Substitute|p2a: Whimsicott","|-start|p2a: Whimsicott|Substitute","|-damage|p2a: Whimsicott|179/323","|move|p1a: Doublade|Iron Head|p2a: Whimsicott","|-supereffective|p2a: Whimsicott","|-end|p2a: Whimsicott|Substitute","|","|-heal|p2a: Whimsicott|199/323|[from] item: Leftovers","|-damage|p1a: Doublade|161/321|[from] Leech Seed|[of] p2a: Whimsicott","|-heal|p2a: Whimsicott|239/323|[silent]","|turn|18","|","|switch|p1a: Magnezone|Magnezone|238/343","|-damage|p1a: Magnezone|217/343|[from] Stealth Rock","|move|p2a: Whimsicott|Substitute|p2a: Whimsicott","|-start|p2a: Whimsicott|Substitute","|-damage|p2a: Whimsicott|159/323","|","|-heal|p2a: Whimsicott|179/323|[from] item: Leftovers","|turn|19","|","|move|p2a: Whimsicott|Giga Drain|p1a: Magnezone","|-resisted|p1a: Magnezone","|-damage|p1a: Magnezone|180/343","|-heal|p2a: Whimsicott|198/323|[from] drain|[of] p1a: Magnezone","|move|p1a: Magnezone|Flash Cannon|p2a: Whimsicott","|-supereffective|p2a: Whimsicott","|-end|p2a: Whimsicott|Substitute","|","|-heal|p2a: Whimsicott|218/323|[from] item: Leftovers","|turn|20","|","|move|p2a: Whimsicott|Substitute|p2a: Whimsicott","|-start|p2a: Whimsicott|Substitute","|-damage|p2a: Whimsicott|138/323","|move|p1a: Magnezone|Flash Cannon|p2a: Whimsicott","|-supereffective|p2a: Whimsicott","|-end|p2a: Whimsicott|Substitute","|","|-heal|p2a: Whimsicott|158/323|[from] item: Leftovers","|turn|21","|","|switch|p2a: Slurpuff|Slurpuff, M|306/306","|move|p1a: Magnezone|Flash Cannon|p2a: Slurpuff","|-supereffective|p2a: Slurpuff","|-damage|p2a: Slurpuff|0 fnt","|faint|p2a: Slurpuff","|","|","|switch|p2a: Klefki|Klefki, F|212/317","|turn|22","|","|move|p2a: Klefki|Light Screen|p2a: Klefki","|-sidestart|p2: Emg E4 Zap|move: Light Screen","|move|p1a: Magnezone|Flash Cannon|p2a: Klefki","|-crit|p2a: Klefki","|-damage|p2a: Klefki|0 fnt","|faint|p2a: Klefki","|","|","|switch|p2a: Azumarill|Azumarill, F|404/404","|turn|23","|","|move|p1a: Magnezone|Flash Cannon|p2a: Azumarill","|-damage|p2a: Azumarill|260/404","|move|p2a: Azumarill|Belly Drum|p2a: Azumarill","|-damage|p2a: Azumarill|58/404","|-setboost|p2a: Azumarill|atk|6|[from] move: Belly Drum","|-enditem|p2a: Azumarill|Sitrus Berry|[eat]","|-heal|p2a: Azumarill|159/404|[from] item: Sitrus Berry","|","|turn|24","|","|move|p2a: Azumarill|Aqua Jet|p1a: Magnezone","|-damage|p1a: Magnezone|0 fnt","|faint|p1a: Magnezone","|","|","|switch|p1a: Doublade|Doublade, M|161/321","|-damage|p1a: Doublade|141/321|[from] Stealth Rock","|turn|25","|","|move|p2a: Azumarill|Aqua Jet|p1a: Doublade","|-damage|p1a: Doublade|0 fnt","|faint|p1a: Doublade","|","|","|switch|p1a: Bisharp|Bisharp, F|271/271","|-damage|p1a: Bisharp|255/271|[from] Stealth Rock","|turn|26","|","|move|p1a: Bisharp|Sucker Punch|p2a: Azumarill","|-resisted|p2a: Azumarill","|-damage|p2a: Azumarill|58/404","|-damage|p1a: Bisharp|228/271|[from] item: Life Orb","|move|p2a: Azumarill|Aqua Jet|p1a: Bisharp","|-damage|p1a: Bisharp|0 fnt","|faint|p1a: Bisharp","|","|","|switch|p1a: Excadrill|Excadrill, F|361/361","|-damage|p1a: Excadrill|350/361|[from] Stealth Rock","|-ability|p1a: Excadrill|Mold Breaker","|turn|27","|","|move|p2a: Azumarill|Aqua Jet|p1a: Excadrill","|-supereffective|p1a: Excadrill","|-damage|p1a: Excadrill|0 fnt","|faint|p1a: Excadrill","|","|win|Emg E4 Zap"],"p1rating":{"entryid":"10848","serverid":"eos","formatid":"monotype","userid":"swljyph","username":"SWL Jyph","w":"18","l":14,"t":"0","gxe":55.6,"r":"1545.2766590987","rd":"61.352128734616","sigma":"0","rptime":"1440752400","rpr":1542.6744602918,"rprd":59.749124425034,"rpsigma":"0","acre":1088.9826062884,"lacre":1088.9826062884,"oldacre":"1114.8085493544"},"p2rating":{"entryid":"426329","serverid":"eos","formatid":"monotype","userid":"emge4zap","username":"Emg E4 Zap","w":5,"l":"4","t":"0","gxe":56.5,"r":"1502.9386505054","rd":"96.721110485708","sigma":"0","rptime":"1440752400","rpr":1550.6288275558,"rprd":90.423796598809,"rpsigma":"0","acre":1129.1518329532,"lacre":1129.1518329532,"oldacre":"1103.3258898872"},"endType":"normal"}