{"seed":[47775,54608,14168,39890],"turns":28,"p1":"Aрex✦Loνуxe","p2":"Carnie Wight","p1team":[{"name":"BLADES","species":"excadrill","item":"choiceband","ability":"Sand Rush","moves":["earthquake","ironhead","brickbreak","rockslide"],"nature":"Adamant","evs":{"hp":0,"atk":252,"def":0,"spa":0,"spd":0,"spe":252},"ivs":{"hp":31,"atk":31,"def":31,"spa":31,"spd":31,"spe":31}},{"name":"Hippowdon","species":"Hippowdon","item":"leftovers","ability":"Sand Stream","moves":["stealthrock","slackoff","sandtomb","stockpile"],"nature":"Impish","evs":{"hp":252,"atk":0,"def":252,"spa":0,"spd":0,"spe":0},"gender":"F","ivs":{"hp":31,"atk":31,"def":31,"spa":31,"spd":31,"spe":31}},{"name":"Gliscor","species":"Gliscor","item":"toxicorb","ability":"Poison Heal","moves":["toxic","roost","substitute","taunt"],"nature":"Bold","evs":{"hp":252,"atk":0,"def":252,"spa":0,"spd":0,"spe":4},"ivs":{"hp":31,"atk":31,"def":31,"spa":31,"spd":31,"spe":31}},{"name":"Claydol","species":"Claydol","item":"leftovers","ability":"Levitate","moves":["rapidspin","cosmicpower","powersplit","refresh"],"nature":"Bold","evs":{"hp":244,"atk":0,"def":136,"spa":0,"spd":124,"spe":0},"shiny":true,"ivs":{"hp":31,"atk":31,"def":31,"spa":31,"spd":31,"spe":31}},{"name":"Gastrodon","species":"Gastrodon","item":"leftovers","ability":"Storm Drain","moves":["earthpower","infestation","mirrorcoat","amnesia"],"nature":"","gender":"M","shiny":true,"evs":{"hp":0,"atk":0,"def":0,"spa":0,"spd":0,"spe":0},"ivs":{"hp":31,"atk":31,"def":31,"spa":31,"spd":31,"spe":31}},{"name":"Nidoking","species":"Nidoking","item":"lifeorb","ability":"Sheer Force","moves":["focusblast","earthpower","icebeam","flamethrower"],"nature":"Timid","evs":{"hp":0,"atk":0,"def":0,"spa":252,"spd":0,"spe":252},"shiny":true,"ivs":{"hp":31,"atk":31,"def":31,"spa":31,"spd":31,"spe":31}}],"p2team":[{"name":"Jirachi","species":"Jirachi","item":"choicescarf","ability":"Serene Grace","moves":["ironhead","drainpunch","zenheadbutt","uturn"],"nature":"Jolly","evs":{"hp":0,"atk":252,"def":0,"spa":0,"spd":4,"spe":252},"ivs":{"hp":31,"atk":31,"def":31,"spa":31,"spd":31,"spe":31}},{"name":"Cresselia","species":"Cresselia","item":"leftovers","ability":"Levitate","moves":["moonlight","toxic","psyshock","protect"],"nature":"Calm","evs":{"hp":252,"atk":0,"def":0,"spa":4,"spd":252,"spe":0},"ivs":{"hp":31,"atk":31,"def":31,"spa":31,"spd":31,"spe":31}},{"name":"Reuniclus","species":"Reuniclus","item":"leftovers","ability":"Magic Guard","moves":["psyshock","shadowball","recover","calmmind"],"nature":"Bold","evs":{"hp":252,"atk":0,"def":252,"spa":4,"spd":0,"spe":0},"ivs":{"hp":31,"atk":31,"def":31,"spa":31,"spd":31,"spe":31}},{"name":"Victini","species":"Victini","item":"choicescarf","ability":"Victory Star","moves":["vcreate","boltstrike","uturn","zenheadbutt"],"nature":"Jolly","evs":{"hp":0,"atk":252,"def":0,"spa":0,"spd":4,"spe":252},"ivs":{"hp":31,"atk":31,"def":31,"spa":31,"spd":31,"spe":31}},{"name":"Gardevoir","species":"Gardevoir","item":"gardevoirite","ability":"Synchronize","moves":["hyperbeam","hypervoice","protect","shadowball"],"nature":"Modest","evs":{"hp":248,"atk":0,"def":0,"spa":252,"spd":8,"spe":0},"ivs":{"hp":31,"atk":31,"def":31,"spa":31,"spd":31,"spe":31}},{"name":"Latios","species":"Latios","item":"choicescarf","ability":"Levitate","moves":["icebeam","thunderbolt","dracometeor","hiddenpowerfire"],"nature":"Timid","evs":{"hp":0,"atk":0,"def":0,"spa":252,"spd":4,"spe":252},"ivs":{"hp":31,"atk":30,"def":31,"spa":30,"spd":31,"spe":30}}],"log":["|player|p1|Aрex✦Loνуxe|150","|player|p2|Carnie Wight|96","|gametype|singles","|gen|6","|tier|Monotype","|rated","|rule|Baton Pass Clause: Limit one Baton Passer, can't pass Spe and other stats simultaneously","|rule|Swagger Clause: Swagger is banned","|rule|Same Type Clause: Pokémon in a team must share a type","|clearpoke","|poke|p1|Excadrill, M","|poke|p1|Hippowdon, F","|poke|p1|Gliscor, F","|poke|p1|Claydol, shiny","|poke|p1|Gastrodon, M, shiny","|poke|p1|Nidoking, M, shiny","|poke|p2|Jirachi","|poke|p2|Cresselia, F","|poke|p2|Reuniclus, F","|poke|p2|Victini","|poke|p2|Gardevoir, M","|poke|p2|Latios, M","|rule|Sleep Clause Mod: Limit one foe put to sleep","|rule|Species Clause: Limit one of each Pokémon","|rule|OHKO Clause: OHKO moves are banned","|rule|Moody Clause: Moody is banned","|rule|Evasion Moves Clause: Evasion moves are banned","|rule|Endless Battle Clause: Forcing endless battles is banned","|rule|HP Percentage Mod: HP is shown in percentages","|teampreview","|","|start","|switch|p1a: Hippowdon|Hippowdon, F|420/420","|switch|p2a: Jirachi|Jirachi|341/341","|-weather|Sandstorm","|turn|1","|","|switch|p1a: BLADES|Excadrill, M|361/361","|move|p2a: Jirachi|U-turn|p1a: BLADES","|-resisted|p1a: BLADES","|-damage|p1a: BLADES|307/361","|","|switch|p2a: Latios|Latios, M|301/301","|","|-weather|Sandstorm|[upkeep]","|-damage|p2a: Latios|283/301|[from] sandstorm","|turn|2","|","|move|p1a: BLADES|Iron Head|p2a: Latios","|-damage|p2a: Latios|13/301","|cant|p2a: Latios|flinch","|","|-weather|Sandstorm|[upkeep]","|-damage|p2a: Latios|0 fnt|[from] sandstorm","|faint|p2a: Latios","|","|switch|p2a: Victini|Victini|341/341","|turn|3","|","|move|p1a: BLADES|Iron Head|p2a: Victini","|-resisted|p2a: Victini","|-damage|p2a: Victini|221/341","|cant|p2a: Victini|flinch","|","|-weather|Sandstorm|[upkeep]","|-damage|p2a: Victini|200/341|[from] sandstorm","|turn|4","|","|move|p1a: BLADES|Iron Head|p2a: Victini","|-resisted|p2a: Victini","|-damage|p2a: Victini|83/341","|cant|p2a: Victini|flinch","|","|-weather|Sandstorm|[upkeep]","|-damage|p2a: Victini|62/341|[from] sandstorm","|turn|5","|","|move|p1a: BLADES|Iron Head|p2a: Victini","|-resisted|p2a: Victini","|-damage|p2a: Victini|0 fnt","|faint|p2a: Victini","|","|-weather|none","|","|switch|p2a: Jirachi|Jirachi|341/341","|turn|6","|","|switch|p1a: Hippowdon|Hippowdon, F|420/420","|-weather|Sandstorm","|move|p2a: Jirachi|Drain Punch|p1a: Hippowdon","|-damage|p1a: Hippowdon|368/420","|","|-weather|Sandstorm|[upkeep]","|-heal|p1a: Hippowdon|394/420|[from] item: Leftovers","|turn|7","|","|move|p2a: Jirachi|Drain Punch|p1a: Hippowdon","|-damage|p1a: Hippowdon|342/420","|move|p1a: Hippowdon|Stealth Rock|p2a: Jirachi","|-sidestart|p2: Carnie Wight|move: Stealth Rock","|","|-weather|Sandstorm|[upkeep]","|-heal|p1a: Hippowdon|368/420|[from] item: Leftovers","|turn|8","|","|move|p2a: Jirachi|Drain Punch|p1a: Hippowdon","|-damage|p1a: Hippowdon|318/420","|move|p1a: Hippowdon|Sand Tomb|p2a: Jirachi","|-supereffective|p2a: Jirachi","|-damage|p2a: Jirachi|239/341","|-activate|p2a: Jirachi|move: Sand Tomb|[of] p1a: Hippowdon","|","|-weather|Sandstorm|[upkeep]","|-heal|p1a: Hippowdon|344/420|[from] item: Leftovers","|-damage|p2a: Jirachi|197/341|[from] move: Sand Tomb|[partiallytrapped]","|turn|9","|","|move|p2a: Jirachi|Drain Punch|p1a: Hippowdon","|-damage|p1a: Hippowdon|298/420","|-heal|p2a: Jirachi|220/341|[from] drain|[of] p1a: Hippowdon","|move|p1a: Hippowdon|Sand Tomb|p2a: Jirachi","|-supereffective|p2a: Jirachi","|-damage|p2a: Jirachi|134/341","|","|-weather|Sandstorm|[upkeep]","|-heal|p1a: Hippowdon|324/420|[from] item: Leftovers","|-damage|p2a: Jirachi|92/341|[from] move: Sand Tomb|[partiallytrapped]","|turn|10","|","|move|p2a: Jirachi|Drain Punch|p1a: Hippowdon","|-damage|p1a: Hippowdon|278/420","|-heal|p2a: Jirachi|115/341|[from] drain|[of] p1a: Hippowdon","|move|p1a: Hippowdon|Sand Tomb|p2a: Jirachi","|-supereffective|p2a: Jirachi","|-damage|p2a: Jirachi|19/341","|","|-weather|none","|-heal|p1a: Hippowdon|304/420|[from] item: Leftovers","|-damage|p2a: Jirachi|0 fnt|[from] move: Sand Tomb|[partiallytrapped]","|faint|p2a: Jirachi","|","|switch|p2a: Reuniclus|Reuniclus, F|424/424","|turn|11","|","|switch|p1a: Gastrodon|Gastrodon, M, shiny|363/363","|move|p2a: Reuniclus|Calm Mind|p2a: Reuniclus","|-boost|p2a: Reuniclus|spa|1","|-boost|p2a: Reuniclus|spd|1","|","|turn|12","|","|move|p1a: Gastrodon|Amnesia|p1a: Gastrodon","|-boost|p1a: Gastrodon|spd|2","|move|p2a: Reuniclus|Calm Mind|p2a: Reuniclus","|-boost|p2a: Reuniclus|spa|1","|-boost|p2a: Reuniclus|spd|1","|","|turn|13","|","|move|p2a: Reuniclus|Calm Mind|p2a: Reuniclus","|-boost|p2a: Reuniclus|spa|1","|-boost|p2a: Reuniclus|spd|1","|move|p1a: Gastrodon|Mirror Coat|p2a: Reuniclus","|-fail|p2a: Reuniclus","|","|turn|14","|","|move|p1a: Gastrodon|Amnesia|p1a: Gastrodon","|-boost|p1a: Gastrodon|spd|2","|move|p2a: Reuniclus|Calm Mind|p2a: Reuniclus","|-boost|p2a: Reuniclus|spa|1","|-boost|p2a: Reuniclus|spd|1","|","|turn|15","|","|move|p1a: Gastrodon|Amnesia|p1a: Gastrodon","|-boost|p1a: Gastrodon|spd|2","|move|p2a: Reuniclus|Psyshock|p1a: Gastrodon","|-damage|p1a: Gastrodon|0 fnt","|faint|p1a: Gastrodon","|","|","|switch|p1a: BLADES|Excadrill, M|307/361","|turn|16","|","|move|p1a: BLADES|Earthquake|p2a: Reuniclus","|-damage|p2a: Reuniclus|186/424","|move|p2a: Reuniclus|Shadow Ball|p1a: BLADES","|-damage|p1a: BLADES|0 fnt","|faint|p1a: BLADES","|","|-heal|p2a: Reuniclus|212/424|[from] item: Leftovers","|","|switch|p1a: Nidoking|Nidoking, M, shiny|303/303","|turn|17","|","|move|p1a: Nidoking|Ice Beam|p2a: Reuniclus","|-damage|p2a: Reuniclus|157/424","|move|p2a: Reuniclus|Recover|p2a: Reuniclus","|-heal|p2a: Reuniclus|369/424","|","|-heal|p2a: Reuniclus|395/424|[from] item: Leftovers","|turn|18","|","|move|p1a: Nidoking|Earth Power|p2a: Reuniclus","|-damage|p2a: Reuniclus|320/424","|move|p2a: Reuniclus|Psyshock|p1a: Nidoking","|-supereffective|p1a: Nidoking","|-damage|p1a: Nidoking|0 fnt","|faint|p1a: Nidoking","|","|-heal|p2a: Reuniclus|346/424|[from] item: Leftovers","|","|switch|p1a: Claydol|Claydol, shiny|322/322","|turn|19","|","|move|p1a: Claydol|Power Split|p2a: Reuniclus","|-activate|p1a: Claydol|Power Split|[of] p2a: Reuniclus","|move|p2a: Reuniclus|Calm Mind|p2a: Reuniclus","|-boost|p2a: Reuniclus|spa|1","|-boost|p2a: Reuniclus|spd|1","|","|-heal|p2a: Reuniclus|372/424|[from] item: Leftovers","|turn|20","|","|move|p1a: Claydol|Cosmic Power|p1a: Claydol","|-boost|p1a: Claydol|def|1","|-boost|p1a: Claydol|spd|1","|move|p2a: Reuniclus|Calm Mind|p2a: Reuniclus","|-boost|p2a: Reuniclus|spa|1","|-boost|p2a: Reuniclus|spd|1","|","|-heal|p2a: Reuniclus|398/424|[from] item: Leftovers","|turn|21","|","|move|p1a: Claydol|Cosmic Power|p1a: Claydol","|-boost|p1a: Claydol|def|1","|-boost|p1a: Claydol|spd|1","|move|p2a: Reuniclus|Shadow Ball|p1a: Claydol","|-supereffective|p1a: Claydol","|-damage|p1a: Claydol|142/322","|","|-heal|p1a: Claydol|162/322|[from] item: Leftovers","|-heal|p2a: Reuniclus|424/424|[from] item: Leftovers","|turn|22","|","|move|p1a: Claydol|Cosmic Power|p1a: Claydol","|-boost|p1a: Claydol|def|1","|-boost|p1a: Claydol|spd|1","|move|p2a: Reuniclus|Shadow Ball|p1a: Claydol","|-supereffective|p1a: Claydol","|-damage|p1a: Claydol|12/322","|","|-heal|p1a: Claydol|32/322|[from] item: Leftovers","|turn|23","|","|move|p1a: Claydol|Power Split|p2a: Reuniclus","|-activate|p1a: Claydol|Power Split|[of] p2a: Reuniclus","|move|p2a: Reuniclus|Shadow Ball|p1a: Claydol","|-supereffective|p1a: Claydol","|-damage|p1a: Claydol|0 fnt","|faint|p1a: Claydol","|","|","|switch|p1a: Gliscor|Gliscor, F|354/354","|turn|24","|","|move|p1a: Gliscor|Toxic|p2a: Reuniclus","|-status|p2a: Reuniclus|tox","|move|p2a: Reuniclus|Psyshock|p1a: Gliscor","|-damage|p1a: Gliscor|114/354","|","|-status|p1a: Gliscor|tox|[from] item: Toxic Orb","|turn|25","|","|move|p1a: Gliscor|Substitute|p1a: Gliscor","|-start|p1a: Gliscor|Substitute","|-damage|p1a: Gliscor|26/354 tox","|move|p2a: Reuniclus|Psyshock|p1a: Gliscor","|-end|p1a: Gliscor|Substitute","|","|-heal|p1a: Gliscor|70/354 tox|[from] ability: Poison Heal","|turn|26","|","|move|p1a: Gliscor|Roost|p1a: Gliscor","|-heal|p1a: Gliscor|247/354 tox","|move|p2a: Reuniclus|Psyshock|p1a: Gliscor","|-crit|p1a: Gliscor","|-damage|p1a: Gliscor|0 fnt","|faint|p1a: Gliscor","|","|","|switch|p1a: Hippowdon|Hippowdon, F|304/420","|-weather|Sandstorm","|turn|27","|","|switch|p2a: Gardevoir|Gardevoir, M|339/339","|-damage|p2a: Gardevoir|297/339|[from] Stealth Rock","|move|p1a: Hippowdon|Stockpile|p1a: Hippowdon","|-start|p1a: Hippowdon|stockpile1","|-boost|p1a: Hippowdon|def|1","|-boost|p1a: Hippowdon|spd|1","|","|-weather|Sandstorm|[upkeep]","|-damage|p2a: Gardevoir|276/339|[from] sandstorm","|-heal|p1a: Hippowdon|330/420|[from] item: Leftovers","|turn|28","|","|detailschange|p2a: Gardevoir|Gardevoir-Mega, M","|-mega|p2a: Gardevoir|Gardevoir|Gardevoirite","|move|p2a: Gardevoir|Hyper Beam|p1a: Hippowdon","|-damage|p1a: Hippowdon|0 fnt","|faint|p1a: Hippowdon","|","|win|Carnie Wight"],"p1rating":{"entryid":"529626","serverid":"eos","formatid":"monotype","userid":"aexloxe","username":"Aрex✦Loνуxe","w":"8","l":29,"t":"0","gxe":29.1,"r":"1376.3332195735","rd":"65.830845497492","sigma":"0","rptime":"1440752400","rpr":1330.7903078587,"rprd":56.189275141121,"rpsigma":"0","acre":1035.8155856371,"lacre":1035.8155856371,"oldacre":"1052.8544424387"},"p2rating":{"entryid":"506008","serverid":"eos","formatid":"monotype","userid":"carniewight","username":"Carnie Wight","w":3,"l":"1","t":"0","gxe":55,"r":"1456.0407237313","rd":"122.60558199937","sigma":"0","rptime":"1440752400","rpr":1539.1108234448,"rprd":106.2337606925,"rpsigma":"0","acre":1098.1248332132,"lacre":1098.1248332132,"oldacre":"1070.1028089042"},"endType":"normal"}