{"seed":[39285,39013,60430,32203],"turns":29,"p1":"Primal Mamoswine","p2":"Inferno Sasuke","p1team":[{"name":"Galvantula","species":"Galvantula","item":"focussash","ability":"Compound Eyes","moves":["stickyweb","bugbuzz","energyball","discharge"],"nature":"Timid","evs":{"hp":0,"atk":0,"def":0,"spa":252,"spd":4,"spe":252},"ivs":{"hp":31,"atk":31,"def":31,"spa":31,"spd":31,"spe":31}},{"name":"Heliolisk","species":"Heliolisk","item":"choicespecs","ability":"Dry Skin","moves":["thunderbolt","dragonpulse","grassknot","surf"],"nature":"Timid","evs":{"hp":0,"atk":0,"def":0,"spa":252,"spd":4,"spe":252},"ivs":{"hp":31,"atk":31,"def":31,"spa":31,"spd":31,"spe":31}},{"name":"Magnezone","species":"Magnezone","item":"choicescarf","ability":"Sturdy","moves":["thunderbolt","voltswitch","flashcannon","hiddenpowerfire"],"nature":"Timid","evs":{"hp":0,"atk":0,"def":0,"spa":252,"spd":4,"spe":252},"ivs":{"hp":31,"atk":30,"def":31,"spa":30,"spd":31,"spe":30}},{"name":"Thundurus","species":"Thundurus","item":"lifeorb","ability":"Prankster","moves":["thunderwave","hiddenpowerice","thunderbolt","darkpulse"],"nature":"Timid","evs":{"hp":0,"atk":0,"def":0,"spa":252,"spd":4,"spe":252},"ivs":{"hp":31,"atk":30,"def":30,"spa":31,"spd":31,"spe":31}},{"name":"Manectric","species":"Manectric","item":"manectite","ability":"Lightning Rod","moves":["thunderbolt","flamethrower","voltswitch","signalbeam"],"nature":"Timid","evs":{"hp":0,"atk":0,"def":0,"spa":252,"spd":4,"spe":252},"ivs":{"hp":31,"atk":31,"def":31,"spa":31,"spd":31,"spe":31}},{"name":"Rotom-Wash","species":"Rotom-Wash","item":"lightclay","ability":"Levitate","moves":["reflect","lightscreen","hydropump","voltswitch"],"nature":"Calm","evs":{"hp":248,"atk":0,"def":0,"spa":8,"spd":252,"spe":0},"ivs":{"hp":31,"atk":31,"def":31,"spa":31,"spd":31,"spe":31}}],"p2team":[{"name":"Zapdos","species":"Zapdos","item":"leftovers","ability":"Pressure","moves":["heatwave","roost","thunderbolt","discharge"],"nature":"Modest","evs":{"hp":252,"atk":0,"def":0,"spa":252,"spd":4,"spe":0},"shiny":true,"ivs":{"hp":31,"atk":31,"def":31,"spa":31,"spd":31,"spe":31}},{"name":"Raikou","species":"Raikou","item":"leftovers","ability":"Pressure","moves":["substitute","calmmind","thunderbolt","extrasensory"],"nature":"Timid","evs":{"hp":0,"atk":0,"def":0,"spa":252,"spd":4,"spe":252},"shiny":true,"ivs":{"hp":31,"atk":31,"def":31,"spa":31,"spd":31,"spe":31}},{"name":"Magnezone","species":"Magnezone","item":"airballoon","ability":"Sturdy","moves":["flashcannon","thunderbolt","voltswitch","thunder"],"nature":"Modest","evs":{"hp":248,"atk":0,"def":0,"spa":252,"spd":8,"spe":0},"shiny":true,"ivs":{"hp":31,"atk":31,"def":31,"spa":31,"spd":31,"spe":31}},{"name":"Thundurus","species":"Thundurus","item":"lifeorb","ability":"Defiant","moves":["darkpulse","discharge","thunderbolt","nastyplot"],"nature":"Timid","evs":{"hp":0,"atk":0,"def":0,"spa":252,"spd":4,"spe":252},"shiny":true,"ivs":{"hp":31,"atk":31,"def":31,"spa":31,"spd":31,"spe":31}},{"name":"Rotom-Wash","species":"Rotom-Wash","item":"leftovers","ability":"Levitate","moves":["lightscreen","reflect","discharge","hydropump"],"nature":"Modest","evs":{"hp":252,"atk":0,"def":0,"spa":252,"spd":4,"spe":0},"shiny":true,"ivs":{"hp":31,"atk":31,"def":31,"spa":31,"spd":31,"spe":31}},{"name":"Manectric","species":"Manectric","item":"manectite","ability":"Static","moves":["flamethrower","discharge","thunderbolt","voltswitch"],"nature":"Timid","evs":{"hp":0,"atk":0,"def":0,"spa":252,"spd":4,"spe":252},"shiny":true,"ivs":{"hp":31,"atk":31,"def":31,"spa":31,"spd":31,"spe":31}}],"log":["|player|p1|Primal Mamoswine|265","|player|p2|Inferno Sasuke|infernosasuke.png","|gametype|singles","|gen|6","|tier|Monotype","|rated","|rule|Baton Pass Clause: Limit one Baton Passer, can't pass Spe and other stats simultaneously","|rule|Swagger Clause: Swagger is banned","|rule|Same Type Clause: Pokémon in a team must share a type","|clearpoke","|poke|p1|Galvantula, M","|poke|p1|Heliolisk, F","|poke|p1|Magnezone","|poke|p1|Thundurus, M","|poke|p1|Manectric, M","|poke|p1|Rotom-Wash","|poke|p2|Zapdos, shiny","|poke|p2|Raikou, shiny","|poke|p2|Magnezone, shiny","|poke|p2|Thundurus, M, shiny","|poke|p2|Rotom-Wash, shiny","|poke|p2|Manectric, M, shiny","|rule|Sleep Clause Mod: Limit one foe put to sleep","|rule|Species Clause: Limit one of each Pokémon","|rule|OHKO Clause: OHKO moves are banned","|rule|Moody Clause: Moody is banned","|rule|Evasion Moves Clause: Evasion moves are banned","|rule|Endless Battle Clause: Forcing endless battles is banned","|rule|HP Percentage Mod: HP is shown in percentages","|teampreview","|","|start","|switch|p1a: Galvantula|Galvantula, M|281/281","|switch|p2a: Raikou|Raikou, shiny|321/321","|-ability|p2a: Raikou|Pressure","|turn|1","|","|move|p2a: Raikou|Substitute|p2a: Raikou","|-start|p2a: Raikou|Substitute","|-damage|p2a: Raikou|241/321","|move|p1a: Galvantula|Sticky Web|p2a: Raikou","|-sidestart|p2: Inferno Sasuke|move: Sticky Web","|","|-heal|p2a: Raikou|261/321|[from] item: Leftovers","|turn|2","|","|move|p2a: Raikou|Calm Mind|p2a: Raikou","|-boost|p2a: Raikou|spa|1","|-boost|p2a: Raikou|spd|1","|move|p1a: Galvantula|Bug Buzz|p2a: Raikou","|-damage|p2a: Raikou|176/321","|","|-heal|p2a: Raikou|196/321|[from] item: Leftovers","|turn|3","|","|switch|p2a: Magnezone|Magnezone, shiny|343/343","|-item|p2a: Magnezone|Air Balloon","|switch|p1a: Rotom-Wash|Rotom-Wash|303/303","|","|turn|4","|","|move|p1a: Rotom-Wash|Light Screen|p1a: Rotom-Wash","|-sidestart|p1: Primal Mamoswine|move: Light Screen","|move|p2a: Magnezone|Flash Cannon|p1a: Rotom-Wash","|-resisted|p1a: Rotom-Wash","|-damage|p1a: Rotom-Wash|289/303","|","|turn|5","|","|switch|p2a: Thundurus|Thundurus, M, shiny|299/299","|move|p1a: Rotom-Wash|Reflect|p1a: Rotom-Wash","|-sidestart|p1: Primal Mamoswine|Reflect","|","|turn|6","|","|move|p2a: Thundurus|Nasty Plot|p2a: Thundurus","|-boost|p2a: Thundurus|spa|2","|move|p1a: Rotom-Wash|Volt Switch|p2a: Thundurus","|-damage|p2a: Thundurus|197/299","|","|switch|p1a: Thundurus|Thundurus, M|299/299","|","|turn|7","|","|move|p2a: Thundurus|Dark Pulse|p1a: Thundurus","|-damage|p1a: Thundurus|162/299","|-damage|p2a: Thundurus|168/299|[from] item: Life Orb","|move|p1a: Thundurus|Hidden Power|p2a: Thundurus","|-supereffective|p2a: Thundurus","|-damage|p2a: Thundurus|0 fnt","|-damage|p1a: Thundurus|133/299|[from] item: Life Orb","|faint|p2a: Thundurus","|","|","|switch|p2a: Raikou|Raikou, shiny|196/321","|-activate|p2a: Raikou|move: Sticky Web","|-unboost|p2a: Raikou|spe|1","|-ability|p2a: Raikou|Pressure","|turn|8","|","|move|p1a: Thundurus|Dark Pulse|p2a: Raikou","|-damage|p2a: Raikou|79/321","|-damage|p1a: Thundurus|104/299|[from] item: Life Orb","|cant|p2a: Raikou|flinch","|","|-heal|p2a: Raikou|99/321|[from] item: Leftovers","|turn|9","|","|switch|p2a: Magnezone|Magnezone, shiny|343/343","|-item|p2a: Magnezone|Air Balloon","|move|p1a: Thundurus|Dark Pulse|p2a: Magnezone","|-damage|p2a: Magnezone|213/343","|-enditem|p2a: Magnezone|Air Balloon","|-damage|p1a: Thundurus|75/299|[from] item: Life Orb","|","|turn|10","|","|switch|p1a: Rotom-Wash|Rotom-Wash|289/303","|move|p2a: Magnezone|Volt Switch|p1a: Rotom-Wash","|-damage|p1a: Rotom-Wash|244/303","|","|switch|p2a: Zapdos|Zapdos, shiny|384/384","|-ability|p2a: Zapdos|Pressure","|","|turn|11","|","|move|p2a: Zapdos|Thunderbolt|p1a: Rotom-Wash","|-damage|p1a: Rotom-Wash|185/303","|move|p1a: Rotom-Wash|Volt Switch|p2a: Zapdos","|-damage|p2a: Zapdos|281/384","|","|switch|p1a: Thundurus|Thundurus, M|75/299","|","|-heal|p2a: Zapdos|305/384|[from] item: Leftovers","|-sideend|p1: Primal Mamoswine|move: Light Screen","|turn|12","|","|move|p1a: Thundurus|Hidden Power|p2a: Zapdos","|-supereffective|p2a: Zapdos","|-damage|p2a: Zapdos|115/384","|-damage|p1a: Thundurus|46/299|[from] item: Life Orb","|move|p2a: Zapdos|Thunderbolt|p1a: Thundurus","|-damage|p1a: Thundurus|0 fnt","|faint|p1a: Thundurus","|","|-heal|p2a: Zapdos|139/384|[from] item: Leftovers","|-sideend|p1: Primal Mamoswine|Reflect","|","|switch|p1a: Galvantula|Galvantula, M|281/281","|turn|13","|","|move|p1a: Galvantula|Discharge|p2a: Zapdos","|-damage|p2a: Zapdos|1/384","|move|p2a: Zapdos|Roost|p2a: Zapdos","|-heal|p2a: Zapdos|193/384","|","|-heal|p2a: Zapdos|217/384|[from] item: Leftovers","|turn|14","|","|switch|p1a: Magnezone|Magnezone|281/281","|move|p2a: Zapdos|Roost|p2a: Zapdos","|-heal|p2a: Zapdos|384/384","|","|turn|15","|","|move|p1a: Magnezone|Thunderbolt|p2a: Zapdos","|-damage|p2a: Zapdos|204/384","|move|p2a: Zapdos|Heat Wave|p1a: Magnezone","|-supereffective|p1a: Magnezone","|-damage|p1a: Magnezone|23/281","|-status|p1a: Magnezone|brn","|","|-heal|p2a: Zapdos|228/384|[from] item: Leftovers","|-damage|p1a: Magnezone|0 fnt|[from] brn","|faint|p1a: Magnezone","|","|switch|p1a: Manectric|Manectric, M|281/281","|turn|16","|","|detailschange|p1a: Manectric|Manectric-Mega, M","|-mega|p1a: Manectric|Manectric|Manectite","|-ability|p1a: Manectric|Intimidate","|-unboost|p2a: Zapdos|atk|1","|move|p1a: Manectric|Thunderbolt|p2a: Zapdos","|-damage|p2a: Zapdos|53/384","|move|p2a: Zapdos|Roost|p2a: Zapdos","|-heal|p2a: Zapdos|245/384","|","|-heal|p2a: Zapdos|269/384|[from] item: Leftovers","|turn|17","|","|move|p1a: Manectric|Thunderbolt|p2a: Zapdos","|-damage|p2a: Zapdos|86/384","|move|p2a: Zapdos|Thunderbolt|p1a: Manectric","|-resisted|p1a: Manectric","|-damage|p1a: Manectric|175/281","|","|-heal|p2a: Zapdos|110/384|[from] item: Leftovers","|turn|18","|","|move|p1a: Manectric|Thunderbolt|p2a: Zapdos","|-damage|p2a: Zapdos|0 fnt","|faint|p2a: Zapdos","|","|","|switch|p2a: Rotom-Wash|Rotom-Wash, shiny|304/304","|turn|19","|","|move|p1a: Manectric|Thunderbolt|p2a: Rotom-Wash","|-damage|p2a: Rotom-Wash|147/304","|move|p2a: Rotom-Wash|Hydro Pump|p1a: Manectric|[miss]","|-miss|p2a: Rotom-Wash|p1a: Manectric","|","|-heal|p2a: Rotom-Wash|166/304|[from] item: Leftovers","|turn|20","|","|move|p1a: Manectric|Thunderbolt|p2a: Rotom-Wash","|-damage|p2a: Rotom-Wash|4/304","|move|p2a: Rotom-Wash|Hydro Pump|p1a: Manectric","|-damage|p1a: Manectric|0 fnt","|faint|p1a: Manectric","|","|-heal|p2a: Rotom-Wash|23/304|[from] item: Leftovers","|","|switch|p1a: Galvantula|Galvantula, M|281/281","|turn|21","|","|move|p1a: Galvantula|Energy Ball|p2a: Rotom-Wash","|-supereffective|p2a: Rotom-Wash","|-damage|p2a: Rotom-Wash|0 fnt","|faint|p2a: Rotom-Wash","|","|","|switch|p2a: Manectric|Manectric, M, shiny|281/281","|-activate|p2a: Manectric|move: Sticky Web","|-unboost|p2a: Manectric|spe|1","|turn|22","|","|detailschange|p2a: Manectric|Manectric-Mega, M, shiny","|-mega|p2a: Manectric|Manectric|Manectite","|-ability|p2a: Manectric|Intimidate","|-unboost|p1a: Galvantula|atk|1","|move|p1a: Galvantula|Energy Ball|p2a: Manectric","|-damage|p2a: Manectric|169/281","|move|p2a: Manectric|Flamethrower|p1a: Galvantula","|-supereffective|p1a: Galvantula","|-enditem|p1a: Galvantula|Focus Sash","|-damage|p1a: Galvantula|1/281","|","|turn|23","|","|move|p1a: Galvantula|Energy Ball|p2a: Manectric","|-damage|p2a: Manectric|67/281","|move|p2a: Manectric|Thunderbolt|p1a: Galvantula","|-crit|p1a: Galvantula","|-resisted|p1a: Galvantula","|-damage|p1a: Galvantula|0 fnt","|faint|p1a: Galvantula","|","|","|switch|p1a: Heliolisk|Heliolisk, F|265/265","|turn|24","|","|move|p1a: Heliolisk|Dragon Pulse|p2a: Manectric","|-damage|p2a: Manectric|0 fnt","|faint|p2a: Manectric","|","|","|switch|p2a: Magnezone|Magnezone, shiny|213/343","|-activate|p2a: Magnezone|move: Sticky Web","|-unboost|p2a: Magnezone|spe|1","|turn|25","|","|move|p1a: Heliolisk|Dragon Pulse|p2a: Magnezone","|-resisted|p2a: Magnezone","|-damage|p2a: Magnezone|143/343","|move|p2a: Magnezone|Thunderbolt|p1a: Heliolisk","|-resisted|p1a: Heliolisk","|-damage|p1a: Heliolisk|169/265","|","|turn|26","|","|switch|p1a: Rotom-Wash|Rotom-Wash|185/303","|move|p2a: Magnezone|Flash Cannon|p1a: Rotom-Wash","|-resisted|p1a: Rotom-Wash","|-damage|p1a: Rotom-Wash|160/303","|","|turn|27","|","|move|p1a: Rotom-Wash|Light Screen|p1a: Rotom-Wash","|-sidestart|p1: Primal Mamoswine|move: Light Screen","|move|p2a: Magnezone|Thunderbolt|p1a: Rotom-Wash","|-damage|p1a: Rotom-Wash|100/303","|","|turn|28","|","|move|p1a: Rotom-Wash|Hydro Pump|p2a: Magnezone","|-damage|p2a: Magnezone|0 fnt","|faint|p2a: Magnezone","|","|","|switch|p2a: Raikou|Raikou, shiny|99/321","|-activate|p2a: Raikou|move: Sticky Web","|-unboost|p2a: Raikou|spe|1","|-ability|p2a: Raikou|Pressure","|turn|29","|","|move|p2a: Raikou|Extrasensory|p1a: Rotom-Wash","|-damage|p1a: Rotom-Wash|70/303","|move|p1a: Rotom-Wash|Hydro Pump|p2a: Raikou","|-damage|p2a: Raikou|0 fnt","|faint|p2a: Raikou","|","|win|Primal Mamoswine"],"p1rating":{"entryid":"535354","serverid":"eos","formatid":"monotype","userid":"primalmamoswine","username":"Primal Mamoswine","w":6,"l":"4","t":"0","gxe":53.4,"r":"1491.6871061982","rd":"92.351528321643","sigma":"0","rptime":"1440752400","rpr":1526.1639410377,"rprd":87.038945408628,"rpsigma":"0","acre":1122.2488946372,"lacre":1122.2488946372,"oldacre":"1102.1420556543"},"p2rating":{"entryid":"45674","serverid":"eos","formatid":"monotype","userid":"infernosasuke","username":"Inferno Sasuke","w":"30","l":73,"t":"0","gxe":31.6,"r":"1356.5950378132","rd":"37.055776032548","sigma":"0","rptime":"1440752400","rpr":1354.1774343162,"rprd":36.88753969679,"rpsigma":"0","acre":1021.1966879119,"lacre":1021.1966879119,"oldacre":"1033.2508391137"},"endType":"normal"}