{"seed":[14339,8338,58608,22532],"turns":28,"p1":"Erica*07","p2":"Bouki","p1team":[{"name":"Articuno","species":"Articuno","item":"leftovers","ability":"Pressure","moves":["freezedry","healbell","defog","roost"],"nature":"Calm","evs":{"hp":248,"atk":0,"def":0,"spa":0,"spd":244,"spe":16},"ivs":{"hp":31,"atk":0,"def":31,"spa":31,"spd":31,"spe":31}},{"name":"Moltres","species":"Moltres","item":"leftovers","ability":"Pressure","moves":["fireblast","roar","willowisp","roost"],"nature":"Timid","evs":{"hp":248,"atk":0,"def":164,"spa":0,"spd":0,"spe":96},"ivs":{"hp":31,"atk":0,"def":31,"spa":31,"spd":31,"spe":31}},{"name":"Zapdos","species":"Zapdos","item":"leftovers","ability":"Pressure","moves":["voltswitch","heatwave","defog","roost"],"nature":"Bold","evs":{"hp":248,"atk":0,"def":236,"spa":0,"spd":0,"spe":24},"ivs":{"hp":31,"atk":0,"def":31,"spa":31,"spd":31,"spe":31}},{"name":"Landorus-Therian","species":"Landorus-Therian","item":"leftovers","ability":"Intimidate","moves":["earthquake","stoneedge","stealthrock","uturn"],"nature":"Impish","evs":{"hp":252,"atk":0,"def":252,"spa":0,"spd":4,"spe":0},"ivs":{"hp":31,"atk":31,"def":31,"spa":31,"spd":31,"spe":31}},{"name":"Thundurus-Therian","species":"Thundurus-Therian","item":"choicescarf","ability":"Volt Absorb","moves":["voltswitch","focusblast","grassknot","hiddenpowerice"],"nature":"Timid","evs":{"hp":0,"atk":0,"def":4,"spa":252,"spd":0,"spe":252},"ivs":{"hp":31,"atk":0,"def":30,"spa":31,"spd":31,"spe":31}},{"name":"Tornadus-Therian","species":"Tornadus-Therian","item":"lifeorb","ability":"Regenerator","moves":["hurricane","superpower","knockoff","uturn"],"nature":"Naive","evs":{"hp":0,"atk":76,"def":0,"spa":200,"spd":0,"spe":232},"ivs":{"hp":31,"atk":31,"def":31,"spa":31,"spd":31,"spe":31}}],"p2team":[{"name":"Charizard","species":"Charizard","item":"charizarditey","ability":"Blaze","moves":["fireblast","solarbeam","focusblast","roost"],"nature":"Modest","evs":{"hp":0,"atk":0,"def":0,"spa":252,"spd":4,"spe":252},"ivs":{"hp":31,"atk":31,"def":31,"spa":31,"spd":31,"spe":31}},{"name":"Ninetales","species":"Ninetales","item":"heatrock","ability":"Drought","moves":["nastyplot","solarbeam","fireblast","darkpulse"],"nature":"Timid","evs":{"hp":0,"atk":0,"def":0,"spa":252,"spd":4,"spe":252},"ivs":{"hp":31,"atk":31,"def":31,"spa":31,"spd":31,"spe":31}},{"name":"Heatran","species":"Heatran","item":"airballoon","ability":"Flash Fire","moves":["lavaplume","earthpower","roar","flashcannon"],"nature":"Calm","evs":{"hp":252,"atk":0,"def":0,"spa":4,"spd":252,"spe":0},"ivs":{"hp":31,"atk":31,"def":31,"spa":31,"spd":31,"spe":31}},{"name":"Torkoal","species":"Torkoal","item":"leftovers","ability":"Shell Armor","moves":["stealthrock","rapidspin","lavaplume","yawn"],"nature":"Bold","evs":{"hp":252,"atk":0,"def":252,"spa":4,"spd":0,"spe":0},"ivs":{"hp":31,"atk":31,"def":31,"spa":31,"spd":31,"spe":31}},{"name":"Infernape","species":"Infernape","item":"choicescarf","ability":"Blaze","moves":["uturn","closecombat","flareblitz","stoneedge"],"nature":"Jolly","evs":{"hp":0,"atk":252,"def":0,"spa":0,"spd":4,"spe":252},"ivs":{"hp":31,"atk":31,"def":31,"spa":31,"spd":31,"spe":31}},{"name":"Rotom-Heat","species":"Rotom-Heat","item":"choicescarf","ability":"Levitate","moves":["voltswitch","thunderbolt","overheat","trick"],"nature":"Timid","evs":{"hp":0,"atk":0,"def":0,"spa":252,"spd":4,"spe":252},"ivs":{"hp":31,"atk":31,"def":31,"spa":31,"spd":31,"spe":31}}],"log":["|player|p1|Erica*07|erica07.png","|player|p2|Bouki|266","|gametype|singles","|gen|6","|tier|Monotype","|rated","|rule|Baton Pass Clause: Limit one Baton Passer, can't pass Spe and other stats simultaneously","|rule|Swagger Clause: Swagger is banned","|rule|Same Type Clause: Pokémon in a team must share a type","|clearpoke","|poke|p1|Articuno","|poke|p1|Moltres","|poke|p1|Zapdos","|poke|p1|Landorus-Therian, M","|poke|p1|Thundurus-Therian, M","|poke|p1|Tornadus-Therian, M","|poke|p2|Charizard, F","|poke|p2|Ninetales, M","|poke|p2|Heatran, F","|poke|p2|Torkoal, F","|poke|p2|Infernape, M","|poke|p2|Rotom-Heat","|rule|Sleep Clause Mod: Limit one foe put to sleep","|rule|Species Clause: Limit one of each Pokémon","|rule|OHKO Clause: OHKO moves are banned","|rule|Moody Clause: Moody is banned","|rule|Evasion Moves Clause: Evasion moves are banned","|rule|Endless Battle Clause: Forcing endless battles is banned","|rule|HP Percentage Mod: HP is shown in percentages","|teampreview","|","|start","|switch|p1a: Tornadus-Therian|Tornadus-Therian, M|299/299","|switch|p2a: Torkoal|Torkoal, F|344/344","|turn|1","|","|move|p1a: Tornadus-Therian|U-turn|p2a: Torkoal","|-resisted|p2a: Torkoal","|-damage|p2a: Torkoal|322/344","|-damage|p1a: Tornadus-Therian|270/299|[from] item: Life Orb","|","|switch|p1a: Zapdos|Zapdos|383/383","|-ability|p1a: Zapdos|Pressure","|move|p2a: Torkoal|Yawn|p1a: Zapdos","|-start|p1a: Zapdos|move: Yawn|[of] p2a: Torkoal","|","|-heal|p2a: Torkoal|343/344|[from] item: Leftovers","|turn|2","|","|move|p1a: Zapdos|Volt Switch|p2a: Torkoal","|-damage|p2a: Torkoal|208/344","|","|switch|p1a: Landorus-Therian|Landorus-Therian, M|382/382","|-ability|p1a: Landorus-Therian|Intimidate","|-unboost|p2a: Torkoal|atk|1","|move|p2a: Torkoal|Stealth Rock|p1a: Landorus-Therian","|-sidestart|p1: Erica*07|move: Stealth Rock","|","|-heal|p2a: Torkoal|229/344|[from] item: Leftovers","|turn|3","|","|move|p1a: Landorus-Therian|Stealth Rock|p2a: Torkoal","|-sidestart|p2: Bouki|move: Stealth Rock","|move|p2a: Torkoal|Yawn|p1a: Landorus-Therian","|-start|p1a: Landorus-Therian|move: Yawn|[of] p2a: Torkoal","|","|-heal|p2a: Torkoal|250/344|[from] item: Leftovers","|turn|4","|","|move|p1a: Landorus-Therian|U-turn|p2a: Torkoal","|-resisted|p2a: Torkoal","|-damage|p2a: Torkoal|227/344","|","|switch|p1a: Zapdos|Zapdos|383/383","|-damage|p1a: Zapdos|288/383|[from] Stealth Rock","|-ability|p1a: Zapdos|Pressure","|move|p2a: Torkoal|Rapid Spin|p1a: Zapdos","|-damage|p1a: Zapdos|281/383","|-sideend|p2: Bouki|Stealth Rock|[from] move: Rapid Spin|[of] p2a: Torkoal","|","|-heal|p1a: Zapdos|304/383|[from] item: Leftovers","|-heal|p2a: Torkoal|248/344|[from] item: Leftovers","|turn|5","|","|move|p1a: Zapdos|Defog|p2a: Torkoal","|-unboost|p2a: Torkoal|evasion|1","|-sideend|p1: Erica*07|Stealth Rock|[from] move: Defog|[of] p1a: Zapdos","|move|p2a: Torkoal|Yawn|p1a: Zapdos","|-start|p1a: Zapdos|move: Yawn|[of] p2a: Torkoal","|","|-heal|p1a: Zapdos|327/383|[from] item: Leftovers","|-heal|p2a: Torkoal|269/344|[from] item: Leftovers","|turn|6","|","|move|p1a: Zapdos|Volt Switch|p2a: Torkoal","|-damage|p2a: Torkoal|133/344","|","|switch|p1a: Landorus-Therian|Landorus-Therian, M|382/382","|-ability|p1a: Landorus-Therian|Intimidate","|-unboost|p2a: Torkoal|atk|1","|move|p2a: Torkoal|Rapid Spin|p1a: Landorus-Therian","|-damage|p1a: Landorus-Therian|376/382","|","|-heal|p1a: Landorus-Therian|382/382|[from] item: Leftovers","|-heal|p2a: Torkoal|154/344|[from] item: Leftovers","|turn|7","|","|move|p1a: Landorus-Therian|Earthquake|p2a: Torkoal","|-supereffective|p2a: Torkoal","|-damage|p2a: Torkoal|0 fnt","|faint|p2a: Torkoal","|","|","|switch|p2a: Ninetales|Ninetales, M|287/287","|-weather|SunnyDay","|turn|8","|","|switch|p2a: Heatran|Heatran, F|386/386","|-item|p2a: Heatran|Air Balloon","|switch|p1a: Moltres|Moltres|383/383","|-ability|p1a: Moltres|Pressure","|","|-weather|SunnyDay|[upkeep]","|turn|9","|","|switch|p1a: Thundurus-Therian|Thundurus-Therian, M|299/299","|move|p2a: Heatran|Lava Plume|p1a: Thundurus-Therian","|-damage|p1a: Thundurus-Therian|79/299","|-status|p1a: Thundurus-Therian|brn","|","|-weather|SunnyDay|[upkeep]","|-damage|p1a: Thundurus-Therian|42/299 brn|[from] brn","|turn|10","|","|move|p1a: Thundurus-Therian|Volt Switch|p2a: Heatran","|-damage|p2a: Heatran|289/386","|-enditem|p2a: Heatran|Air Balloon","|","|switch|p1a: Moltres|Moltres|383/383","|-ability|p1a: Moltres|Pressure","|move|p2a: Heatran|Lava Plume|p1a: Moltres","|-resisted|p1a: Moltres","|-damage|p1a: Moltres|277/383","|","|-weather|SunnyDay|[upkeep]","|-heal|p1a: Moltres|300/383|[from] item: Leftovers","|turn|11","|","|move|p1a: Moltres|Roost|p1a: Moltres","|-heal|p1a: Moltres|383/383","|move|p2a: Heatran|Lava Plume|p1a: Moltres","|-resisted|p1a: Moltres","|-damage|p1a: Moltres|277/383","|","|-weather|SunnyDay|[upkeep]","|-heal|p1a: Moltres|300/383|[from] item: Leftovers","|turn|12","|","|move|p2a: Heatran|Flash Cannon|p1a: Moltres","|-resisted|p1a: Moltres","|-damage|p1a: Moltres|228/383","|move|p1a: Moltres|Roar|p2a: Heatran","|drag|p2a: Ninetales|Ninetales, M|287/287","|","|-weather|SunnyDay|[upkeep]","|-heal|p1a: Moltres|251/383|[from] item: Leftovers","|turn|13","|","|move|p2a: Ninetales|Dark Pulse|p1a: Moltres","|-damage|p1a: Moltres|173/383","|cant|p1a: Moltres|flinch","|","|-weather|SunnyDay|[upkeep]","|-heal|p1a: Moltres|196/383|[from] item: Leftovers","|turn|14","|","|move|p2a: Ninetales|Dark Pulse|p1a: Moltres","|-damage|p1a: Moltres|122/383","|move|p1a: Moltres|Roost|p1a: Moltres","|-heal|p1a: Moltres|314/383","|","|-weather|SunnyDay|[upkeep]","|-heal|p1a: Moltres|337/383|[from] item: Leftovers","|turn|15","|","|move|p2a: Ninetales|Nasty Plot|p2a: Ninetales","|-boost|p2a: Ninetales|spa|2","|move|p1a: Moltres|Roost|p1a: Moltres","|-heal|p1a: Moltres|383/383","|","|-weather|none","|turn|16","|","|move|p2a: Ninetales|Dark Pulse|p1a: Moltres","|-damage|p1a: Moltres|217/383","|cant|p1a: Moltres|flinch","|","|-heal|p1a: Moltres|240/383|[from] item: Leftovers","|turn|17","|","|move|p2a: Ninetales|Dark Pulse|p1a: Moltres","|-damage|p1a: Moltres|79/383","|move|p1a: Moltres|Roost|p1a: Moltres","|-heal|p1a: Moltres|271/383","|","|-heal|p1a: Moltres|294/383|[from] item: Leftovers","|turn|18","|","|move|p2a: Ninetales|Nasty Plot|p2a: Ninetales","|-boost|p2a: Ninetales|spa|2","|move|p1a: Moltres|Roar|p2a: Ninetales","|drag|p2a: Heatran|Heatran, F|289/386","|","|-heal|p1a: Moltres|317/383|[from] item: Leftovers","|turn|19","|","|move|p1a: Moltres|Roost|p1a: Moltres","|-heal|p1a: Moltres|383/383","|move|p2a: Heatran|Roar|p1a: Moltres","|drag|p1a: Zapdos|Zapdos|327/383","|-ability|p1a: Zapdos|Pressure","|","|-heal|p1a: Zapdos|350/383|[from] item: Leftovers","|turn|20","|","|move|p1a: Zapdos|Volt Switch|p2a: Heatran","|-damage|p2a: Heatran|216/386","|","|switch|p1a: Landorus-Therian|Landorus-Therian, M|382/382","|-ability|p1a: Landorus-Therian|Intimidate","|-unboost|p2a: Heatran|atk|1","|move|p2a: Heatran|Lava Plume|p1a: Landorus-Therian","|-damage|p1a: Landorus-Therian|232/382","|","|-heal|p1a: Landorus-Therian|255/382|[from] item: Leftovers","|turn|21","|","|switch|p2a: Rotom-Heat|Rotom-Heat|241/241","|move|p1a: Landorus-Therian|Stealth Rock|p2a: Rotom-Heat","|-sidestart|p2: Bouki|move: Stealth Rock","|","|-heal|p1a: Landorus-Therian|278/382|[from] item: Leftovers","|turn|22","|","|move|p2a: Rotom-Heat|Overheat|p1a: Landorus-Therian|[miss]","|-miss|p2a: Rotom-Heat|p1a: Landorus-Therian","|move|p1a: Landorus-Therian|U-turn|p2a: Rotom-Heat","|-resisted|p2a: Rotom-Heat","|-damage|p2a: Rotom-Heat|206/241","|","|switch|p1a: Tornadus-Therian|Tornadus-Therian, M|299/299","|","|turn|23","|","|move|p2a: Rotom-Heat|Overheat|p1a: Tornadus-Therian","|-damage|p1a: Tornadus-Therian|64/299","|-unboost|p2a: Rotom-Heat|spa|2","|move|p1a: Tornadus-Therian|U-turn|p2a: Rotom-Heat","|-resisted|p2a: Rotom-Heat","|-damage|p2a: Rotom-Heat|172/241","|-damage|p1a: Tornadus-Therian|35/299|[from] item: Life Orb","|","|switch|p1a: Landorus-Therian|Landorus-Therian, M|278/382","|-ability|p1a: Landorus-Therian|Intimidate","|-unboost|p2a: Rotom-Heat|atk|1","|","|-heal|p1a: Landorus-Therian|301/382|[from] item: Leftovers","|turn|24","|","|move|p2a: Rotom-Heat|Overheat|p1a: Landorus-Therian","|-damage|p1a: Landorus-Therian|187/382","|-unboost|p2a: Rotom-Heat|spa|2","|move|p1a: Landorus-Therian|Stone Edge|p2a: Rotom-Heat","|-supereffective|p2a: Rotom-Heat","|-damage|p2a: Rotom-Heat|0 fnt","|faint|p2a: Rotom-Heat","|","|-heal|p1a: Landorus-Therian|210/382|[from] item: Leftovers","|","|switch|p2a: Ninetales|Ninetales, M|287/287","|-damage|p2a: Ninetales|216/287|[from] Stealth Rock","|-weather|SunnyDay","|turn|25","|","|switch|p1a: Moltres|Moltres|383/383","|-ability|p1a: Moltres|Pressure","|move|p2a: Ninetales|Fire Blast|p1a: Moltres","|-resisted|p1a: Moltres","|-damage|p1a: Moltres|271/383","|","|-weather|SunnyDay|[upkeep]","|-heal|p1a: Moltres|294/383|[from] item: Leftovers","|turn|26","|","|move|p2a: Ninetales|Dark Pulse|p1a: Moltres","|-damage|p1a: Moltres|207/383","|move|p1a: Moltres|Roar|p2a: Ninetales","|drag|p2a: Heatran|Heatran, F|216/386","|-damage|p2a: Heatran|168/386|[from] Stealth Rock","|","|-weather|SunnyDay|[upkeep]","|-heal|p1a: Moltres|230/383|[from] item: Leftovers","|turn|27","|","|move|p1a: Moltres|Roost|p1a: Moltres","|-heal|p1a: Moltres|383/383","|move|p2a: Heatran|Flash Cannon|p1a: Moltres","|-resisted|p1a: Moltres","|-damage|p1a: Moltres|317/383","|","|-weather|SunnyDay|[upkeep]","|-heal|p1a: Moltres|340/383|[from] item: Leftovers","|turn|28","|","|win|Erica*07"],"p1rating":{"entryid":583798,"formatid":"monotype","userid":"erica07","username":"Erica*07","r":1500,"rd":130,"sigma":0,"rpr":1540.1606143388,"rprd":122.8583080769,"rpsigma":0,"rptime":1440752400,"w":1,"l":0,"t":0,"gxe":55,"acre":1040,"lacre":1040,"oldacre":1000},"p2rating":{"entryid":583799,"formatid":"monotype","userid":"bouki","username":"Bouki","r":1500,"rd":130,"sigma":0,"rpr":1459.8393856612,"rprd":122.8583080769,"rpsigma":0,"rptime":1440752400,"w":0,"l":1,"t":0,"gxe":45,"acre":1000,"lacre":1000,"oldacre":1000},"endType":"forfeit"}