{"seed":[19887,2506,53555,27661],"turns":60,"p1":"Vin Prof Gortex","p2":"Crystal Blade64","p1team":[{"name":"Empoleon","species":"Empoleon","item":"leftovers","ability":"Torrent","moves":["stealthrock","defog","icebeam","scald"],"nature":"Calm","evs":{"hp":240,"atk":0,"def":0,"spa":16,"spd":252,"spe":0},"ivs":{"hp":31,"atk":0,"def":31,"spa":31,"spd":31,"spe":31}},{"name":"Quagsire","species":"Quagsire","item":"rockyhelmet","ability":"Unaware","moves":["recover","rockslide","toxic","scald"],"nature":"Bold","evs":{"hp":232,"atk":0,"def":252,"spa":16,"spd":8,"spe":0},"ivs":{"hp":31,"atk":31,"def":31,"spa":31,"spd":31,"spe":31}},{"name":"Lanturn","species":"Lanturn","item":"leftovers","ability":"Volt Absorb","moves":["dazzlinggleam","discharge","healbell","toxic"],"nature":"Calm","evs":{"hp":232,"atk":0,"def":0,"spa":24,"spd":252,"spe":0},"ivs":{"hp":31,"atk":0,"def":31,"spa":31,"spd":31,"spe":31}},{"name":"Gyarados","species":"Gyarados","item":"gyaradosite","ability":"Intimidate","moves":["crunch","icefang","dragondance","earthquake"],"nature":"Adamant","evs":{"hp":128,"atk":252,"def":0,"spa":0,"spd":0,"spe":128},"ivs":{"hp":31,"atk":31,"def":31,"spa":31,"spd":31,"spe":31}},{"name":"Keldeo","species":"Keldeo","item":"leftovers","ability":"Justified","moves":["calmmind","scald","secretsword","substitute"],"nature":"Timid","evs":{"hp":0,"atk":0,"def":0,"spa":252,"spd":4,"spe":252},"ivs":{"hp":31,"atk":0,"def":31,"spa":31,"spd":31,"spe":31}},{"name":"Slowbro","species":"Slowbro","item":"assaultvest","ability":"Regenerator","moves":["scald","psyshock","fireblast","icebeam"],"nature":"Bold","evs":{"hp":252,"atk":0,"def":128,"spa":112,"spd":16,"spe":0},"ivs":{"hp":31,"atk":0,"def":31,"spa":31,"spd":31,"spe":31}}],"p2team":[{"name":"Reckless","species":"staraptor","item":"leftovers","ability":"Intimidate","moves":["bravebird","roost","featherdance","defog"],"nature":"Impish","evs":{"hp":252,"atk":4,"def":252,"spa":0,"spd":0,"spe":0},"ivs":{"hp":31,"atk":31,"def":31,"spa":31,"spd":31,"spe":31}},{"name":"BetterThanYou","species":"ditto","item":"choicescarf","ability":"Imposter","moves":["transform"],"nature":"Bold","evs":{"hp":248,"atk":0,"def":252,"spa":0,"spd":8,"spe":0},"happiness":0,"ivs":{"hp":31,"atk":31,"def":31,"spa":31,"spd":31,"spe":31}},{"name":"Nurse Joy pls","species":"chansey","item":"eviolite","ability":"Natural Cure","moves":["aromatherapy","softboiled","thunderwave","seismictoss"],"nature":"Bold","evs":{"hp":248,"atk":0,"def":252,"spa":0,"spd":8,"spe":0},"ivs":{"hp":31,"atk":31,"def":31,"spa":31,"spd":31,"spe":31}},{"name":"EnergizerBunny","species":"lopunny","item":"lopunnite","ability":"Cute Charm","moves":["fakeout","highjumpkick","icepunch","frustration"],"nature":"Jolly","evs":{"hp":4,"atk":252,"def":0,"spa":0,"spd":0,"spe":252},"happiness":0,"ivs":{"hp":31,"atk":31,"def":31,"spa":31,"spd":31,"spe":31}},{"name":"DownloadFreeRAM","species":"porygon2","item":"eviolite","ability":"Trace","moves":["toxic","recover","icebeam","discharge"],"nature":"Bold","evs":{"hp":248,"atk":0,"def":252,"spa":8,"spd":0,"spe":0},"ivs":{"hp":31,"atk":31,"def":31,"spa":31,"spd":31,"spe":31}},{"name":"Diggersby tho","species":"diggersby","item":"choiceband","ability":"Huge Power","moves":["earthquake","quickattack","frustration","uturn"],"nature":"Adamant","evs":{"hp":4,"atk":252,"def":0,"spa":0,"spd":0,"spe":252},"happiness":0,"ivs":{"hp":31,"atk":31,"def":31,"spa":31,"spd":31,"spe":31}}],"log":["|player|p1|Vin Prof Gortex|102","|player|p2|Crystal Blade64|165","|gametype|singles","|gen|6","|tier|Monotype","|rated","|rule|Baton Pass Clause: Limit one Baton Passer, can't pass Spe and other stats simultaneously","|rule|Swagger Clause: Swagger is banned","|rule|Same Type Clause: Pokémon in a team must share a type","|clearpoke","|poke|p1|Empoleon, F","|poke|p1|Quagsire, M","|poke|p1|Lanturn, M","|poke|p1|Gyarados, M","|poke|p1|Keldeo","|poke|p1|Slowbro, M","|poke|p2|Staraptor, M","|poke|p2|Ditto","|poke|p2|Chansey, F","|poke|p2|Lopunny, M","|poke|p2|Porygon2","|poke|p2|Diggersby, M","|rule|Sleep Clause Mod: Limit one foe put to sleep","|rule|Species Clause: Limit one of each Pokémon","|rule|OHKO Clause: OHKO moves are banned","|rule|Moody Clause: Moody is banned","|rule|Evasion Moves Clause: Evasion moves are banned","|rule|Endless Battle Clause: Forcing endless battles is banned","|rule|HP Percentage Mod: HP is shown in percentages","|teampreview","|","|start","|switch|p1a: Quagsire|Quagsire, M|389/389","|switch|p2a: EnergizerBunny|Lopunny, M|272/272","|turn|1","|","|detailschange|p2a: EnergizerBunny|Lopunny-Mega, M","|-mega|p2a: EnergizerBunny|Lopunny|Lopunnite","|move|p2a: EnergizerBunny|Fake Out|p1a: Quagsire","|-damage|p1a: Quagsire|328/389","|-damage|p2a: EnergizerBunny|227/272|[from] item: Rocky Helmet|[of] p1a: Quagsire","|cant|p1a: Quagsire|flinch","|","|turn|2","|","|switch|p2a: DownloadFreeRAM|Porygon2|373/373","|-ability|p2a: DownloadFreeRAM|Unaware|[from] ability: Trace|[of] p1a: Quagsire","|move|p1a: Quagsire|Scald|p2a: DownloadFreeRAM","|-damage|p2a: DownloadFreeRAM|327/373","|","|turn|3","|","|move|p2a: DownloadFreeRAM|Toxic|p1a: Quagsire","|-status|p1a: Quagsire|tox","|move|p1a: Quagsire|Toxic|p2a: DownloadFreeRAM","|-status|p2a: DownloadFreeRAM|tox","|","|-damage|p2a: DownloadFreeRAM|304/373 tox|[from] psn","|-damage|p1a: Quagsire|304/389 tox|[from] psn","|turn|4","|","|switch|p2a: Diggersby tho|Diggersby, M|312/312","|switch|p1a: Empoleon|Empoleon, F|369/369","|","|turn|5","|","|switch|p1a: Slowbro|Slowbro, M|394/394","|move|p2a: Diggersby tho|Earthquake|p1a: Slowbro","|-damage|p1a: Slowbro|151/394","|","|turn|6","|","|switch|p2a: Nurse Joy pls|Chansey, F|703/703","|switch|p1a: Gyarados|Gyarados, M|363/363","|-ability|p1a: Gyarados|Intimidate","|-unboost|p2a: Nurse Joy pls|atk|1","|","|turn|7","|","|switch|p1a: Quagsire|Quagsire, M|304/389 tox","|switch|p2a: Reckless|Staraptor, M|374/374","|-ability|p2a: Reckless|Intimidate","|-unboost|p1a: Quagsire|atk|1","|","|-damage|p1a: Quagsire|280/389 tox|[from] psn","|turn|8","|","|move|p2a: Reckless|Brave Bird|p1a: Quagsire","|-damage|p1a: Quagsire|156/389 tox","|-damage|p2a: Reckless|312/374|[from] item: Rocky Helmet|[of] p1a: Quagsire","|-damage|p2a: Reckless|271/374|[from] recoil|[of] p1a: Quagsire","|move|p1a: Quagsire|Toxic|p2a: Reckless","|-status|p2a: Reckless|tox","|","|-heal|p2a: Reckless|294/374 tox|[from] item: Leftovers","|-damage|p2a: Reckless|271/374 tox|[from] psn","|-damage|p1a: Quagsire|108/389 tox|[from] psn","|turn|9","|","|switch|p1a: Lanturn|Lanturn, M|449/449","|move|p2a: Reckless|Roost|p2a: Reckless","|-heal|p2a: Reckless|374/374 tox","|","|-damage|p2a: Reckless|328/374 tox|[from] psn","|turn|10","|","|switch|p2a: Nurse Joy pls|Chansey, F|703/703","|move|p1a: Lanturn|Heal Bell|p1a: Lanturn","|-cureteam|p1a: Lanturn|[from] move: HealBell","|","|turn|11","|","|move|p1a: Lanturn|Discharge|p2a: Nurse Joy pls","|-damage|p2a: Nurse Joy pls|652/703","|move|p2a: Nurse Joy pls|Aromatherapy|p2a: Nurse Joy pls","|-cureteam|p2a: Nurse Joy pls|[from] move: Aromatherapy","|","|turn|12","|","|switch|p2a: Diggersby tho|Diggersby, M|312/312","|move|p1a: Lanturn|Toxic|p2a: Diggersby tho","|-status|p2a: Diggersby tho|tox","|","|-damage|p2a: Diggersby tho|293/312 tox|[from] psn","|turn|13","|","|switch|p1a: Gyarados|Gyarados, M|363/363","|-ability|p1a: Gyarados|Intimidate","|-unboost|p2a: Diggersby tho|atk|1","|move|p2a: Diggersby tho|U-turn|p1a: Gyarados","|-resisted|p1a: Gyarados","|-damage|p1a: Gyarados|297/363","|","|switch|p2a: Reckless|Staraptor, M|328/374","|-ability|p2a: Reckless|Intimidate","|-unboost|p1a: Gyarados|atk|1","|","|-heal|p2a: Reckless|351/374|[from] item: Leftovers","|turn|14","|","|switch|p1a: Slowbro|Slowbro, M|282/394","|move|p2a: Reckless|Brave Bird|p1a: Slowbro","|-damage|p1a: Slowbro|153/394","|-damage|p2a: Reckless|308/374|[from] recoil|[of] p1a: Slowbro","|","|-heal|p2a: Reckless|331/374|[from] item: Leftovers","|turn|15","|","|move|p2a: Reckless|Brave Bird|p1a: Slowbro","|-damage|p1a: Slowbro|29/394","|-damage|p2a: Reckless|290/374|[from] recoil|[of] p1a: Slowbro","|move|p1a: Slowbro|Psyshock|p2a: Reckless","|-damage|p2a: Reckless|193/374","|","|-heal|p2a: Reckless|216/374|[from] item: Leftovers","|turn|16","|","|switch|p1a: Lanturn|Lanturn, M|449/449","|move|p2a: Reckless|Brave Bird|p1a: Lanturn","|-resisted|p1a: Lanturn","|-damage|p1a: Lanturn|311/449","|-damage|p2a: Reckless|170/374|[from] recoil|[of] p1a: Lanturn","|","|-heal|p2a: Reckless|193/374|[from] item: Leftovers","|-heal|p1a: Lanturn|339/449|[from] item: Leftovers","|turn|17","|","|switch|p2a: Diggersby tho|Diggersby, M|293/312 tox","|move|p1a: Lanturn|Toxic|p2a: Diggersby tho","|-fail|p2a: Diggersby tho|tox","|","|-heal|p1a: Lanturn|367/449|[from] item: Leftovers","|-damage|p2a: Diggersby tho|274/312 tox|[from] psn","|turn|18","|","|switch|p1a: Quagsire|Quagsire, M|108/389","|move|p2a: Diggersby tho|Earthquake|p1a: Quagsire","|-damage|p1a: Quagsire|0 fnt","|faint|p1a: Quagsire","|","|-damage|p2a: Diggersby tho|236/312 tox|[from] psn","|","|switch|p1a: Gyarados|Gyarados, M|297/363","|-ability|p1a: Gyarados|Intimidate","|-unboost|p2a: Diggersby tho|atk|1","|turn|19","|","|switch|p2a: Reckless|Staraptor, M|193/374","|-ability|p2a: Reckless|Intimidate","|-unboost|p1a: Gyarados|atk|1","|move|p1a: Gyarados|Dragon Dance|p1a: Gyarados","|-boost|p1a: Gyarados|atk|1","|-boost|p1a: Gyarados|spe|1","|","|-heal|p2a: Reckless|216/374|[from] item: Leftovers","|turn|20","|","|move|p1a: Gyarados|Ice Fang|p2a: Reckless","|-supereffective|p2a: Reckless","|-damage|p2a: Reckless|68/374","|move|p2a: Reckless|Roost|p2a: Reckless","|-heal|p2a: Reckless|255/374","|","|-heal|p2a: Reckless|278/374|[from] item: Leftovers","|turn|21","|","|move|p1a: Gyarados|Dragon Dance|p1a: Gyarados","|-boost|p1a: Gyarados|atk|1","|-boost|p1a: Gyarados|spe|1","|move|p2a: Reckless|Feather Dance|p1a: Gyarados","|-unboost|p1a: Gyarados|atk|2","|","|-heal|p2a: Reckless|301/374|[from] item: Leftovers","|turn|22","|","|move|p1a: Gyarados|Ice Fang|p2a: Reckless","|-supereffective|p2a: Reckless","|-damage|p2a: Reckless|199/374","|move|p2a: Reckless|Feather Dance|p1a: Gyarados","|-unboost|p1a: Gyarados|atk|2","|","|-heal|p2a: Reckless|222/374|[from] item: Leftovers","|turn|23","|","|move|p1a: Gyarados|Ice Fang|p2a: Reckless","|-supereffective|p2a: Reckless","|-damage|p2a: Reckless|160/374","|move|p2a: Reckless|Roost|p2a: Reckless","|-heal|p2a: Reckless|347/374","|","|-heal|p2a: Reckless|370/374|[from] item: Leftovers","|turn|24","|","|switch|p1a: Lanturn|Lanturn, M|367/449","|move|p2a: Reckless|Brave Bird|p1a: Lanturn","|-resisted|p1a: Lanturn","|-damage|p1a: Lanturn|246/449","|-damage|p2a: Reckless|330/374|[from] recoil|[of] p1a: Lanturn","|","|-heal|p2a: Reckless|353/374|[from] item: Leftovers","|-heal|p1a: Lanturn|274/449|[from] item: Leftovers","|turn|25","|","|switch|p2a: Nurse Joy pls|Chansey, F|652/703","|move|p1a: Lanturn|Dazzling Gleam|p2a: Nurse Joy pls","|-crit|p2a: Nurse Joy pls","|-damage|p2a: Nurse Joy pls|604/703","|","|-heal|p1a: Lanturn|302/449|[from] item: Leftovers","|turn|26","|","|move|p1a: Lanturn|Discharge|p2a: Nurse Joy pls","|-damage|p2a: Nurse Joy pls|558/703","|-status|p2a: Nurse Joy pls|par","|cant|p2a: Nurse Joy pls|par","|","|-heal|p1a: Lanturn|330/449|[from] item: Leftovers","|turn|27","|","|switch|p1a: Keldeo|Keldeo|323/323","|move|p2a: Nurse Joy pls|Aromatherapy|p2a: Nurse Joy pls","|-cureteam|p2a: Nurse Joy pls|[from] move: Aromatherapy","|","|turn|28","|","|move|p1a: Keldeo|Substitute|p1a: Keldeo","|-start|p1a: Keldeo|Substitute","|-damage|p1a: Keldeo|243/323","|move|p2a: Nurse Joy pls|Thunder Wave|p1a: Keldeo","|-fail|p1a: Keldeo","|","|-heal|p1a: Keldeo|263/323|[from] item: Leftovers","|turn|29","|","|switch|p2a: DownloadFreeRAM|Porygon2|304/373","|-ability|p2a: DownloadFreeRAM|Justified|[from] ability: Trace|[of] p1a: Keldeo","|move|p1a: Keldeo|Calm Mind|p1a: Keldeo","|-boost|p1a: Keldeo|spa|1","|-boost|p1a: Keldeo|spd|1","|","|-heal|p1a: Keldeo|283/323|[from] item: Leftovers","|turn|30","|","|move|p1a: Keldeo|Secret Sword|p2a: DownloadFreeRAM","|-supereffective|p2a: DownloadFreeRAM","|-damage|p2a: DownloadFreeRAM|62/373","|move|p2a: DownloadFreeRAM|Discharge|p1a: Keldeo","|-supereffective|p1a: Keldeo","|-end|p1a: Keldeo|Substitute","|","|-heal|p1a: Keldeo|303/323|[from] item: Leftovers","|turn|31","|","|move|p1a: Keldeo|Substitute|p1a: Keldeo","|-start|p1a: Keldeo|Substitute","|-damage|p1a: Keldeo|223/323","|move|p2a: DownloadFreeRAM|Discharge|p1a: Keldeo","|-supereffective|p1a: Keldeo","|-end|p1a: Keldeo|Substitute","|","|-heal|p1a: Keldeo|243/323|[from] item: Leftovers","|turn|32","|","|move|p1a: Keldeo|Scald|p2a: DownloadFreeRAM","|-damage|p2a: DownloadFreeRAM|0 fnt","|faint|p2a: DownloadFreeRAM","|","|-heal|p1a: Keldeo|263/323|[from] item: Leftovers","|","|switch|p2a: Diggersby tho|Diggersby, M|236/312","|turn|33","|","|switch|p1a: Gyarados|Gyarados, M|297/363","|-ability|p1a: Gyarados|Intimidate","|-unboost|p2a: Diggersby tho|atk|1","|move|p2a: Diggersby tho|Quick Attack|p1a: Gyarados","|-damage|p1a: Gyarados|179/363","|","|turn|34","|","|switch|p2a: Reckless|Staraptor, M|353/374","|-ability|p2a: Reckless|Intimidate","|-unboost|p1a: Gyarados|atk|1","|move|p1a: Gyarados|Ice Fang|p2a: Reckless","|-supereffective|p2a: Reckless","|-damage|p2a: Reckless|253/374","|","|-heal|p2a: Reckless|276/374|[from] item: Leftovers","|turn|35","|","|switch|p1a: Empoleon|Empoleon, F|369/369","|move|p2a: Reckless|Feather Dance|p1a: Empoleon","|-unboost|p1a: Empoleon|atk|2","|","|-heal|p2a: Reckless|299/374|[from] item: Leftovers","|turn|36","|","|switch|p2a: Nurse Joy pls|Chansey, F|558/703","|move|p1a: Empoleon|Stealth Rock|p2a: Nurse Joy pls","|-sidestart|p2: Crystal Blade64|move: Stealth Rock","|","|turn|37","|","|switch|p1a: Lanturn|Lanturn, M|330/449","|move|p2a: Nurse Joy pls|Thunder Wave|p1a: Lanturn","|-heal|p1a: Lanturn|442/449|[from] ability: Volt Absorb|[of] p2a: Nurse Joy pls","|","|-heal|p1a: Lanturn|449/449|[from] item: Leftovers","|turn|38","|","|switch|p2a: Reckless|Staraptor, M|299/374","|-damage|p2a: Reckless|206/374|[from] Stealth Rock","|-ability|p2a: Reckless|Intimidate","|-unboost|p1a: Lanturn|atk|1","|move|p1a: Lanturn|Discharge|p2a: Reckless","|-supereffective|p2a: Reckless","|-damage|p2a: Reckless|0 fnt","|faint|p2a: Reckless","|","|","|switch|p2a: Diggersby tho|Diggersby, M|236/312","|-damage|p2a: Diggersby tho|217/312|[from] Stealth Rock","|turn|39","|","|switch|p1a: Gyarados|Gyarados, M|179/363","|-ability|p1a: Gyarados|Intimidate","|-unboost|p2a: Diggersby tho|atk|1","|move|p2a: Diggersby tho|Frustration|p1a: Gyarados","|-damage|p1a: Gyarados|0 fnt","|faint|p1a: Gyarados","|","|","|switch|p1a: Keldeo|Keldeo|263/323","|turn|40","|","|switch|p2a: EnergizerBunny|Lopunny-Mega, M|227/272","|-damage|p2a: EnergizerBunny|210/272|[from] Stealth Rock","|move|p1a: Keldeo|Secret Sword|p2a: EnergizerBunny","|-supereffective|p2a: EnergizerBunny","|-damage|p2a: EnergizerBunny|0 fnt","|faint|p2a: EnergizerBunny","|","|-heal|p1a: Keldeo|283/323|[from] item: Leftovers","|","|switch|p2a: BetterThanYou|Ditto|299/299","|-damage|p2a: BetterThanYou|262/299|[from] Stealth Rock","|-transform|p2a: BetterThanYou|p1a: Keldeo","|turn|41","|","|switch|p1a: Slowbro|Slowbro, M|160/394","|move|p2a: BetterThanYou|Secret Sword|p1a: Slowbro","|-crit|p1a: Slowbro","|-resisted|p1a: Slowbro","|-damage|p1a: Slowbro|76/394","|","|turn|42","|","|switch|p1a: Lanturn|Lanturn, M|449/449","|move|p2a: BetterThanYou|Secret Sword|p1a: Lanturn","|-damage|p1a: Lanturn|232/449","|","|-heal|p1a: Lanturn|260/449|[from] item: Leftovers","|turn|43","|","|switch|p2a: Diggersby tho|Diggersby, M|217/312","|-damage|p2a: Diggersby tho|198/312|[from] Stealth Rock","|move|p1a: Lanturn|Toxic|p2a: Diggersby tho","|-status|p2a: Diggersby tho|tox","|","|-heal|p1a: Lanturn|288/449|[from] item: Leftovers","|-damage|p2a: Diggersby tho|179/312 tox|[from] psn","|turn|44","|","|move|p2a: Diggersby tho|Quick Attack|p1a: Lanturn","|-damage|p1a: Lanturn|89/449","|move|p1a: Lanturn|Dazzling Gleam|p2a: Diggersby tho","|-damage|p2a: Diggersby tho|109/312 tox","|","|-heal|p1a: Lanturn|117/449|[from] item: Leftovers","|-damage|p2a: Diggersby tho|71/312 tox|[from] psn","|turn|45","|","|move|p2a: Diggersby tho|Quick Attack|p1a: Lanturn","|-damage|p1a: Lanturn|0 fnt","|faint|p1a: Lanturn","|","|-damage|p2a: Diggersby tho|14/312 tox|[from] psn","|","|switch|p1a: Keldeo|Keldeo|283/323","|turn|46","|","|switch|p1a: Empoleon|Empoleon, F|369/369","|move|p2a: Diggersby tho|Quick Attack|p1a: Empoleon","|-resisted|p1a: Empoleon","|-damage|p1a: Empoleon|294/369","|","|-heal|p1a: Empoleon|317/369|[from] item: Leftovers","|-damage|p2a: Diggersby tho|0 fnt|[from] psn","|faint|p2a: Diggersby tho","|","|switch|p2a: Nurse Joy pls|Chansey, F|558/703","|-damage|p2a: Nurse Joy pls|471/703|[from] Stealth Rock","|turn|47","|","|switch|p1a: Slowbro|Slowbro, M|207/394","|move|p2a: Nurse Joy pls|Thunder Wave|p1a: Slowbro","|-status|p1a: Slowbro|par","|","|turn|48","|","|move|p2a: Nurse Joy pls|Soft-Boiled|p2a: Nurse Joy pls","|-heal|p2a: Nurse Joy pls|703/703","|move|p1a: Slowbro|Psyshock|p2a: Nurse Joy pls","|-damage|p2a: Nurse Joy pls|565/703","|","|turn|49","|","|move|p2a: Nurse Joy pls|Seismic Toss|p1a: Slowbro","|-damage|p1a: Slowbro|107/394 par","|move|p1a: Slowbro|Scald|p2a: Nurse Joy pls","|-damage|p2a: Nurse Joy pls|498/703","|","|turn|50","|","|move|p2a: Nurse Joy pls|Seismic Toss|p1a: Slowbro","|-damage|p1a: Slowbro|7/394 par","|cant|p1a: Slowbro|par","|","|turn|51","|","|move|p2a: Nurse Joy pls|Seismic Toss|p1a: Slowbro","|-damage|p1a: Slowbro|0 fnt","|faint|p1a: Slowbro","|","|","|switch|p1a: Keldeo|Keldeo|283/323","|turn|52","|","|switch|p1a: Empoleon|Empoleon, F|317/369","|move|p2a: Nurse Joy pls|Seismic Toss|p1a: Empoleon","|-damage|p1a: Empoleon|217/369","|","|-heal|p1a: Empoleon|240/369|[from] item: Leftovers","|turn|53","|","|move|p1a: Empoleon|Scald|p2a: Nurse Joy pls","|-damage|p2a: Nurse Joy pls|431/703","|-status|p2a: Nurse Joy pls|brn","|move|p2a: Nurse Joy pls|Thunder Wave|p1a: Empoleon","|-status|p1a: Empoleon|par","|","|-heal|p1a: Empoleon|263/369 par|[from] item: Leftovers","|-damage|p2a: Nurse Joy pls|344/703 brn|[from] brn","|turn|54","|","|switch|p1a: Keldeo|Keldeo|283/323","|move|p2a: Nurse Joy pls|Soft-Boiled|p2a: Nurse Joy pls","|-heal|p2a: Nurse Joy pls|696/703 brn","|","|-heal|p1a: Keldeo|303/323|[from] item: Leftovers","|-damage|p2a: Nurse Joy pls|609/703 brn|[from] brn","|turn|55","|","|switch|p2a: BetterThanYou|Ditto|262/299","|-damage|p2a: BetterThanYou|225/299|[from] Stealth Rock","|-transform|p2a: BetterThanYou|p1a: Keldeo","|move|p1a: Keldeo|Substitute|p1a: Keldeo","|-start|p1a: Keldeo|Substitute","|-damage|p1a: Keldeo|223/323","|","|-heal|p1a: Keldeo|243/323|[from] item: Leftovers","|turn|56","|","|move|p2a: BetterThanYou|Secret Sword|p1a: Keldeo","|-end|p1a: Keldeo|Substitute","|move|p1a: Keldeo|Secret Sword|p2a: BetterThanYou","|-damage|p2a: BetterThanYou|63/299","|","|-heal|p1a: Keldeo|263/323|[from] item: Leftovers","|turn|57","|","|move|p2a: BetterThanYou|Secret Sword|p1a: Keldeo","|-damage|p1a: Keldeo|109/323","|move|p1a: Keldeo|Secret Sword|p2a: BetterThanYou","|-damage|p2a: BetterThanYou|0 fnt","|faint|p2a: BetterThanYou","|","|-heal|p1a: Keldeo|129/323|[from] item: Leftovers","|","|switch|p2a: Nurse Joy pls|Chansey, F|609/703","|-damage|p2a: Nurse Joy pls|522/703|[from] Stealth Rock","|turn|58","|","|move|p1a: Keldeo|Substitute|p1a: Keldeo","|-start|p1a: Keldeo|Substitute","|-damage|p1a: Keldeo|49/323","|move|p2a: Nurse Joy pls|Thunder Wave|p1a: Keldeo","|-fail|p1a: Keldeo","|","|-heal|p1a: Keldeo|69/323|[from] item: Leftovers","|turn|59","|","|move|p1a: Keldeo|Calm Mind|p1a: Keldeo","|-boost|p1a: Keldeo|spa|1","|-boost|p1a: Keldeo|spd|1","|move|p2a: Nurse Joy pls|Seismic Toss|p1a: Keldeo","|-end|p1a: Keldeo|Substitute","|","|-heal|p1a: Keldeo|89/323|[from] item: Leftovers","|turn|60","|","|move|p1a: Keldeo|Secret Sword|p2a: Nurse Joy pls","|-supereffective|p2a: Nurse Joy pls","|-damage|p2a: Nurse Joy pls|0 fnt","|faint|p2a: Nurse Joy pls","|","|win|Vin Prof Gortex"],"p1rating":{"entryid":"578346","serverid":"eos","formatid":"monotype","userid":"vinprofgortex","username":"Vin Prof Gortex","w":3,"l":"3","t":"0","gxe":51.1,"r":"1500","rd":"130","sigma":"0","rptime":"1440752400","rpr":1508.4038363053,"rprd":99.203623875024,"rpsigma":"0","acre":1094.3475361651,"lacre":1094.3475361651,"oldacre":"1045.9350608065"},"p2rating":{"entryid":"73557","serverid":"eos","formatid":"monotype","userid":"crystalblade64","username":"Crystal Blade64","w":"19","l":9,"t":"0","gxe":65.1,"r":"1626.324291523","rd":"65.311594647492","sigma":"0","rptime":"1440752400","rpr":1618.7992498274,"rprd":63.604852169295,"rpsigma":"0","acre":1183.1270542662,"lacre":1183.1270542662,"oldacre":"1219.6816104733"},"endType":"normal"}