{"seed":[11072,12837,20244,37007],"turns":20,"p1":"GamingNoah","p2":"lagost","p1team":[{"name":"Infernape","moves":["thunderpunch","stealthrock","machpunch","flareblitz"],"ability":"Iron Fist","evs":{"hp":85,"atk":85,"def":85,"spa":85,"spd":85,"spe":85},"ivs":{"hp":31,"atk":31,"def":31,"spa":31,"spd":31,"spe":31},"item":"Life Orb","level":77,"shiny":false},{"name":"Chesnaught","moves":["spikes","spikyshield","synthesis","woodhammer"],"ability":"Bulletproof","evs":{"hp":85,"atk":85,"def":85,"spa":85,"spd":85,"spe":85},"ivs":{"hp":31,"atk":31,"def":31,"spa":31,"spd":31,"spe":31},"item":"Leftovers","level":77,"shiny":false},{"name":"Glaceon","moves":["wish","toxic","hiddenpowerground","icebeam"],"ability":"Ice Body","evs":{"hp":81,"atk":85,"def":85,"spa":89,"spd":85,"spe":85},"ivs":{"hp":31,"atk":31,"def":31,"spa":30,"spd":30,"spe":31},"item":"Leftovers","level":83,"shiny":false},{"name":"Jynx","moves":["psychic","lovelykiss","substitute","icebeam"],"ability":"Dry Skin","evs":{"hp":85,"atk":85,"def":85,"spa":85,"spd":85,"spe":85},"ivs":{"hp":31,"atk":31,"def":31,"spa":31,"spd":31,"spe":31},"item":"Leftovers","level":81,"shiny":false},{"name":"Skarmory","moves":["bravebird","spikes","roost","whirlwind"],"ability":"Sturdy","evs":{"hp":85,"atk":85,"def":85,"spa":85,"spd":85,"spe":85},"ivs":{"hp":31,"atk":31,"def":31,"spa":31,"spd":31,"spe":31},"item":"Leftovers","level":75,"shiny":false},{"name":"Probopass","moves":["flashcannon","thunderwave","painsplit","powergem"],"ability":"Magnet Pull","evs":{"hp":85,"atk":85,"def":85,"spa":85,"spd":85,"spe":85},"ivs":{"hp":31,"atk":31,"def":31,"spa":31,"spd":31,"spe":31},"item":"Air Balloon","level":83,"shiny":false}],"p2team":[{"name":"Regice","moves":["sleeptalk","thunderbolt","rest","icebeam"],"ability":"Ice Body","evs":{"hp":81,"atk":85,"def":85,"spa":89,"spd":85,"spe":85},"ivs":{"hp":31,"atk":31,"def":31,"spa":31,"spd":31,"spe":31},"item":"Leftovers","level":83,"shiny":false},{"name":"Stunfisk","moves":["scald","earthpower","discharge","toxic"],"ability":"Static","evs":{"hp":85,"atk":85,"def":85,"spa":85,"spd":85,"spe":85},"ivs":{"hp":31,"atk":31,"def":31,"spa":31,"spd":31,"spe":31},"item":"Leftovers","level":83,"shiny":false},{"name":"Moltres","moves":["hiddenpowergrass","roost","toxic","fireblast"],"ability":"Pressure","evs":{"hp":81,"atk":85,"def":85,"spa":89,"spd":85,"spe":85},"ivs":{"hp":31,"atk":30,"def":31,"spa":30,"spd":31,"spe":31},"item":"Leftovers","level":78,"shiny":false},{"name":"Victini","moves":["vcreate","uturn","boltstrike","grassknot"],"ability":"Victory Star","evs":{"hp":85,"atk":85,"def":85,"spa":85,"spd":85,"spe":85},"ivs":{"hp":31,"atk":31,"def":31,"spa":31,"spd":31,"spe":31},"item":"Assault Vest","level":76,"shiny":false},{"name":"Venomoth","moves":["batonpass","sludgebomb","sleeppowder","quiverdance"],"ability":"Tinted Lens","evs":{"hp":81,"atk":85,"def":85,"spa":89,"spd":85,"spe":85},"ivs":{"hp":31,"atk":31,"def":31,"spa":31,"spd":31,"spe":31},"item":"Black Sludge","level":79,"shiny":false},{"name":"Slowbro","moves":["icebeam","psyshock","scald","fireblast"],"ability":"Regenerator","evs":{"hp":85,"atk":85,"def":85,"spa":85,"spd":85,"spe":85},"ivs":{"hp":31,"atk":31,"def":31,"spa":31,"spd":31,"spe":31},"item":"Slowbronite","level":75,"shiny":false}],"log":["|player|p1|GamingNoah|gamingnoah.png","|player|p2|lagost|290","|gametype|singles","|gen|6","|tier|Random Battle","|rated","|rule|Sleep Clause Mod: Limit one foe put to sleep","|rule|HP Percentage Mod: HP is shown in percentages","|","|start","|switch|p1a: Infernape|Infernape, L77, F|244/244","|switch|p2a: Regice|Regice, L83|268/268","|turn|1","|","|switch|p2a: Slowbro|Slowbro, L75, M|266/266","|move|p1a: Infernape|Mach Punch|p2a: Slowbro","|-resisted|p2a: Slowbro","|-damage|p2a: Slowbro|239/266","|-damage|p1a: Infernape|220/244|[from] item: Life Orb","|","|turn|2","|","|detailschange|p2a: Slowbro|Slowbro-Mega, L75, M","|-mega|p2a: Slowbro|Slowbro|Slowbronite","|move|p1a: Infernape|Thunder Punch|p2a: Slowbro","|-supereffective|p2a: Slowbro","|-damage|p2a: Slowbro|153/266","|-damage|p1a: Infernape|196/244|[from] item: Life Orb","|move|p2a: Slowbro|Scald|p1a: Infernape","|-supereffective|p1a: Infernape","|-damage|p1a: Infernape|0 fnt","|faint|p1a: Infernape","|","|","|switch|p1a: Glaceon|Glaceon, L83, M|243/243","|turn|3","|","|switch|p2a: Stunfisk|Stunfisk, L83, M|317/317","|move|p1a: Glaceon|Toxic|p2a: Stunfisk","|-status|p2a: Stunfisk|tox","|","|-damage|p2a: Stunfisk|298/317 tox|[from] psn","|turn|4","|","|move|p1a: Glaceon|Hidden Power|p2a: Stunfisk","|-supereffective|p2a: Stunfisk","|-damage|p2a: Stunfisk|200/317 tox","|move|p2a: Stunfisk|Earth Power|p1a: Glaceon","|-damage|p1a: Glaceon|159/243","|","|-heal|p1a: Glaceon|174/243|[from] item: Leftovers","|-heal|p2a: Stunfisk|219/317 tox|[from] item: Leftovers","|-damage|p2a: Stunfisk|181/317 tox|[from] psn","|turn|5","|","|move|p1a: Glaceon|Wish|p1a: Glaceon","|move|p2a: Stunfisk|Toxic|p1a: Glaceon","|-status|p1a: Glaceon|tox","|","|-heal|p1a: Glaceon|189/243 tox|[from] item: Leftovers","|-heal|p2a: Stunfisk|200/317 tox|[from] item: Leftovers","|-damage|p1a: Glaceon|174/243 tox|[from] psn","|-damage|p2a: Stunfisk|143/317 tox|[from] psn","|turn|6","|","|move|p1a: Glaceon|Ice Beam|p2a: Stunfisk","|-supereffective|p2a: Stunfisk","|-damage|p2a: Stunfisk|0 fnt","|faint|p2a: Stunfisk","|","|-heal|p1a: Glaceon|243/243 tox|[from] move: Wish|[wisher] Glaceon","|-damage|p1a: Glaceon|213/243 tox|[from] psn","|","|switch|p2a: Slowbro|Slowbro-Mega, L75, M|153/266","|turn|7","|","|move|p1a: Glaceon|Toxic|p2a: Slowbro","|-status|p2a: Slowbro|tox","|move|p2a: Slowbro|Fire Blast|p1a: Glaceon","|-supereffective|p1a: Glaceon","|-damage|p1a: Glaceon|69/243 tox","|","|-heal|p1a: Glaceon|84/243 tox|[from] item: Leftovers","|-damage|p1a: Glaceon|39/243 tox|[from] psn","|-damage|p2a: Slowbro|137/266 tox|[from] psn","|turn|8","|","|move|p1a: Glaceon|Hidden Power|p2a: Slowbro","|-damage|p2a: Slowbro|73/266 tox","|move|p2a: Slowbro|Fire Blast|p1a: Glaceon","|-crit|p1a: Glaceon","|-supereffective|p1a: Glaceon","|-damage|p1a: Glaceon|0 fnt","|faint|p1a: Glaceon","|","|-damage|p2a: Slowbro|41/266 tox|[from] psn","|","|switch|p1a: Chesnaught|Chesnaught, L77, M|262/262","|turn|9","|","|move|p1a: Chesnaught|Spiky Shield|p1a: Chesnaught","|-singleturn|p1a: Chesnaught|move: Protect","|move|p2a: Slowbro|Fire Blast|p1a: Chesnaught","|-activate|p1a: Chesnaught|Protect","|","|-damage|p2a: Slowbro|0 fnt|[from] psn","|faint|p2a: Slowbro","|","|switch|p2a: Venomoth|Venomoth, L79, F|239/239","|turn|10","|","|move|p2a: Venomoth|Sludge Bomb|p1a: Chesnaught","|-immune|p1a: Chesnaught|[msg]|[from] Bulletproof","|move|p1a: Chesnaught|Spikes|p2a: Venomoth","|-sidestart|p2: lagost|Spikes","|","|turn|11","|","|switch|p2a: Moltres|Moltres, L78|268/268","|-ability|p2a: Moltres|Pressure","|switch|p1a: Jynx|Jynx, L81, F|238/238","|","|turn|12","|","|move|p1a: Jynx|Lovely Kiss|p2a: Moltres","|-status|p2a: Moltres|slp","|cant|p2a: Moltres|slp","|","|turn|13","|","|move|p1a: Jynx|Psychic|p2a: Moltres","|-damage|p2a: Moltres|151/268 slp","|cant|p2a: Moltres|slp","|","|-heal|p2a: Moltres|167/268 slp|[from] item: Leftovers","|turn|14","|","|move|p1a: Jynx|Psychic|p2a: Moltres","|-damage|p2a: Moltres|55/268 slp","|cant|p2a: Moltres|slp","|","|-heal|p2a: Moltres|71/268 slp|[from] item: Leftovers","|turn|15","|","|move|p1a: Jynx|Psychic|p2a: Moltres","|-damage|p2a: Moltres|0 fnt","|faint|p2a: Moltres","|","|","|switch|p2a: Victini|Victini, L76|277/277","|-damage|p2a: Victini|243/277|[from] Spikes","|turn|16","|","|switch|p1a: Skarmory|Skarmory, L75, F|221/221","|move|p2a: Victini|V-create|p1a: Skarmory","|-supereffective|p1a: Skarmory","|-ability|p1a: Skarmory|Sturdy","|-damage|p1a: Skarmory|1/221","|-unboost|p2a: Victini|spe|1","|-unboost|p2a: Victini|def|1","|-unboost|p2a: Victini|spd|1","|","|-heal|p1a: Skarmory|14/221|[from] item: Leftovers","|turn|17","|","|move|p1a: Skarmory|Brave Bird|p2a: Victini","|-damage|p2a: Victini|96/277","|-damage|p1a: Skarmory|0 fnt|[from] recoil|[of] p2a: Victini","|faint|p1a: Skarmory","|move|p2a: Victini|Bolt Strike|p1: Skarmory|[notarget]","|-notarget","|","|","|switch|p1a: Probopass|Probopass, L83, M|235/235","|-item|p1a: Probopass|Air Balloon","|turn|18","|","|move|p2a: Victini|Grass Knot|p1a: Probopass","|-damage|p1a: Probopass|189/235","|-enditem|p1a: Probopass|Air Balloon","|move|p1a: Probopass|Power Gem|p2a: Victini","|-supereffective|p2a: Victini","|-damage|p2a: Victini|0 fnt","|faint|p2a: Victini","|","|","|switch|p2a: Regice|Regice, L83|268/268","|-damage|p2a: Regice|235/268|[from] Spikes","|turn|19","|","|move|p2a: Regice|Ice Beam|p1a: Probopass","|-resisted|p1a: Probopass","|-damage|p1a: Probopass|160/235","|move|p1a: Probopass|Power Gem|p2a: Regice","|-supereffective|p2a: Regice","|-damage|p2a: Regice|167/268","|","|-heal|p2a: Regice|183/268|[from] item: Leftovers","|turn|20","|","|win|GamingNoah"],"p1rating":{"entryid":"7155128","serverid":"eos","formatid":"randombattle","userid":"gamingnoah","username":"GamingNoah","w":2,"l":"3","t":"0","gxe":45.5,"r":"1429.2250498096","rd":"118.89536530029","sigma":"0","rptime":"1439024400","rpr":1464.3411067574,"rprd":104.08644064038,"rpsigma":"0","acre":1070.1028089042,"lacre":1070.1028089042,"oldacre":"1040"},"p2rating":{"entryid":7496803,"formatid":"randombattle","userid":"lagost","username":"lagost","r":1500,"rd":130,"sigma":0,"rpr":1451.6367567387,"rprd":122.93687185282,"rpsigma":0,"rptime":1439024400,"w":0,"l":1,"t":0,"gxe":44,"acre":1000,"lacre":1000,"oldacre":1000},"endType":"forfeit"}