{"seed":[57951,25801,11847,22017],"turns":20,"p1":"GamingNoah","p2":"GTX♅bookman","p1team":[{"name":"Pinsir","moves":["quickattack","closecombat","swordsdance","earthquake"],"ability":"Moxie","evs":{"hp":81,"atk":89,"def":85,"spa":85,"spd":85,"spe":85},"ivs":{"hp":31,"atk":31,"def":31,"spa":31,"spd":31,"spe":31},"item":"Pinsirite","level":76,"shiny":false},{"name":"Mightyena","moves":["irontail","crunch","suckerpunch","playrough"],"ability":"Intimidate","evs":{"hp":85,"atk":85,"def":85,"spa":85,"spd":85,"spe":85},"ivs":{"hp":31,"atk":31,"def":31,"spa":31,"spd":31,"spe":31},"item":"Expert Belt","level":83,"shiny":false},{"name":"Flygon","moves":["stoneedge","roost","firepunch","outrage"],"ability":"Levitate","evs":{"hp":85,"atk":85,"def":85,"spa":85,"spd":85,"spe":85},"ivs":{"hp":31,"atk":31,"def":31,"spa":31,"spd":31,"spe":31},"item":"Life Orb","level":79,"shiny":false},{"name":"Braviary","moves":["superpower","bravebird","uturn","roost"],"ability":"Defiant","evs":{"hp":81,"atk":89,"def":85,"spa":85,"spd":85,"spe":85},"ivs":{"hp":31,"atk":31,"def":31,"spa":31,"spd":31,"spe":31},"item":"Life Orb","level":79,"shiny":false},{"name":"Abomasnow","moves":["focuspunch","substitute","gigadrain","earthquake"],"ability":"Snow Warning","evs":{"hp":85,"atk":85,"def":85,"spa":85,"spd":85,"spe":85},"ivs":{"hp":31,"atk":31,"def":31,"spa":31,"spd":31,"spe":31},"item":"Leftovers","level":77,"shiny":false},{"name":"Dragonite","moves":["dragondance","roost","earthquake","outrage"],"ability":"Multiscale","evs":{"hp":81,"atk":89,"def":85,"spa":85,"spd":85,"spe":85},"ivs":{"hp":31,"atk":31,"def":31,"spa":31,"spd":31,"spe":31},"item":"Lum Berry","level":75,"shiny":false}],"p2team":[{"name":"Mewtwo","moves":["taunt","stoneedge","bulkup","drainpunch"],"ability":"Unnerve","evs":{"hp":85,"atk":85,"def":85,"spa":85,"spd":85,"spe":85},"ivs":{"hp":31,"atk":31,"def":31,"spa":31,"spd":31,"spe":31},"item":"Mewtwonite X","level":73,"shiny":false},{"name":"Metagross","moves":["agility","explosion","thunderpunch","meteormash"],"ability":"Clear Body","evs":{"hp":85,"atk":85,"def":85,"spa":85,"spd":85,"spe":85},"ivs":{"hp":31,"atk":31,"def":31,"spa":31,"spd":31,"spe":31},"item":"Weakness Policy","level":77,"shiny":false},{"name":"Donphan","moves":["iceshard","stoneedge","rapidspin","earthquake"],"ability":"Sturdy","evs":{"hp":85,"atk":85,"def":85,"spa":85,"spd":85,"spe":85},"ivs":{"hp":31,"atk":31,"def":31,"spa":31,"spd":31,"spe":31},"item":"Assault Vest","level":77,"shiny":false},{"name":"Corsola","moves":["scald","powergem","toxic","stealthrock"],"ability":"Regenerator","evs":{"hp":85,"atk":85,"def":85,"spa":85,"spd":85,"spe":85},"ivs":{"hp":31,"atk":31,"def":31,"spa":31,"spd":31,"spe":31},"item":"Air Balloon","level":83,"shiny":false},{"name":"Ninetales","moves":["fireblast","solarbeam","willowisp","substitute"],"ability":"Drought","evs":{"hp":85,"atk":85,"def":85,"spa":85,"spd":85,"spe":85},"ivs":{"hp":31,"atk":31,"def":31,"spa":31,"spd":31,"spe":31},"item":"Leftovers","level":79,"shiny":false},{"name":"Thundurus-Therian","moves":["thunderbolt","hiddenpowerflying","nastyplot","focusblast"],"ability":"Volt Absorb","evs":{"hp":81,"atk":85,"def":85,"spa":89,"spd":85,"spe":85},"ivs":{"hp":30,"atk":30,"def":30,"spa":30,"spd":30,"spe":31},"item":"Life Orb","level":76,"shiny":false}],"log":["|player|p1|GamingNoah|gamingnoah.png","|player|p2|GTX♅bookman|151","|gametype|singles","|gen|6","|tier|Random Battle","|rated","|rule|Sleep Clause Mod: Limit one foe put to sleep","|rule|HP Percentage Mod: HP is shown in percentages","|","|start","|switch|p1a: Pinsir|Pinsir, L76, F|223/223","|switch|p2a: Mewtwo|Mewtwo, L73|275/275","|-ability|p2a: Mewtwo|Unnerve|p1: GamingNoah","|turn|1","|","|detailschange|p2a: Mewtwo|Mewtwo-Mega-X, L73","|-mega|p2a: Mewtwo|Mewtwo|Mewtwonite X","|detailschange|p1a: Pinsir|Pinsir-Mega, L76, F","|-mega|p1a: Pinsir|Pinsir|Pinsirite","|move|p2a: Mewtwo|Bulk Up|p2a: Mewtwo","|-boost|p2a: Mewtwo|atk|1","|-boost|p2a: Mewtwo|def|1","|move|p1a: Pinsir|Earthquake|p2a: Mewtwo","|-damage|p2a: Mewtwo|220/275","|","|turn|2","|","|move|p2a: Mewtwo|Drain Punch|p1a: Pinsir","|-resisted|p1a: Pinsir","|-damage|p1a: Pinsir|192/223","|-heal|p2a: Mewtwo|236/275|[from] drain|[of] p1a: Pinsir","|move|p1a: Pinsir|Swords Dance|p1a: Pinsir","|-boost|p1a: Pinsir|atk|2","|","|turn|3","|","|move|p1a: Pinsir|Quick Attack|p2a: Mewtwo","|-supereffective|p2a: Mewtwo","|-damage|p2a: Mewtwo|60/275","|move|p2a: Mewtwo|Stone Edge|p1a: Pinsir","|-supereffective|p1a: Pinsir","|-damage|p1a: Pinsir|0 fnt","|faint|p1a: Pinsir","|","|","|switch|p1a: Dragonite|Dragonite, L75, M|259/259","|turn|4","|","|move|p2a: Mewtwo|Drain Punch|p1a: Dragonite","|-resisted|p1a: Dragonite","|-damage|p1a: Dragonite|220/259","|-heal|p2a: Mewtwo|80/275|[from] drain|[of] p1a: Dragonite","|move|p1a: Dragonite|Earthquake|p2a: Mewtwo","|-damage|p2a: Mewtwo|27/275","|","|turn|5","|","|move|p2a: Mewtwo|Stone Edge|p1a: Dragonite","|-supereffective|p1a: Dragonite","|-damage|p1a: Dragonite|0 fnt","|faint|p1a: Dragonite","|","|","|switch|p1a: Mightyena|Mightyena, L83, F|252/252","|-ability|p1a: Mightyena|Intimidate","|-unboost|p2a: Mewtwo|atk|1","|turn|6","|","|move|p1a: Mightyena|Sucker Punch|p2a: Mewtwo","|-damage|p2a: Mewtwo|0 fnt","|faint|p2a: Mewtwo","|","|","|switch|p2a: Metagross|Metagross, L77|250/250","|turn|7","|","|move|p1a: Mightyena|Crunch|p2a: Metagross","|-supereffective|p2a: Metagross","|-damage|p2a: Metagross|84/250","|-enditem|p2a: Metagross|Weakness Policy","|-boost|p2a: Metagross|atk|2|[from] item: Weakness Policy","|-boost|p2a: Metagross|spa|2|[from] item: Weakness Policy","|move|p2a: Metagross|Meteor Mash|p1a: Mightyena|[miss]","|-miss|p2a: Metagross|p1a: Mightyena","|","|turn|8","|","|move|p1a: Mightyena|Crunch|p2a: Metagross","|-supereffective|p2a: Metagross","|-damage|p2a: Metagross|0 fnt","|faint|p2a: Metagross","|","|","|switch|p2a: Donphan|Donphan, L77, F|265/265","|turn|9","|","|move|p1a: Mightyena|Iron Tail|p2a: Donphan","|-damage|p2a: Donphan|208/265","|-unboost|p2a: Donphan|def|1","|move|p2a: Donphan|Stone Edge|p1a: Mightyena","|-damage|p1a: Mightyena|166/252","|","|turn|10","|","|move|p2a: Donphan|Ice Shard|p1a: Mightyena","|-crit|p1a: Mightyena","|-damage|p1a: Mightyena|115/252","|move|p1a: Mightyena|Play Rough|p2a: Donphan","|-damage|p2a: Donphan|130/265","|","|turn|11","|","|move|p1a: Mightyena|Sucker Punch|p2a: Donphan","|-damage|p2a: Donphan|33/265","|move|p2a: Donphan|Earthquake|p1a: Mightyena","|-damage|p1a: Mightyena|0 fnt","|faint|p1a: Mightyena","|","|","|switch|p1a: Flygon|Flygon, L79, M|256/256","|turn|12","|","|move|p1a: Flygon|Fire Punch|p2a: Donphan","|-damage|p2a: Donphan|0 fnt","|-damage|p1a: Flygon|231/256|[from] item: Life Orb","|faint|p2a: Donphan","|","|","|switch|p2a: Corsola|Corsola, L83, F|227/227","|-item|p2a: Corsola|Air Balloon","|turn|13","|","|switch|p1a: Abomasnow|Abomasnow, L77, F|265/265","|-weather|Hail","|move|p2a: Corsola|Power Gem|p1a: Abomasnow","|-supereffective|p1a: Abomasnow","|-damage|p1a: Abomasnow|131/265","|","|-weather|Hail|[upkeep]","|-damage|p2a: Corsola|213/227|[from] hail","|-heal|p1a: Abomasnow|147/265|[from] item: Leftovers","|turn|14","|","|move|p1a: Abomasnow|Giga Drain|p2a: Corsola","|-supereffective|p2a: Corsola","|-damage|p2a: Corsola|0 fnt","|-heal|p1a: Abomasnow|254/265|[from] drain|[of] p2a: Corsola","|-enditem|p2a: Corsola|Air Balloon","|faint|p2a: Corsola","|","|-weather|Hail|[upkeep]","|-heal|p1a: Abomasnow|265/265|[from] item: Leftovers","|","|switch|p2a: Ninetales|Ninetales, L79, F|245/245","|-weather|SunnyDay","|turn|15","|","|move|p2a: Ninetales|Fire Blast|p1a: Abomasnow","|-supereffective|p1a: Abomasnow","|-damage|p1a: Abomasnow|0 fnt","|faint|p1a: Abomasnow","|","|-weather|SunnyDay|[upkeep]","|","|switch|p1a: Flygon|Flygon, L79, M|231/256","|turn|16","|","|move|p1a: Flygon|Stone Edge|p2a: Ninetales|[miss]","|-miss|p1a: Flygon|p2a: Ninetales","|move|p2a: Ninetales|Solar Beam|p1a: Flygon|[still]","|-prepare|p2a: Ninetales|Solar Beam|p1a: Flygon","|-anim|p2a: Ninetales|Solar Beam|p1a: Flygon","|-damage|p1a: Flygon|158/256","|","|-weather|SunnyDay|[upkeep]","|turn|17","|","|move|p1a: Flygon|Stone Edge|p2a: Ninetales","|-supereffective|p2a: Ninetales","|-damage|p2a: Ninetales|45/245","|-damage|p1a: Flygon|133/256|[from] item: Life Orb","|move|p2a: Ninetales|Fire Blast|p1a: Flygon","|-crit|p1a: Flygon","|-resisted|p1a: Flygon","|-damage|p1a: Flygon|22/256","|","|-weather|SunnyDay|[upkeep]","|-heal|p2a: Ninetales|60/245|[from] item: Leftovers","|turn|18","|","|move|p2a: Ninetales|Fire Blast|p1a: Flygon","|-resisted|p1a: Flygon","|-damage|p1a: Flygon|0 fnt","|faint|p1a: Flygon","|","|-weather|SunnyDay|[upkeep]","|-heal|p2a: Ninetales|75/245|[from] item: Leftovers","|","|switch|p1a: Braviary|Braviary, L79, M|287/287","|turn|19","|","|move|p2a: Ninetales|Solar Beam|p1a: Braviary|[still]","|-prepare|p2a: Ninetales|Solar Beam|p1a: Braviary","|-anim|p2a: Ninetales|Solar Beam|p1a: Braviary","|-resisted|p1a: Braviary","|-damage|p1a: Braviary|251/287","|move|p1a: Braviary|Brave Bird|p2a: Ninetales","|-damage|p2a: Ninetales|0 fnt","|-damage|p1a: Braviary|226/287|[from] recoil|[of] p2a: Ninetales","|-damage|p1a: Braviary|198/287|[from] item: Life Orb","|faint|p2a: Ninetales","|","|-weather|none","|","|switch|p2a: Thundurus-Therian|Thundurus-Therian, L76, M|244/244","|turn|20","|","|move|p2a: Thundurus-Therian|Thunderbolt|p1a: Braviary","|-supereffective|p1a: Braviary","|-damage|p1a: Braviary|0 fnt","|-damage|p2a: Thundurus-Therian|220/244|[from] item: Life Orb","|faint|p1a: Braviary","|","|win|GTX♅bookman"],"p1rating":{"entryid":"7155128","serverid":"eos","formatid":"randombattle","userid":"gamingnoah","username":"GamingNoah","w":"0","l":3,"t":"0","gxe":36.5,"r":1429.2250498096,"rd":118.89536530029,"sigma":"0","rptime":1439024400,"rpr":1390.1779882462,"rprd":112.77017871337,"rpsigma":"0","acre":1000,"lacre":1000,"oldacre":"1000"},"p2rating":{"entryid":"6888133","serverid":"eos","formatid":"randombattle","userid":"gtxbookman","username":"Gtx Bookman","w":11,"l":"26","t":"0","gxe":34.1,"r":"1397.7397114476","rd":"64.019684448802","sigma":"0","rptime":"1439024400","rpr":1374.3192900236,"rprd":59.351894821582,"rpsigma":"0","acre":1040,"lacre":1040,"oldacre":"1000"},"endType":"normal"}