{"seed":[21459,21280,30335,13900],"turns":21,"p1":"DpxYT","p2":"samuelwade223","p1team":[{"name":"Meganium","moves":["synthesis","leechseed","toxic","gigadrain"],"ability":"Overgrow","evs":{"hp":85,"atk":85,"def":85,"spa":85,"spd":85,"spe":85},"ivs":{"hp":31,"atk":31,"def":31,"spa":31,"spd":31,"spe":31},"item":"Focus Sash","level":83,"shiny":false},{"name":"Illumise","moves":["tailwind","batonpass","uturn","bugbuzz"],"ability":"Prankster","evs":{"hp":81,"atk":85,"def":85,"spa":89,"spd":85,"spe":85},"ivs":{"hp":31,"atk":31,"def":31,"spa":31,"spd":31,"spe":31},"item":"Leftovers","level":83,"shiny":false},{"name":"Steelix","moves":["earthquake","heavyslam","roar","toxic"],"ability":"Sturdy","evs":{"hp":85,"atk":85,"def":85,"spa":85,"spd":85,"spe":85},"ivs":{"hp":31,"atk":31,"def":31,"spa":31,"spd":31,"spe":31},"item":"Steelixite","level":79,"shiny":false},{"name":"Forretress","moves":["toxic","rapidspin","gyroball","spikes"],"ability":"Overcoat","evs":{"hp":85,"atk":170,"def":85,"spa":85,"spd":85,"spe":0},"ivs":{"hp":31,"atk":31,"def":31,"spa":31,"spd":31,"spe":0},"item":"Leftovers","level":77,"shiny":false},{"name":"Zangoose","moves":["knockoff","closecombat","facade","quickattack"],"ability":"Toxic Boost","evs":{"hp":85,"atk":85,"def":85,"spa":85,"spd":85,"spe":85},"ivs":{"hp":31,"atk":31,"def":31,"spa":31,"spd":31,"spe":31},"item":"Toxic Orb","level":81,"shiny":false},{"name":"Tentacruel","moves":["rapidspin","toxicspikes","protect","scald"],"ability":"Clear Body","evs":{"hp":85,"atk":85,"def":85,"spa":85,"spd":85,"spe":85},"ivs":{"hp":31,"atk":31,"def":31,"spa":31,"spd":31,"spe":31},"item":"Black Sludge","level":77,"shiny":false}],"p2team":[{"name":"Pangoro","moves":["superpower","icepunch","knockoff","gunkshot"],"ability":"Iron Fist","evs":{"hp":85,"atk":85,"def":85,"spa":85,"spd":85,"spe":85},"ivs":{"hp":31,"atk":31,"def":31,"spa":31,"spd":31,"spe":31},"item":"Choice Band","level":78,"shiny":false},{"name":"Palkia","moves":["dracometeor","thunderwave","hydropump","fireblast"],"ability":"Pressure","evs":{"hp":85,"atk":85,"def":85,"spa":85,"spd":85,"spe":85},"ivs":{"hp":31,"atk":31,"def":31,"spa":31,"spd":31,"spe":31},"item":"Leftovers","level":73,"shiny":false},{"name":"Floatzel","moves":["substitute","batonpass","brickbreak","waterfall"],"ability":"Water Veil","evs":{"hp":85,"atk":85,"def":85,"spa":85,"spd":85,"spe":85},"ivs":{"hp":31,"atk":31,"def":31,"spa":31,"spd":31,"spe":31},"item":"Leftovers","level":83,"shiny":false},{"name":"Lunatone","moves":["hiddenpowerrock","psychic","toxic","icebeam"],"ability":"Levitate","evs":{"hp":85,"atk":85,"def":85,"spa":85,"spd":85,"spe":85},"ivs":{"hp":31,"atk":31,"def":30,"spa":31,"spd":30,"spe":30},"item":"Life Orb","level":83,"shiny":false},{"name":"Victreebel","moves":["growth","gigadrain","sludgebomb","powerwhip"],"ability":"Chlorophyll","evs":{"hp":85,"atk":85,"def":85,"spa":85,"spd":85,"spe":85},"ivs":{"hp":31,"atk":31,"def":31,"spa":31,"spd":31,"spe":31},"item":"Life Orb","level":82,"shiny":false},{"name":"Goodra","moves":["thunderbolt","sludgebomb","fireblast","dragonpulse"],"ability":"Sap Sipper","evs":{"hp":85,"atk":85,"def":85,"spa":85,"spd":85,"spe":85},"ivs":{"hp":31,"atk":31,"def":31,"spa":31,"spd":31,"spe":31},"item":"Choice Specs","level":77,"shiny":false}],"log":["|player|p1|DpxYT|290","|player|p2|samuelwade223|290","|gametype|singles","|gen|6","|tier|Random Battle","|rated","|rule|Sleep Clause Mod: Limit one foe put to sleep","|rule|HP Percentage Mod: HP is shown in percentages","|","|start","|switch|p1a: Meganium|Meganium, L83, F|268/268","|switch|p2a: Pangoro|Pangoro, L78, F|276/276","|turn|1","|","|move|p1a: Meganium|Leech Seed|p2a: Pangoro","|-start|p2a: Pangoro|move: Leech Seed","|move|p2a: Pangoro|Ice Punch|p1a: Meganium","|-supereffective|p1a: Meganium","|-damage|p1a: Meganium|74/268","|","|-damage|p2a: Pangoro|242/276|[from] Leech Seed|[of] p1a: Meganium","|-heal|p1a: Meganium|108/268|[silent]","|turn|2","|","|move|p1a: Meganium|Synthesis|p1a: Meganium","|-heal|p1a: Meganium|242/268","|move|p2a: Pangoro|Ice Punch|p1a: Meganium","|-crit|p1a: Meganium","|-supereffective|p1a: Meganium","|-damage|p1a: Meganium|0 fnt","|faint|p1a: Meganium","|","|","|switch|p1a: Steelix|Steelix, L79, M|248/248","|turn|3","|","|switch|p2a: Goodra|Goodra, L77, F|265/265","|detailschange|p1a: Steelix|Steelix-Mega, L79, M","|-mega|p1a: Steelix|Steelix|Steelixite","|move|p1a: Steelix|Toxic|p2a: Goodra","|-status|p2a: Goodra|tox","|","|-damage|p2a: Goodra|249/265 tox|[from] psn","|turn|4","|","|move|p2a: Goodra|Fire Blast|p1a: Steelix","|-supereffective|p1a: Steelix","|-damage|p1a: Steelix|36/248","|move|p1a: Steelix|Earthquake|p2a: Goodra","|-damage|p2a: Goodra|105/265 tox","|","|-damage|p2a: Goodra|73/265 tox|[from] psn","|turn|5","|","|switch|p1a: Tentacruel|Tentacruel, L77, M|250/250","|move|p2a: Goodra|Fire Blast|p1a: Tentacruel","|-resisted|p1a: Tentacruel","|-damage|p1a: Tentacruel|205/250","|","|-heal|p1a: Tentacruel|220/250|[from] item: Black Sludge","|-damage|p2a: Goodra|25/265 tox|[from] psn","|turn|6","|","|move|p1a: Tentacruel|Protect|p1a: Tentacruel","|-singleturn|p1a: Tentacruel|Protect","|move|p2a: Goodra|Fire Blast|p1a: Tentacruel","|-activate|p1a: Tentacruel|Protect","|","|-heal|p1a: Tentacruel|235/250|[from] item: Black Sludge","|-damage|p2a: Goodra|0 fnt|[from] psn","|faint|p2a: Goodra","|","|switch|p2a: Victreebel|Victreebel, L82, F|265/265","|turn|7","|","|switch|p1a: Forretress|Forretress, L77, F|242/242","|move|p2a: Victreebel|Giga Drain|p1a: Forretress","|-resisted|p1a: Forretress","|-damage|p1a: Forretress|204/242","|-damage|p2a: Victreebel|239/265|[from] item: Life Orb","|","|-heal|p1a: Forretress|219/242|[from] item: Leftovers","|turn|8","|","|move|p2a: Victreebel|Growth|p2a: Victreebel","|-boost|p2a: Victreebel|atk|1","|-boost|p2a: Victreebel|spa|1","|move|p1a: Forretress|Spikes|p2a: Victreebel","|-sidestart|p2: samuelwade223|Spikes","|","|-heal|p1a: Forretress|234/242|[from] item: Leftovers","|turn|9","|","|move|p2a: Victreebel|Growth|p2a: Victreebel","|-boost|p2a: Victreebel|atk|1","|-boost|p2a: Victreebel|spa|1","|move|p1a: Forretress|Toxic|p2a: Victreebel","|-immune|p2a: Victreebel|[msg]","|","|-heal|p1a: Forretress|242/242|[from] item: Leftovers","|turn|10","|","|move|p2a: Victreebel|Growth|p2a: Victreebel","|-boost|p2a: Victreebel|atk|1","|-boost|p2a: Victreebel|spa|1","|move|p1a: Forretress|Gyro Ball|p2a: Victreebel","|-damage|p2a: Victreebel|164/265","|","|turn|11","|","|move|p2a: Victreebel|Giga Drain|p1a: Forretress","|-resisted|p1a: Forretress","|-damage|p1a: Forretress|154/242","|-heal|p2a: Victreebel|208/265|[from] drain|[of] p1a: Forretress","|-damage|p2a: Victreebel|182/265|[from] item: Life Orb","|move|p1a: Forretress|Gyro Ball|p2a: Victreebel","|-damage|p2a: Victreebel|104/265","|","|-heal|p1a: Forretress|169/242|[from] item: Leftovers","|turn|12","|","|move|p2a: Victreebel|Giga Drain|p1a: Forretress","|-resisted|p1a: Forretress","|-damage|p1a: Forretress|73/242","|-heal|p2a: Victreebel|152/265|[from] drain|[of] p1a: Forretress","|-damage|p2a: Victreebel|126/265|[from] item: Life Orb","|move|p1a: Forretress|Gyro Ball|p2a: Victreebel","|-damage|p2a: Victreebel|59/265","|","|-heal|p1a: Forretress|88/242|[from] item: Leftovers","|turn|13","|","|move|p2a: Victreebel|Giga Drain|p1a: Forretress","|-resisted|p1a: Forretress","|-damage|p1a: Forretress|6/242","|-heal|p2a: Victreebel|100/265|[from] drain|[of] p1a: Forretress","|-damage|p2a: Victreebel|74/265|[from] item: Life Orb","|move|p1a: Forretress|Gyro Ball|p2a: Victreebel","|-damage|p2a: Victreebel|1/265","|","|-heal|p1a: Forretress|21/242|[from] item: Leftovers","|turn|14","|","|move|p2a: Victreebel|Giga Drain|p1a: Forretress","|-resisted|p1a: Forretress","|-damage|p1a: Forretress|0 fnt","|-heal|p2a: Victreebel|12/265|[from] drain|[of] p1a: Forretress","|-damage|p2a: Victreebel|0 fnt|[from] item: Life Orb","|faint|p1a: Forretress","|faint|p2a: Victreebel","|","|","|switch|p1a: Illumise|Illumise, L83, F|243/243","|switch|p2a: Pangoro|Pangoro, L78, F|242/276","|-damage|p2a: Pangoro|208/276|[from] Spikes","|turn|15","|","|move|p1a: Illumise|Tailwind|p1a: Illumise","|-sidestart|p1: DpxYT|move: Tailwind","|move|p2a: Pangoro|Gunk Shot|p1a: Illumise","|-damage|p1a: Illumise|69/243","|","|-heal|p1a: Illumise|84/243|[from] item: Leftovers","|turn|16","|","|move|p1a: Illumise|Bug Buzz|p2a: Pangoro","|-damage|p2a: Pangoro|105/276","|move|p2a: Pangoro|Gunk Shot|p1a: Illumise","|-damage|p1a: Illumise|0 fnt","|faint|p1a: Illumise","|","|","|switch|p1a: Tentacruel|Tentacruel, L77, M|235/250","|turn|17","|","|switch|p2a: Floatzel|Floatzel, L83, F|277/277","|-damage|p2a: Floatzel|243/277|[from] Spikes","|move|p1a: Tentacruel|Scald|p2a: Floatzel","|-resisted|p2a: Floatzel","|-damage|p2a: Floatzel|197/277","|","|-heal|p1a: Tentacruel|250/250|[from] item: Black Sludge","|-heal|p2a: Floatzel|214/277|[from] item: Leftovers","|turn|18","|","|move|p1a: Tentacruel|Toxic Spikes|p2a: Floatzel","|-sidestart|p2: samuelwade223|move: Toxic Spikes","|move|p2a: Floatzel|Brick Break|p1a: Tentacruel","|-resisted|p1a: Tentacruel","|-damage|p1a: Tentacruel|210/250","|","|-heal|p1a: Tentacruel|225/250|[from] item: Black Sludge","|-heal|p2a: Floatzel|231/277|[from] item: Leftovers","|-sideend|p1: DpxYT|move: Tailwind","|turn|19","|","|move|p2a: Floatzel|Substitute|p2a: Floatzel","|-start|p2a: Floatzel|Substitute","|-damage|p2a: Floatzel|162/277","|move|p1a: Tentacruel|Scald|p2a: Floatzel","|-resisted|p2a: Floatzel","|-activate|p2a: Floatzel|Substitute|[damage]","|","|-heal|p2a: Floatzel|179/277|[from] item: Leftovers","|-heal|p1a: Tentacruel|240/250|[from] item: Black Sludge","|turn|20","|","|move|p2a: Floatzel|Baton Pass|p2a: Floatzel","|","|switch|p2a: Lunatone|Lunatone, L83|252/252","|move|p1a: Tentacruel|Scald|p2a: Lunatone","|-crit|p2a: Lunatone","|-supereffective|p2a: Lunatone","|-end|p2a: Lunatone|Substitute","|","|-heal|p1a: Tentacruel|250/250|[from] item: Black Sludge","|turn|21","|player|p2","|","|win|DpxYT"],"p1rating":{"entryid":"5752056","serverid":"eos","formatid":"randombattle","userid":"dpxyt","username":"DpxYT","w":6,"l":"5","t":"0","gxe":53.3,"r":"1478.3595291036","rd":"98.474521301026","sigma":"0","rptime":"1439024400","rpr":1525.4201121395,"rprd":92.149016655924,"rpsigma":"0","acre":1124.4588552772,"lacre":1124.4588552772,"oldacre":"1102.151173574"},"p2rating":{"entryid":"7419911","serverid":"eos","formatid":"randombattle","userid":"samuelwade223","username":"samuelwade223","w":"3","l":5,"t":"0","gxe":43.8,"r":"1474.8966809321","rd":"95.415954433445","sigma":"0","rptime":"1439024400","rpr":1451.7161994415,"rprd":92.2980080024,"rpsigma":"0","acre":1047.0211356294,"lacre":1047.0211356294,"oldacre":"1064.5892233228"},"endType":"forfeit"}