{"seed":[9916,56593,34109,42176],"turns":35,"p1":"worldneedstrife","p2":"mortal jordean","p1team":[{"name":"Aerodactyl","moves":["aerialace","firefang","honeclaws","aquatail"],"ability":"Pressure","evs":{"hp":85,"atk":85,"def":85,"spa":85,"spd":85,"spe":85},"ivs":{"hp":31,"atk":31,"def":31,"spa":31,"spd":31,"spe":31},"item":"Aerodactylite","level":77,"shiny":false},{"name":"Jumpluff","moves":["leechseed","uturn","acrobatics","sleeppowder"],"ability":"Infiltrator","evs":{"hp":81,"atk":89,"def":85,"spa":85,"spd":85,"spe":85},"ivs":{"hp":31,"atk":31,"def":31,"spa":31,"spd":31,"spe":31},"item":"Flying Gem","level":83,"shiny":false},{"name":"Mamoswine","moves":["stealthrock","knockoff","iceshard","superpower"],"ability":"Thick Fat","evs":{"hp":85,"atk":85,"def":85,"spa":85,"spd":85,"spe":85},"ivs":{"hp":31,"atk":31,"def":31,"spa":31,"spd":31,"spe":31},"item":"Life Orb","level":77,"shiny":false},{"name":"Sharpedo","moves":["waterfall","protect","destinybond","crunch"],"ability":"Speed Boost","evs":{"hp":85,"atk":85,"def":85,"spa":85,"spd":85,"spe":85},"ivs":{"hp":31,"atk":31,"def":31,"spa":31,"spd":31,"spe":31},"item":"Leftovers","level":77,"shiny":false},{"name":"Electivire","moves":["flamethrower","icepunch","voltswitch","wildcharge"],"ability":"Motor Drive","evs":{"hp":85,"atk":85,"def":85,"spa":85,"spd":85,"spe":85},"ivs":{"hp":31,"atk":31,"def":31,"spa":31,"spd":31,"spe":31},"item":"Expert Belt","level":81,"shiny":false},{"name":"Samurott","moves":["grassknot","hydropump","superpower","aquajet"],"ability":"Torrent","evs":{"hp":85,"atk":85,"def":85,"spa":85,"spd":85,"spe":85},"ivs":{"hp":31,"atk":31,"def":31,"spa":31,"spd":31,"spe":31},"item":"Expert Belt","level":81,"shiny":false}],"p2team":[{"name":"Umbreon","moves":["batonpass","foulplay","wish","healbell"],"ability":"Synchronize","evs":{"hp":85,"atk":85,"def":85,"spa":85,"spd":85,"spe":85},"ivs":{"hp":31,"atk":31,"def":31,"spa":31,"spd":31,"spe":31},"item":"Leftovers","level":77,"shiny":false},{"name":"Uxie","moves":["yawn","psychic","knockoff","uturn"],"ability":"Levitate","evs":{"hp":85,"atk":85,"def":85,"spa":85,"spd":85,"spe":85},"ivs":{"hp":31,"atk":31,"def":31,"spa":31,"spd":31,"spe":31},"item":"Leftovers","level":79,"shiny":false},{"name":"Bisharp","moves":["suckerpunch","substitute","knockoff","ironhead"],"ability":"Defiant","evs":{"hp":85,"atk":85,"def":85,"spa":85,"spd":85,"spe":85},"ivs":{"hp":31,"atk":31,"def":31,"spa":31,"spd":31,"spe":31},"item":"Leftovers","level":75,"shiny":false},{"name":"Carnivine","moves":["powerwhip","substitute","return","sleeppowder"],"ability":"Levitate","evs":{"hp":85,"atk":85,"def":85,"spa":85,"spd":85,"spe":85},"ivs":{"hp":31,"atk":31,"def":31,"spa":31,"spd":31,"spe":31},"item":"Leftovers","level":83,"shiny":false},{"name":"Toxicroak","moves":["drainpunch","gunkshot","substitute","swordsdance"],"ability":"Dry Skin","evs":{"hp":85,"atk":85,"def":85,"spa":85,"spd":85,"spe":85},"ivs":{"hp":31,"atk":31,"def":31,"spa":31,"spd":31,"spe":31},"item":"Black Sludge","level":77,"shiny":false},{"name":"Seaking","moves":["waterfall","megahorn","drillrun","knockoff"],"ability":"Lightning Rod","evs":{"hp":85,"atk":85,"def":85,"spa":85,"spd":85,"spe":85},"ivs":{"hp":31,"atk":31,"def":31,"spa":31,"spd":31,"spe":31},"item":"Choice Band","level":83,"shiny":false}],"log":["|player|p1|worldneedstrife|170","|player|p2|mortal jordean|229","|gametype|singles","|gen|6","|tier|Random Battle","|rated","|rule|Sleep Clause Mod: Limit one foe put to sleep","|rule|HP Percentage Mod: HP is shown in percentages","|","|start","|switch|p1a: Aerodactyl|Aerodactyl, L77, F|250/250","|switch|p2a: Umbreon|Umbreon, L77, F|273/273","|-ability|p1a: Aerodactyl|Pressure","|turn|1","|","|detailschange|p1a: Aerodactyl|Aerodactyl-Mega, L77, F","|-mega|p1a: Aerodactyl|Aerodactyl|Aerodactylite","|move|p1a: Aerodactyl|Hone Claws|p1a: Aerodactyl","|-boost|p1a: Aerodactyl|atk|1","|-boost|p1a: Aerodactyl|accuracy|1","|move|p2a: Umbreon|Foul Play|p1a: Aerodactyl","|-damage|p1a: Aerodactyl|75/250","|","|turn|2","|","|move|p1a: Aerodactyl|Aerial Ace|p2a: Umbreon","|-damage|p2a: Umbreon|146/273","|move|p2a: Umbreon|Foul Play|p1a: Aerodactyl","|-damage|p1a: Aerodactyl|0 fnt","|faint|p1a: Aerodactyl","|","|-heal|p2a: Umbreon|163/273|[from] item: Leftovers","|","|switch|p1a: Jumpluff|Jumpluff, L83, F|259/259","|turn|3","|","|move|p1a: Jumpluff|Leech Seed|p2a: Umbreon","|-start|p2a: Umbreon|move: Leech Seed","|move|p2a: Umbreon|Foul Play|p1a: Jumpluff","|-damage|p1a: Jumpluff|187/259","|","|-heal|p2a: Umbreon|180/273|[from] item: Leftovers","|-damage|p2a: Umbreon|146/273|[from] Leech Seed|[of] p1a: Jumpluff","|-heal|p1a: Jumpluff|221/259|[silent]","|turn|4","|","|move|p1a: Jumpluff|U-turn|p2a: Umbreon","|-supereffective|p2a: Umbreon","|-damage|p2a: Umbreon|84/273","|","|switch|p1a: Electivire|Electivire, L81, M|254/254","|move|p2a: Umbreon|Baton Pass|p2a: Umbreon","|","|switch|p2a: Carnivine|Carnivine, L83, F|259/259","|","|-damage|p2a: Carnivine|227/259|[from] Leech Seed|[of] p1a: Electivire","|turn|5","|","|move|p1a: Electivire|Volt Switch|p2a: Carnivine","|-resisted|p2a: Carnivine","|-damage|p2a: Carnivine|183/259","|","|switch|p1a: Jumpluff|Jumpluff, L83, F|221/259","|move|p2a: Carnivine|Power Whip|p1a: Jumpluff","|-resisted|p1a: Jumpluff","|-damage|p1a: Jumpluff|185/259","|","|-heal|p2a: Carnivine|199/259|[from] item: Leftovers","|-damage|p2a: Carnivine|167/259|[from] Leech Seed|[of] p1a: Jumpluff","|-heal|p1a: Jumpluff|217/259|[silent]","|turn|6","|","|switch|p2a: Uxie|Uxie, L79|248/248","|move|p1a: Jumpluff|Acrobatics|p2a: Uxie","|-enditem|p1a: Jumpluff|Flying Gem|[from] gem|[move] Acrobatics","|-damage|p2a: Uxie|170/248","|","|-heal|p2a: Uxie|185/248|[from] item: Leftovers","|turn|7","|","|move|p1a: Jumpluff|Sleep Powder|p2a: Uxie","|-status|p2a: Uxie|slp","|cant|p2a: Uxie|slp","|","|-heal|p2a: Uxie|200/248 slp|[from] item: Leftovers","|turn|8","|","|move|p1a: Jumpluff|U-turn|p2a: Uxie","|-supereffective|p2a: Uxie","|-damage|p2a: Uxie|150/248 slp","|","|switch|p1a: Mamoswine|Mamoswine, L77, F|296/296","|cant|p2a: Uxie|slp","|","|-heal|p2a: Uxie|165/248 slp|[from] item: Leftovers","|turn|9","|","|-curestatus|p2a: Uxie|slp","|move|p2a: Uxie|Knock Off|p1a: Mamoswine","|-crit|p1a: Mamoswine","|-damage|p1a: Mamoswine|200/296","|-enditem|p1a: Mamoswine|Life Orb|[from] move: Knock Off|[of] p2a: Uxie","|move|p1a: Mamoswine|Stealth Rock|p2a: Uxie","|-sidestart|p2: mortal jordean|move: Stealth Rock","|","|-heal|p2a: Uxie|180/248|[from] item: Leftovers","|turn|10","|","|move|p2a: Uxie|Psychic|p1a: Mamoswine","|-crit|p1a: Mamoswine","|-damage|p1a: Mamoswine|53/296","|move|p1a: Mamoswine|Knock Off|p2a: Uxie","|-supereffective|p2a: Uxie","|-damage|p2a: Uxie|66/248","|-enditem|p2a: Uxie|Leftovers|[from] move: Knock Off|[of] p1a: Mamoswine","|","|turn|11","|","|switch|p1a: Sharpedo|Sharpedo, L77, F|234/234","|move|p2a: Uxie|Psychic|p1a: Sharpedo","|-immune|p1a: Sharpedo|[msg]","|","|turn|12","|","|move|p1a: Sharpedo|Protect|p1a: Sharpedo","|-singleturn|p1a: Sharpedo|Protect","|move|p2a: Uxie|Knock Off|p1a: Sharpedo","|-activate|p1a: Sharpedo|Protect","|","|-boost|p1a: Sharpedo|spe|1|[from] ability: Speed Boost","|turn|13","|","|move|p1a: Sharpedo|Crunch|p2a: Uxie","|-supereffective|p2a: Uxie","|-damage|p2a: Uxie|0 fnt","|faint|p2a: Uxie","|","|-boost|p1a: Sharpedo|spe|1|[from] ability: Speed Boost","|","|switch|p2a: Umbreon|Umbreon, L77, F|84/273","|-damage|p2a: Umbreon|50/273|[from] Stealth Rock","|turn|14","|","|move|p1a: Sharpedo|Waterfall|p2a: Umbreon","|-damage|p2a: Umbreon|0 fnt","|faint|p2a: Umbreon","|","|-boost|p1a: Sharpedo|spe|1|[from] ability: Speed Boost","|","|switch|p2a: Carnivine|Carnivine, L83, F|167/259","|-damage|p2a: Carnivine|135/259|[from] Stealth Rock","|turn|15","|","|switch|p1a: Jumpluff|Jumpluff, L83, F|217/259","|move|p2a: Carnivine|Power Whip|p1a: Jumpluff","|-resisted|p1a: Jumpluff","|-damage|p1a: Jumpluff|178/259","|","|-heal|p2a: Carnivine|151/259|[from] item: Leftovers","|turn|16","|","|move|p1a: Jumpluff|Leech Seed|p2a: Carnivine","|-immune|p2a: Carnivine|[msg]","|move|p2a: Carnivine|Sleep Powder|p1a: Jumpluff","|-immune|p1a: Jumpluff|[msg]","|","|-heal|p2a: Carnivine|167/259|[from] item: Leftovers","|turn|17","|","|move|p1a: Jumpluff|Acrobatics|p2a: Carnivine","|-supereffective|p2a: Carnivine","|-damage|p2a: Carnivine|0 fnt","|faint|p2a: Carnivine","|","|","|switch|p2a: Toxicroak|Toxicroak, L77, M|254/254","|-damage|p2a: Toxicroak|239/254|[from] Stealth Rock","|turn|18","|","|move|p1a: Jumpluff|Sleep Powder|p2a: Toxicroak","|-status|p2a: Toxicroak|slp","|cant|p2a: Toxicroak|slp","|","|-heal|p2a: Toxicroak|254/254 slp|[from] item: Black Sludge","|turn|19","|","|move|p1a: Jumpluff|Leech Seed|p2a: Toxicroak|[miss]","|-miss|p1a: Jumpluff|p2a: Toxicroak","|cant|p2a: Toxicroak|slp","|","|turn|20","|","|move|p1a: Jumpluff|Acrobatics|p2a: Toxicroak","|-supereffective|p2a: Toxicroak","|-damage|p2a: Toxicroak|56/254 slp","|-curestatus|p2a: Toxicroak|slp","|move|p2a: Toxicroak|Substitute|p2a: Toxicroak","|-fail|p2a: Toxicroak|move: Substitute|[weak]","|","|-heal|p2a: Toxicroak|71/254|[from] item: Black Sludge","|turn|21","|","|move|p1a: Jumpluff|Acrobatics|p2a: Toxicroak","|-supereffective|p2a: Toxicroak","|-damage|p2a: Toxicroak|0 fnt","|faint|p2a: Toxicroak","|","|","|switch|p2a: Bisharp|Bisharp, L75, F|221/221","|-damage|p2a: Bisharp|208/221|[from] Stealth Rock","|turn|22","|","|move|p1a: Jumpluff|Sleep Powder|p2a: Bisharp","|-status|p2a: Bisharp|slp","|cant|p2a: Bisharp|slp","|","|-heal|p2a: Bisharp|221/221 slp|[from] item: Leftovers","|turn|23","|","|move|p1a: Jumpluff|Leech Seed|p2a: Bisharp","|-start|p2a: Bisharp|move: Leech Seed","|-curestatus|p2a: Bisharp|slp","|move|p2a: Bisharp|Iron Head|p1a: Jumpluff","|-damage|p1a: Jumpluff|82/259","|","|-damage|p2a: Bisharp|194/221|[from] Leech Seed|[of] p1a: Jumpluff","|-heal|p1a: Jumpluff|109/259|[silent]","|turn|24","|","|move|p1a: Jumpluff|Sleep Powder|p2a: Bisharp","|-status|p2a: Bisharp|slp","|cant|p2a: Bisharp|slp","|","|-heal|p2a: Bisharp|207/221 slp|[from] item: Leftovers","|-damage|p2a: Bisharp|180/221 slp|[from] Leech Seed|[of] p1a: Jumpluff","|-heal|p1a: Jumpluff|136/259|[silent]","|turn|25","|","|move|p1a: Jumpluff|U-turn|p2a: Bisharp","|-damage|p2a: Bisharp|144/221 slp","|","|switch|p1a: Electivire|Electivire, L81, M|254/254","|-curestatus|p2a: Bisharp|slp","|move|p2a: Bisharp|Iron Head|p1a: Electivire","|-resisted|p1a: Electivire","|-damage|p1a: Electivire|200/254","|","|-heal|p2a: Bisharp|157/221|[from] item: Leftovers","|-damage|p2a: Bisharp|130/221|[from] Leech Seed|[of] p1a: Electivire","|-heal|p1a: Electivire|227/254|[silent]","|turn|26","|","|move|p1a: Electivire|Flamethrower|p2a: Bisharp","|-supereffective|p2a: Bisharp","|-damage|p2a: Bisharp|0 fnt","|faint|p2a: Bisharp","|","|","|switch|p2a: Seaking|Seaking, L83, M|268/268","|-damage|p2a: Seaking|235/268|[from] Stealth Rock","|turn|27","|","|switch|p1a: Mamoswine|Mamoswine, L77, F|53/296","|move|p2a: Seaking|Waterfall|p1a: Mamoswine","|-supereffective|p1a: Mamoswine","|-damage|p1a: Mamoswine|0 fnt","|faint|p1a: Mamoswine","|","|","|switch|p1a: Samurott|Samurott, L81, F|287/287","|turn|28","|","|move|p2a: Seaking|Waterfall|p1a: Samurott","|-resisted|p1a: Samurott","|-damage|p1a: Samurott|221/287","|cant|p1a: Samurott|flinch","|","|turn|29","|","|move|p2a: Seaking|Waterfall|p1a: Samurott","|-resisted|p1a: Samurott","|-damage|p1a: Samurott|154/287","|cant|p1a: Samurott|flinch","|","|turn|30","|","|move|p2a: Seaking|Waterfall|p1a: Samurott","|-resisted|p1a: Samurott","|-damage|p1a: Samurott|88/287","|cant|p1a: Samurott|flinch","|","|turn|31","|","|move|p2a: Seaking|Waterfall|p1a: Samurott","|-resisted|p1a: Samurott","|-damage|p1a: Samurott|28/287","|cant|p1a: Samurott|flinch","|","|turn|32","|","|move|p1a: Samurott|Aqua Jet|p2a: Seaking","|-resisted|p2a: Seaking","|-damage|p2a: Seaking|196/268","|move|p2a: Seaking|Waterfall|p1a: Samurott","|-resisted|p1a: Samurott","|-damage|p1a: Samurott|0 fnt","|faint|p1a: Samurott","|","|","|switch|p1a: Jumpluff|Jumpluff, L83, F|136/259","|turn|33","|","|move|p1a: Jumpluff|Sleep Powder|p2a: Seaking","|-status|p2a: Seaking|slp","|cant|p2a: Seaking|slp","|","|turn|34","|","|move|p1a: Jumpluff|Acrobatics|p2a: Seaking","|-damage|p2a: Seaking|99/268 slp","|-curestatus|p2a: Seaking|slp","|move|p2a: Seaking|Waterfall|p1a: Jumpluff","|-resisted|p1a: Jumpluff","|-damage|p1a: Jumpluff|68/259","|","|turn|35","|","|move|p1a: Jumpluff|Acrobatics|p2a: Seaking","|-damage|p2a: Seaking|0 fnt","|faint|p2a: Seaking","|","|win|worldneedstrife"],"p1rating":{"entryid":"6454915","serverid":"eos","formatid":"randombattle","userid":"worldneedstrife","username":"worldneedstrife","w":3,"l":"0","t":"0","gxe":61.4,"r":"1540.1606143388","rd":"130.42811288462","sigma":"0","rptime":"1439024400","rpr":1592.6173759431,"rprd":117.57097071484,"rpsigma":"0","acre":1104.773260666,"lacre":1104.773260666,"oldacre":"1074"},"p2rating":{"entryid":"6786940","serverid":"eos","formatid":"randombattle","userid":"mortaljordean","username":"mortal jordean","w":"4","l":9,"t":"0","gxe":38.3,"r":"1420.9389105451","rd":"88.286330435165","sigma":"0","rptime":"1439024400","rpr":1407.2541142189,"rprd":86.161290998809,"rpsigma":"0","acre":1070.4822103369,"lacre":1070.4822103369,"oldacre":"1096.5519450244"},"endType":"normal"}