{"seed":[22144,20084,65042,22705],"turns":30,"p1":"GamingNoah","p2":"Inferno Zantier","p1team":[{"name":"Forretress","moves":["gyroball","stealthrock","toxic","rapidspin"],"ability":"Overcoat","evs":{"hp":85,"atk":170,"def":85,"spa":85,"spd":85,"spe":0},"ivs":{"hp":31,"atk":31,"def":31,"spa":31,"spd":31,"spe":0},"item":"Focus Sash","level":77,"shiny":false},{"name":"Roserade","moves":["spikes","rest","gigadrain","hiddenpowerfire"],"ability":"Technician","evs":{"hp":85,"atk":85,"def":85,"spa":85,"spd":85,"spe":85},"ivs":{"hp":31,"atk":30,"def":31,"spa":30,"spd":31,"spe":30},"item":"Chesto Berry","level":77,"shiny":false},{"name":"Noctowl","moves":["airslash","defog","toxic","nightshade"],"ability":"Tinted Lens","evs":{"hp":85,"atk":85,"def":85,"spa":85,"spd":85,"spe":85},"ivs":{"hp":31,"atk":31,"def":31,"spa":31,"spd":31,"spe":31},"item":"Leftovers","level":83,"shiny":false},{"name":"Miltank","moves":["earthquake","healbell","curse","bodyslam"],"ability":"Sap Sipper","evs":{"hp":85,"atk":85,"def":85,"spa":85,"spd":85,"spe":85},"ivs":{"hp":31,"atk":31,"def":31,"spa":31,"spd":31,"spe":31},"item":"Leftovers","level":81,"shiny":false},{"name":"Dragonite","moves":["dragondance","roost","firepunch","outrage"],"ability":"Multiscale","evs":{"hp":81,"atk":89,"def":85,"spa":85,"spd":85,"spe":85},"ivs":{"hp":31,"atk":31,"def":31,"spa":31,"spd":31,"spe":31},"item":"Lum Berry","level":75,"shiny":false},{"name":"Dugtrio","moves":["reversal","suckerpunch","substitute","earthquake"],"ability":"Arena Trap","evs":{"hp":85,"atk":85,"def":85,"spa":85,"spd":85,"spe":85},"ivs":{"hp":31,"atk":31,"def":31,"spa":31,"spd":31,"spe":31},"item":"Focus Sash","level":79,"shiny":false}],"p2team":[{"name":"Dialga","moves":["dracometeor","flashcannon","roar","thunderbolt"],"ability":"Pressure","evs":{"hp":85,"atk":85,"def":85,"spa":85,"spd":85,"spe":85},"ivs":{"hp":31,"atk":31,"def":31,"spa":31,"spd":31,"spe":31},"item":"Leftovers","level":73,"shiny":false},{"name":"Quagsire","moves":["encore","earthquake","toxic","recover"],"ability":"Unaware","evs":{"hp":85,"atk":85,"def":85,"spa":85,"spd":85,"spe":85},"ivs":{"hp":31,"atk":31,"def":31,"spa":31,"spd":31,"spe":31},"item":"Leftovers","level":81,"shiny":false},{"name":"Gothitelle","moves":["hiddenpowerfighting","thunderbolt","psyshock","shadowball"],"ability":"Shadow Tag","evs":{"hp":85,"atk":85,"def":85,"spa":85,"spd":85,"spe":85},"ivs":{"hp":31,"atk":31,"def":30,"spa":30,"spd":30,"spe":30},"item":"Choice Specs","level":77,"shiny":false},{"name":"Kricketune","moves":["xscissor","taunt","endeavor","knockoff"],"ability":"Swarm","evs":{"hp":85,"atk":85,"def":85,"spa":85,"spd":85,"spe":85},"ivs":{"hp":31,"atk":31,"def":31,"spa":31,"spd":31,"spe":31},"item":"Focus Sash","level":83,"shiny":false},{"name":"Aerodactyl","moves":["defog","aquatail","stoneedge","icefang"],"ability":"Unnerve","evs":{"hp":85,"atk":85,"def":85,"spa":85,"spd":85,"spe":85},"ivs":{"hp":31,"atk":31,"def":31,"spa":31,"spd":31,"spe":31},"item":"Aerodactylite","level":77,"shiny":false},{"name":"Drifblim","moves":["substitute","shadowball","acrobatics","willowisp"],"ability":"Unburden","evs":{"hp":85,"atk":85,"def":85,"spa":85,"spd":85,"spe":85},"ivs":{"hp":31,"atk":31,"def":31,"spa":31,"spd":31,"spe":31},"item":"Flying Gem","level":83,"shiny":false}],"log":["|player|p1|GamingNoah|gamingnoah.png","|player|p2|Inferno Zantier|infernozantier.png","|gametype|singles","|gen|6","|tier|Random Battle","|rated","|rule|Sleep Clause Mod: Limit one foe put to sleep","|rule|HP Percentage Mod: HP is shown in percentages","|","|start","|switch|p1a: Forretress|Forretress, L77, F|242/242","|switch|p2a: Dialga|Dialga, L73|266/266","|-ability|p2a: Dialga|Pressure","|turn|1","|","|move|p1a: Forretress|Stealth Rock|p2a: Dialga","|-sidestart|p2: Inferno Zantier|move: Stealth Rock","|move|p2a: Dialga|Roar|p1a: Forretress","|drag|p1a: Miltank|Miltank, L81, F|287/287","|","|turn|2","|","|move|p1a: Miltank|Earthquake|p2a: Dialga","|-supereffective|p2a: Dialga","|-damage|p2a: Dialga|156/266","|move|p2a: Dialga|Flash Cannon|p1a: Miltank","|-damage|p1a: Miltank|169/287","|","|-heal|p1a: Miltank|186/287|[from] item: Leftovers","|-heal|p2a: Dialga|172/266|[from] item: Leftovers","|turn|3","|","|switch|p2a: Quagsire|Quagsire, L81, M|287/287","|-damage|p2a: Quagsire|270/287|[from] Stealth Rock","|move|p1a: Miltank|Curse|p1a: Miltank","|-unboost|p1a: Miltank|spe|1","|-boost|p1a: Miltank|atk|1","|-boost|p1a: Miltank|def|1","|","|-heal|p1a: Miltank|203/287|[from] item: Leftovers","|-heal|p2a: Quagsire|287/287|[from] item: Leftovers","|turn|4","|","|move|p1a: Miltank|Body Slam|p2a: Quagsire","|-damage|p2a: Quagsire|214/287","|-status|p2a: Quagsire|par","|move|p2a: Quagsire|Toxic|p1a: Miltank","|-status|p1a: Miltank|tox","|","|-heal|p1a: Miltank|220/287 tox|[from] item: Leftovers","|-heal|p2a: Quagsire|231/287 par|[from] item: Leftovers","|-damage|p1a: Miltank|203/287 tox|[from] psn","|turn|5","|","|move|p1a: Miltank|Heal Bell|p1a: Miltank","|-cureteam|p1a: Miltank|[from] move: HealBell","|move|p2a: Quagsire|Recover|p2a: Quagsire","|-heal|p2a: Quagsire|287/287 par","|","|-heal|p1a: Miltank|220/287|[from] item: Leftovers","|turn|6","|","|move|p1a: Miltank|Earthquake|p2a: Quagsire","|-damage|p2a: Quagsire|227/287 par","|cant|p2a: Quagsire|par","|","|-heal|p1a: Miltank|237/287|[from] item: Leftovers","|-heal|p2a: Quagsire|244/287 par|[from] item: Leftovers","|turn|7","|","|switch|p1a: Roserade|Roserade, L77, F|219/219","|move|p2a: Quagsire|Toxic|p1a: Roserade","|-immune|p1a: Roserade|[msg]","|","|-heal|p2a: Quagsire|261/287 par|[from] item: Leftovers","|turn|8","|","|switch|p2a: Drifblim|Drifblim, L83, M|385/385","|-damage|p2a: Drifblim|289/385|[from] Stealth Rock","|move|p1a: Roserade|Giga Drain|p2a: Drifblim","|-resisted|p2a: Drifblim","|-damage|p2a: Drifblim|227/385","|","|turn|9","|","|switch|p1a: Dugtrio|Dugtrio, L79, F|185/185","|move|p2a: Drifblim|Acrobatics|p1a: Dugtrio","|-enditem|p2a: Drifblim|Flying Gem|[from] gem|[move] Acrobatics","|-enditem|p1a: Dugtrio|Focus Sash","|-damage|p1a: Dugtrio|1/185","|","|turn|10","|","|switch|p2a: Quagsire|Quagsire, L81, M|261/287 par","|-damage|p2a: Quagsire|244/287 par|[from] Stealth Rock","|move|p1a: Dugtrio|Sucker Punch|p2a: Quagsire","|-fail|p1a: Dugtrio","|","|-heal|p2a: Quagsire|261/287 par|[from] item: Leftovers","|turn|11","|","|move|p1a: Dugtrio|Reversal|p2a: Quagsire","|-crit|p2a: Quagsire","|-damage|p2a: Quagsire|74/287 par","|cant|p2a: Quagsire|par","|","|-heal|p2a: Quagsire|91/287 par|[from] item: Leftovers","|turn|12","|","|move|p1a: Dugtrio|Reversal|p2a: Quagsire","|-crit|p2a: Quagsire","|-damage|p2a: Quagsire|0 fnt","|faint|p2a: Quagsire","|","|","|switch|p2a: Aerodactyl|Aerodactyl, L77, M|250/250","|-damage|p2a: Aerodactyl|188/250|[from] Stealth Rock","|-ability|p2a: Aerodactyl|Unnerve|p1: GamingNoah","|turn|13","|","|switch|p1a: Forretress|Forretress, L77, F|242/242","|detailschange|p2a: Aerodactyl|Aerodactyl-Mega, L77, M","|-mega|p2a: Aerodactyl|Aerodactyl|Aerodactylite","|move|p2a: Aerodactyl|Defog|p1a: Forretress","|-unboost|p1a: Forretress|evasion|1","|-sideend|p2: Inferno Zantier|Stealth Rock|[from] move: Defog|[of] p2a: Aerodactyl","|","|turn|14","|","|move|p2a: Aerodactyl|Stone Edge|p1a: Forretress","|-damage|p1a: Forretress|160/242","|move|p1a: Forretress|Gyro Ball|p2a: Aerodactyl","|-supereffective|p2a: Aerodactyl","|-damage|p2a: Aerodactyl|0 fnt","|faint|p2a: Aerodactyl","|","|","|switch|p2a: Kricketune|Kricketune, L83, M|263/263","|turn|15","|","|move|p2a: Kricketune|Knock Off|p1a: Forretress","|-crit|p1a: Forretress","|-damage|p1a: Forretress|84/242","|-enditem|p1a: Forretress|Focus Sash|[from] move: Knock Off|[of] p2a: Kricketune","|move|p1a: Forretress|Toxic|p2a: Kricketune|[miss]","|-miss|p1a: Forretress|p2a: Kricketune","|","|turn|16","|","|switch|p2a: Dialga|Dialga, L73|172/266","|-ability|p2a: Dialga|Pressure","|move|p1a: Forretress|Toxic|p2a: Dialga","|-immune|p2a: Dialga|[msg]","|","|-heal|p2a: Dialga|188/266|[from] item: Leftovers","|turn|17","|","|move|p2a: Dialga|Thunderbolt|p1a: Forretress","|-damage|p1a: Forretress|0 fnt","|faint|p1a: Forretress","|","|-heal|p2a: Dialga|204/266|[from] item: Leftovers","|","|switch|p1a: Dugtrio|Dugtrio, L79, F|1/185","|turn|18","|","|move|p1a: Dugtrio|Reversal|p2a: Dialga","|-supereffective|p2a: Dialga","|-damage|p2a: Dialga|2/266","|move|p2a: Dialga|Flash Cannon|p1a: Dugtrio","|-damage|p1a: Dugtrio|0 fnt","|faint|p1a: Dugtrio","|","|-heal|p2a: Dialga|18/266|[from] item: Leftovers","|","|switch|p1a: Roserade|Roserade, L77, F|219/219","|turn|19","|","|move|p1a: Roserade|Hidden Power|p2a: Dialga","|-damage|p2a: Dialga|0 fnt","|faint|p2a: Dialga","|","|","|switch|p2a: Drifblim|Drifblim, L83, M|227/385","|turn|20","|","|switch|p1a: Noctowl|Noctowl, L83, M|302/302","|move|p2a: Drifblim|Substitute|p2a: Drifblim","|-start|p2a: Drifblim|Substitute","|-damage|p2a: Drifblim|131/385","|","|turn|21","|","|move|p2a: Drifblim|Acrobatics|p1a: Noctowl","|-damage|p1a: Noctowl|163/302","|move|p1a: Noctowl|Night Shade|p2a: Drifblim","|-activate|p2a: Drifblim|Substitute|[damage]","|","|-heal|p1a: Noctowl|181/302|[from] item: Leftovers","|turn|22","|","|move|p2a: Drifblim|Acrobatics|p1a: Noctowl","|-damage|p1a: Noctowl|39/302","|move|p1a: Noctowl|Air Slash|p2a: Drifblim","|-end|p2a: Drifblim|Substitute","|","|-heal|p1a: Noctowl|57/302|[from] item: Leftovers","|turn|23","|","|move|p2a: Drifblim|Acrobatics|p1a: Noctowl","|-damage|p1a: Noctowl|0 fnt","|faint|p1a: Noctowl","|","|","|switch|p1a: Dragonite|Dragonite, L75, M|259/259","|turn|24","|","|move|p2a: Drifblim|Will-O-Wisp|p1a: Dragonite","|-status|p1a: Dragonite|brn","|-enditem|p1a: Dragonite|Lum Berry|[eat]","|-curestatus|p1a: Dragonite|brn","|move|p1a: Dragonite|Dragon Dance|p1a: Dragonite","|-boost|p1a: Dragonite|atk|1","|-boost|p1a: Dragonite|spe|1","|","|turn|25","|","|move|p1a: Dragonite|Fire Punch|p2a: Drifblim","|-damage|p2a: Drifblim|0 fnt","|faint|p2a: Drifblim","|","|","|switch|p2a: Kricketune|Kricketune, L83, M|263/263","|turn|26","|","|move|p1a: Dragonite|Fire Punch|p2a: Kricketune","|-supereffective|p2a: Kricketune","|-damage|p2a: Kricketune|5/263","|move|p2a: Kricketune|Endeavor|p1a: Dragonite","|-damage|p1a: Dragonite|5/259","|","|turn|27","|","|move|p1a: Dragonite|Roost|p1a: Dragonite","|-heal|p1a: Dragonite|135/259","|move|p2a: Kricketune|Knock Off|p1a: Dragonite","|-damage|p1a: Dragonite|92/259","|","|turn|28","|","|move|p1a: Dragonite|Fire Punch|p2a: Kricketune","|-supereffective|p2a: Kricketune","|-damage|p2a: Kricketune|0 fnt","|faint|p2a: Kricketune","|","|","|switch|p2a: Gothitelle|Gothitelle, L77, F|234/234","|turn|29","|","|move|p1a: Dragonite|Outrage|p2a: Gothitelle","|-damage|p2a: Gothitelle|26/234","|move|p2a: Gothitelle|Psyshock|p1a: Dragonite","|-damage|p1a: Dragonite|0 fnt","|faint|p1a: Dragonite","|","|","|switch|p1a: Miltank|Miltank, L81, F|237/287","|turn|30","|","|move|p1a: Miltank|Body Slam|p2a: Gothitelle","|-damage|p2a: Gothitelle|0 fnt","|faint|p2a: Gothitelle","|","|win|GamingNoah"],"p1rating":{"entryid":"7155128","serverid":"eos","formatid":"randombattle","userid":"gamingnoah","username":"GamingNoah","w":1,"l":"3","t":"0","gxe":41.2,"r":"1429.2250498096","rd":"118.89536530029","sigma":"0","rptime":"1439024400","rpr":1430.2245576459,"rprd":108.16775666059,"rpsigma":"0","acre":1040,"lacre":1040,"oldacre":"1000"},"p2rating":{"entryid":7496538,"formatid":"randombattle","userid":"infernozantier","username":"Inferno Zantier","r":1500,"rd":130,"sigma":0,"rpr":1451.6367567387,"rprd":122.93687185282,"rpsigma":0,"rptime":1439024400,"w":0,"l":1,"t":0,"gxe":44,"acre":1000,"lacre":1000,"oldacre":1000},"endType":"normal"}