{"seed":[51370,24166,18073,18763],"turns":26,"p1":"GTX♅bookman","p2":"Ronin Poker","p1team":[{"name":"Hippowdon","moves":["stoneedge","earthquake","whirlwind","slackoff"],"ability":"Sand Stream","evs":{"hp":85,"atk":85,"def":85,"spa":85,"spd":85,"spe":85},"ivs":{"hp":31,"atk":31,"def":31,"spa":31,"spd":31,"spe":31},"item":"Leftovers","level":75,"shiny":false},{"name":"Persian","moves":["taunt","knockoff","fakeout","return"],"ability":"Technician","evs":{"hp":85,"atk":85,"def":85,"spa":85,"spd":85,"spe":85},"ivs":{"hp":31,"atk":31,"def":31,"spa":31,"spd":31,"spe":31},"item":"Life Orb","level":83,"shiny":false},{"name":"Latios","moves":["roost","dracometeor","psyshock","hiddenpowerfire"],"ability":"Levitate","evs":{"hp":85,"atk":85,"def":85,"spa":85,"spd":85,"spe":85},"ivs":{"hp":31,"atk":30,"def":31,"spa":30,"spd":31,"spe":30},"item":"Latiosite","level":75,"shiny":false},{"name":"Bellossom","moves":["gigadrain","synthesis","sleeppowder","hiddenpowerfire"],"ability":"Chlorophyll","evs":{"hp":85,"atk":85,"def":85,"spa":85,"spd":85,"spe":85},"ivs":{"hp":31,"atk":30,"def":31,"spa":30,"spd":31,"spe":30},"item":"Leftovers","level":83,"shiny":false},{"name":"Salamence","moves":["earthquake","dragonclaw","fireblast","dracometeor"],"ability":"Intimidate","evs":{"hp":85,"atk":85,"def":85,"spa":85,"spd":85,"spe":85},"ivs":{"hp":31,"atk":31,"def":31,"spa":31,"spd":31,"spe":31},"item":"Expert Belt","level":77,"shiny":false},{"name":"Cacturne","moves":["suckerpunch","drainpunch","seedbomb","spikes"],"ability":"Water Absorb","evs":{"hp":85,"atk":85,"def":85,"spa":85,"spd":85,"spe":85},"ivs":{"hp":31,"atk":31,"def":31,"spa":31,"spd":31,"spe":31},"item":"Life Orb","level":81,"shiny":false}],"p2team":[{"name":"Manaphy","moves":["tailglow","surf","psychic","icebeam"],"ability":"Hydration","evs":{"hp":85,"atk":85,"def":85,"spa":85,"spd":85,"spe":85},"ivs":{"hp":31,"atk":31,"def":31,"spa":31,"spd":31,"spe":31},"item":"Leftovers","level":75,"shiny":false},{"name":"Gastrodon","moves":["icebeam","recover","scald","clearsmog"],"ability":"Storm Drain","evs":{"hp":85,"atk":85,"def":85,"spa":85,"spd":85,"spe":85},"ivs":{"hp":31,"atk":31,"def":31,"spa":31,"spd":31,"spe":31},"item":"Leftovers","level":79,"shiny":false},{"name":"Audino","moves":["protect","dazzlinggleam","healbell","hypervoice"],"ability":"Regenerator","evs":{"hp":85,"atk":85,"def":85,"spa":85,"spd":85,"spe":85},"ivs":{"hp":31,"atk":31,"def":31,"spa":31,"spd":31,"spe":31},"item":"Audinite","level":81,"shiny":false},{"name":"Yanmega","moves":["gigadrain","protect","ancientpower","airslash"],"ability":"Speed Boost","evs":{"hp":81,"atk":85,"def":85,"spa":89,"spd":85,"spe":85},"ivs":{"hp":31,"atk":31,"def":31,"spa":31,"spd":31,"spe":31},"item":"Life Orb","level":78,"shiny":false},{"name":"Flygon","moves":["fireblast","roost","stoneedge","earthquake"],"ability":"Levitate","evs":{"hp":85,"atk":85,"def":85,"spa":85,"spd":85,"spe":85},"ivs":{"hp":31,"atk":31,"def":31,"spa":31,"spd":31,"spe":31},"item":"Life Orb","level":79,"shiny":false},{"name":"Lucario","moves":["flashcannon","vacuumwave","nastyplot","extremespeed"],"ability":"Justified","evs":{"hp":85,"atk":85,"def":85,"spa":85,"spd":85,"spe":85},"ivs":{"hp":31,"atk":31,"def":31,"spa":31,"spd":31,"spe":31},"item":"Life Orb","level":77,"shiny":false}],"log":["|player|p1|GTX♅bookman|151","|player|p2|Ronin Poker|99","|gametype|singles","|gen|6","|tier|Random Battle","|rated","|rule|Sleep Clause Mod: Limit one foe put to sleep","|rule|HP Percentage Mod: HP is shown in percentages","|","|start","|switch|p1a: Hippowdon|Hippowdon, L75, F|286/286","|switch|p2a: Manaphy|Manaphy, L75|274/274","|-weather|Sandstorm","|turn|1","|","|move|p2a: Manaphy|Tail Glow|p2a: Manaphy","|-boost|p2a: Manaphy|spa|3","|move|p1a: Hippowdon|Stone Edge|p2a: Manaphy","|-damage|p2a: Manaphy|212/274","|","|-weather|Sandstorm|[upkeep]","|-damage|p2a: Manaphy|195/274|[from] sandstorm","|-heal|p2a: Manaphy|212/274|[from] item: Leftovers","|turn|2","|","|move|p2a: Manaphy|Psychic|p1a: Hippowdon","|-damage|p1a: Hippowdon|122/286","|move|p1a: Hippowdon|Earthquake|p2a: Manaphy","|-damage|p2a: Manaphy|118/274","|","|-weather|Sandstorm|[upkeep]","|-damage|p2a: Manaphy|101/274|[from] sandstorm","|-heal|p2a: Manaphy|118/274|[from] item: Leftovers","|-heal|p1a: Hippowdon|139/286|[from] item: Leftovers","|turn|3","|","|move|p2a: Manaphy|Surf|p1a: Hippowdon","|-supereffective|p1a: Hippowdon","|-damage|p1a: Hippowdon|0 fnt","|faint|p1a: Hippowdon","|","|-weather|Sandstorm|[upkeep]","|-damage|p2a: Manaphy|101/274|[from] sandstorm","|-heal|p2a: Manaphy|118/274|[from] item: Leftovers","|","|switch|p1a: Persian|Persian, L83, M|244/244","|turn|4","|","|switch|p2a: Audino|Audino, L81, F|299/299","|move|p1a: Persian|Return|p2a: Audino","|-damage|p2a: Audino|177/299","|-damage|p1a: Persian|220/244|[from] item: Life Orb","|","|-weather|Sandstorm|[upkeep]","|-damage|p1a: Persian|205/244|[from] sandstorm","|-damage|p2a: Audino|159/299|[from] sandstorm","|turn|5","|","|detailschange|p2a: Audino|Audino-Mega, L81, F","|-mega|p2a: Audino|Audino|Audinite","|move|p2a: Audino|Protect|p2a: Audino","|-singleturn|p2a: Audino|Protect","|move|p1a: Persian|Knock Off|p2a: Audino","|-activate|p2a: Audino|Protect","|","|-weather|none","|turn|6","|","|move|p1a: Persian|Knock Off|p2a: Audino","|-resisted|p2a: Audino","|-damage|p2a: Audino|142/299","|-damage|p1a: Persian|181/244|[from] item: Life Orb","|move|p2a: Audino|Dazzling Gleam|p1a: Persian","|-damage|p1a: Persian|88/244","|","|turn|7","|","|switch|p2a: Lucario|Lucario, L77, M|234/234","|move|p1a: Persian|Knock Off|p2a: Lucario","|-resisted|p2a: Lucario","|-damage|p2a: Lucario|189/234","|-boost|p2a: Lucario|atk|1|[from] ability: Justified","|-enditem|p2a: Lucario|Life Orb|[from] move: Knock Off|[of] p1a: Persian","|-damage|p1a: Persian|64/244|[from] item: Life Orb","|","|turn|8","|","|move|p1a: Persian|Fake Out|p2a: Lucario","|-fail|p1a: Persian","|-hint|Fake Out only works on your first turn out.","|move|p2a: Lucario|Extreme Speed|p1a: Persian","|-damage|p1a: Persian|0 fnt","|faint|p1a: Persian","|","|","|switch|p1a: Latios|Latios, L75, M|244/244","|turn|9","|","|switch|p2a: Audino|Audino-Mega, L81, F|142/299","|detailschange|p1a: Latios|Latios-Mega, L75, M","|-mega|p1a: Latios|Latios|Latiosite","|move|p1a: Latios|Draco Meteor|p2a: Audino","|-immune|p2a: Audino|[msg]","|","|turn|10","|","|move|p1a: Latios|Psyshock|p2a: Audino","|-damage|p2a: Audino|60/299","|move|p2a: Audino|Dazzling Gleam|p1a: Latios","|-supereffective|p1a: Latios","|-damage|p1a: Latios|124/244","|","|turn|11","|","|move|p1a: Latios|Psyshock|p2a: Audino","|-damage|p2a: Audino|0 fnt","|faint|p2a: Audino","|","|","|switch|p2a: Yanmega|Yanmega, L78, M|261/261","|turn|12","|","|move|p2a: Yanmega|Protect|p2a: Yanmega","|-singleturn|p2a: Yanmega|Protect","|move|p1a: Latios|Roost|p1a: Latios","|-heal|p1a: Latios|244/244","|","|-boost|p2a: Yanmega|spe|1|[from] ability: Speed Boost","|turn|13","|","|move|p2a: Yanmega|Air Slash|p1a: Latios","|-damage|p1a: Latios|157/244","|-damage|p2a: Yanmega|235/261|[from] item: Life Orb","|move|p1a: Latios|Psyshock|p2a: Yanmega","|-damage|p2a: Yanmega|115/261","|","|-boost|p2a: Yanmega|spe|1|[from] ability: Speed Boost","|turn|14","|","|move|p2a: Yanmega|Air Slash|p1a: Latios","|-damage|p1a: Latios|58/244","|-damage|p2a: Yanmega|89/261|[from] item: Life Orb","|cant|p1a: Latios|flinch","|","|-boost|p2a: Yanmega|spe|1|[from] ability: Speed Boost","|turn|15","|","|move|p2a: Yanmega|Air Slash|p1a: Latios","|-damage|p1a: Latios|0 fnt","|-damage|p2a: Yanmega|63/261|[from] item: Life Orb","|faint|p1a: Latios","|","|-boost|p2a: Yanmega|spe|1|[from] ability: Speed Boost","|","|switch|p1a: Cacturne|Cacturne, L81, M|246/246","|turn|16","|","|move|p2a: Yanmega|Protect|p2a: Yanmega","|-singleturn|p2a: Yanmega|Protect","|move|p1a: Cacturne|Drain Punch|p2a: Yanmega","|-activate|p2a: Yanmega|Protect","|","|-boost|p2a: Yanmega|spe|1|[from] ability: Speed Boost","|turn|17","|","|move|p1a: Cacturne|Sucker Punch|p2a: Yanmega","|-damage|p2a: Yanmega|0 fnt","|-damage|p1a: Cacturne|222/246|[from] item: Life Orb","|faint|p2a: Yanmega","|","|","|switch|p2a: Lucario|Lucario, L77, M|189/234","|turn|18","|","|move|p2a: Lucario|Vacuum Wave|p1a: Cacturne","|-supereffective|p1a: Cacturne","|-damage|p1a: Cacturne|108/246","|move|p1a: Cacturne|Seed Bomb|p2a: Lucario","|-resisted|p2a: Lucario","|-damage|p2a: Lucario|110/234","|-damage|p1a: Cacturne|84/246|[from] item: Life Orb","|","|turn|19","|","|move|p2a: Lucario|Vacuum Wave|p1a: Cacturne","|-supereffective|p1a: Cacturne","|-damage|p1a: Cacturne|0 fnt","|faint|p1a: Cacturne","|","|","|switch|p1a: Bellossom|Bellossom, L83, F|260/260","|turn|20","|","|move|p2a: Lucario|Nasty Plot|p2a: Lucario","|-boost|p2a: Lucario|spa|2","|move|p1a: Bellossom|Giga Drain|p2a: Lucario","|-crit|p2a: Lucario","|-resisted|p2a: Lucario","|-damage|p2a: Lucario|40/234","|","|turn|21","|","|move|p2a: Lucario|Flash Cannon|p1a: Bellossom","|-damage|p1a: Bellossom|106/260","|move|p1a: Bellossom|Giga Drain|p2a: Lucario","|-resisted|p2a: Lucario","|-damage|p2a: Lucario|0 fnt","|-heal|p1a: Bellossom|126/260|[from] drain|[of] p2a: Lucario","|faint|p2a: Lucario","|","|-heal|p1a: Bellossom|142/260|[from] item: Leftovers","|","|switch|p2a: Manaphy|Manaphy, L75|118/274","|turn|22","|","|move|p2a: Manaphy|Ice Beam|p1a: Bellossom","|-supereffective|p1a: Bellossom","|-damage|p1a: Bellossom|50/260","|move|p1a: Bellossom|Giga Drain|p2a: Manaphy","|-supereffective|p2a: Manaphy","|-damage|p2a: Manaphy|0 fnt","|-heal|p1a: Bellossom|109/260|[from] drain|[of] p2a: Manaphy","|faint|p2a: Manaphy","|","|-heal|p1a: Bellossom|125/260|[from] item: Leftovers","|","|switch|p2a: Flygon|Flygon, L79, M|256/256","|turn|23","|","|move|p2a: Flygon|Fire Blast|p1a: Bellossom","|-supereffective|p1a: Bellossom","|-damage|p1a: Bellossom|0 fnt","|-damage|p2a: Flygon|231/256|[from] item: Life Orb","|faint|p1a: Bellossom","|","|","|switch|p1a: Salamence|Salamence, L77, F|273/273","|-ability|p1a: Salamence|Intimidate","|-unboost|p2a: Flygon|atk|1","|turn|24","|","|move|p2a: Flygon|Stone Edge|p1a: Salamence|[miss]","|-miss|p2a: Flygon|p1a: Salamence","|move|p1a: Salamence|Draco Meteor|p2a: Flygon","|-supereffective|p2a: Flygon","|-damage|p2a: Flygon|0 fnt","|-unboost|p1a: Salamence|spa|2","|faint|p2a: Flygon","|","|","|switch|p2a: Gastrodon|Gastrodon, L79, F|305/305","|turn|25","|","|move|p1a: Salamence|Earthquake|p2a: Gastrodon","|-damage|p2a: Gastrodon|209/305","|move|p2a: Gastrodon|Ice Beam|p1a: Salamence","|-supereffective|p1a: Salamence","|-damage|p1a: Salamence|17/273","|","|-heal|p2a: Gastrodon|228/305|[from] item: Leftovers","|turn|26","|","|move|p1a: Salamence|Fire Blast|p2a: Gastrodon","|-resisted|p2a: Gastrodon","|-damage|p2a: Gastrodon|206/305","|-status|p2a: Gastrodon|brn","|move|p2a: Gastrodon|Ice Beam|p1a: Salamence","|-supereffective|p1a: Salamence","|-damage|p1a: Salamence|0 fnt","|faint|p1a: Salamence","|","|win|Ronin Poker"],"p1rating":{"entryid":"6888133","serverid":"eos","formatid":"randombattle","userid":"gtxbookman","username":"Gtx Bookman","w":"10","l":26,"t":"0","gxe":32.7,"r":"1397.7397114476","rd":"64.019684448802","sigma":"0","rptime":"1439024400","rpr":1362.4531018808,"rprd":60.096090076668,"rpsigma":"0","acre":1000,"lacre":1000,"oldacre":"1000"},"p2rating":{"entryid":"7187589","serverid":"eos","formatid":"randombattle","userid":"roninpoker","username":"Ronin Poker","w":2,"l":"0","t":"0","gxe":58.1,"r":1540.1606143388,"rd":125.01692828041,"sigma":"0","rptime":1439024400,"rpr":1564.8110721055,"rprd":118.86155640495,"rpsigma":"0","acre":1070.1028089042,"lacre":1070.1028089042,"oldacre":"1040"},"endType":"normal"}