{"seed":[14634,28465,51329,57057],"turns":17,"p1":"GTX♅bookman","p2":"Emg naru","p1team":[{"name":"Girafarig","moves":["substitute","thunderbolt","psychic","nastyplot"],"ability":"Sap Sipper","evs":{"hp":85,"atk":85,"def":85,"spa":85,"spd":85,"spe":85},"ivs":{"hp":31,"atk":31,"def":31,"spa":31,"spd":31,"spe":31},"item":"Leftovers","level":83,"shiny":false},{"name":"Breloom","moves":["spore","rocktomb","bulletseed","machpunch"],"ability":"Technician","evs":{"hp":85,"atk":85,"def":85,"spa":85,"spd":85,"spe":85},"ivs":{"hp":31,"atk":31,"def":31,"spa":31,"spd":31,"spe":31},"item":"Life Orb","level":75,"shiny":false},{"name":"Venomoth","moves":["sludgebomb","sleeppowder","quiverdance","bugbuzz"],"ability":"Tinted Lens","evs":{"hp":81,"atk":85,"def":85,"spa":89,"spd":85,"spe":85},"ivs":{"hp":31,"atk":31,"def":31,"spa":31,"spd":31,"spe":31},"item":"Black Sludge","level":79,"shiny":false},{"name":"Clefable","moves":["moonblast","calmmind","fireblast","thunderwave"],"ability":"Magic Guard","evs":{"hp":85,"atk":85,"def":85,"spa":85,"spd":85,"spe":85},"ivs":{"hp":31,"atk":31,"def":31,"spa":31,"spd":31,"spe":31},"item":"Life Orb","level":75,"shiny":false},{"name":"Probopass","moves":["toxic","painsplit","flashcannon","voltswitch"],"ability":"Magnet Pull","evs":{"hp":85,"atk":85,"def":85,"spa":85,"spd":85,"spe":85},"ivs":{"hp":31,"atk":31,"def":31,"spa":31,"spd":31,"spe":31},"item":"Air Balloon","level":83,"shiny":false},{"name":"Togekiss","moves":["nastyplot","roost","batonpass","airslash"],"ability":"Serene Grace","evs":{"hp":85,"atk":85,"def":85,"spa":85,"spd":85,"spe":85},"ivs":{"hp":31,"atk":31,"def":31,"spa":31,"spd":31,"spe":31},"item":"Leftovers","level":76,"shiny":false}],"p2team":[{"name":"Articuno","moves":["toxic","substitute","roost","hurricane"],"ability":"Pressure","evs":{"hp":85,"atk":85,"def":85,"spa":85,"spd":85,"spe":85},"ivs":{"hp":31,"atk":31,"def":31,"spa":31,"spd":31,"spe":31},"item":"Leftovers","level":83,"shiny":false},{"name":"Shaymin-Sky","moves":["hiddenpowerfire","airslash","leechseed","earthpower"],"ability":"Serene Grace","evs":{"hp":85,"atk":85,"def":85,"spa":85,"spd":85,"spe":85},"ivs":{"hp":31,"atk":30,"def":31,"spa":30,"spd":31,"spe":30},"item":"Life Orb","level":73,"shiny":false},{"name":"Gourgeist","moves":["synthesis","leechseed","seedbomb","shadowsneak"],"ability":"Insomnia","evs":{"hp":85,"atk":85,"def":85,"spa":85,"spd":85,"spe":85},"ivs":{"hp":31,"atk":31,"def":31,"spa":31,"spd":31,"spe":31},"item":"Leftovers","level":83,"shiny":false},{"name":"Metagross","moves":["icepunch","earthquake","agility","meteormash"],"ability":"Clear Body","evs":{"hp":85,"atk":85,"def":85,"spa":85,"spd":85,"spe":85},"ivs":{"hp":31,"atk":31,"def":31,"spa":31,"spd":31,"spe":31},"item":"Metagrossite","level":75,"shiny":false},{"name":"Slurpuff","moves":["flamethrower","substitute","drainpunch","playrough"],"ability":"Unburden","evs":{"hp":85,"atk":85,"def":85,"spa":85,"spd":85,"spe":85},"ivs":{"hp":31,"atk":31,"def":31,"spa":31,"spd":31,"spe":31},"item":"Sitrus Berry","level":77,"shiny":false},{"name":"Swalot","moves":["sludgebomb","painsplit","yawn","earthquake"],"ability":"Liquid Ooze","evs":{"hp":85,"atk":85,"def":85,"spa":85,"spd":85,"spe":85},"ivs":{"hp":31,"atk":31,"def":31,"spa":31,"spd":31,"spe":31},"item":"Black Sludge","level":83,"shiny":false}],"log":["|player|p1|GTX♅bookman|151","|player|p2|Emg naru|emgnaru.gif","|gametype|singles","|gen|6","|tier|Random Battle","|rated","|rule|Sleep Clause Mod: Limit one foe put to sleep","|rule|HP Percentage Mod: HP is shown in percentages","|","|start","|switch|p1a: Girafarig|Girafarig, L83, M|252/252","|switch|p2a: Articuno|Articuno, L83|285/285","|-ability|p2a: Articuno|Pressure","|turn|1","|","|move|p1a: Girafarig|Psychic|p2a: Articuno","|-damage|p2a: Articuno|219/285","|move|p2a: Articuno|Substitute|p2a: Articuno","|-start|p2a: Articuno|Substitute","|-damage|p2a: Articuno|148/285","|","|-heal|p2a: Articuno|165/285|[from] item: Leftovers","|turn|2","|","|move|p2a: Articuno|Toxic|p1a: Girafarig","|-status|p1a: Girafarig|tox","|move|p1a: Girafarig|Psychic|p2a: Articuno","|-activate|p2a: Articuno|Substitute|[damage]","|","|-heal|p2a: Articuno|182/285|[from] item: Leftovers","|-damage|p1a: Girafarig|237/252 tox|[from] psn","|turn|3","|","|move|p2a: Articuno|Roost|p2a: Articuno","|-heal|p2a: Articuno|285/285","|move|p1a: Girafarig|Thunderbolt|p2a: Articuno","|-end|p2a: Articuno|Substitute","|","|-heal|p1a: Girafarig|252/252 tox|[from] item: Leftovers","|-damage|p1a: Girafarig|222/252 tox|[from] psn","|turn|4","|","|switch|p2a: Gourgeist|Gourgeist, L83, F|244/244","|move|p1a: Girafarig|Psychic|p2a: Gourgeist","|-damage|p2a: Gourgeist|147/244","|","|-heal|p1a: Girafarig|237/252 tox|[from] item: Leftovers","|-heal|p2a: Gourgeist|162/244|[from] item: Leftovers","|-damage|p1a: Girafarig|192/252 tox|[from] psn","|turn|5","|","|move|p1a: Girafarig|Psychic|p2a: Gourgeist","|-damage|p2a: Gourgeist|60/244","|move|p2a: Gourgeist|Leech Seed|p1a: Girafarig","|-boost|p1a: Girafarig|atk|1|[from] ability: Sap Sipper","|","|-heal|p1a: Girafarig|207/252 tox|[from] item: Leftovers","|-heal|p2a: Gourgeist|75/244|[from] item: Leftovers","|-damage|p1a: Girafarig|147/252 tox|[from] psn","|turn|6","|","|move|p2a: Gourgeist|Shadow Sneak|p1a: Girafarig","|-immune|p1a: Girafarig|[msg]","|move|p1a: Girafarig|Psychic|p2a: Gourgeist","|-damage|p2a: Gourgeist|0 fnt","|faint|p2a: Gourgeist","|","|-heal|p1a: Girafarig|162/252 tox|[from] item: Leftovers","|-damage|p1a: Girafarig|87/252 tox|[from] psn","|","|switch|p2a: Shaymin-Sky|Shaymin-Sky, L73|266/266","|turn|7","|","|move|p2a: Shaymin-Sky|Air Slash|p1a: Girafarig","|-damage|p1a: Girafarig|0 fnt","|-damage|p2a: Shaymin-Sky|240/266|[from] item: Life Orb","|faint|p1a: Girafarig","|","|","|switch|p1a: Breloom|Breloom, L75, M|214/214","|turn|8","|","|move|p1a: Breloom|Mach Punch|p2a: Shaymin-Sky","|-resisted|p2a: Shaymin-Sky","|-damage|p2a: Shaymin-Sky|185/266","|-damage|p1a: Breloom|193/214|[from] item: Life Orb","|move|p2a: Shaymin-Sky|Air Slash|p1a: Breloom|[miss]","|-miss|p2a: Shaymin-Sky|p1a: Breloom","|","|turn|9","|","|move|p2a: Shaymin-Sky|Air Slash|p1a: Breloom","|-supereffective|p1a: Breloom","|-damage|p1a: Breloom|0 fnt","|-damage|p2a: Shaymin-Sky|159/266|[from] item: Life Orb","|faint|p1a: Breloom","|","|","|switch|p1a: Venomoth|Venomoth, L79, M|239/239","|turn|10","|","|move|p2a: Shaymin-Sky|Air Slash|p1a: Venomoth","|-supereffective|p1a: Venomoth","|-damage|p1a: Venomoth|13/239","|-damage|p2a: Shaymin-Sky|133/266|[from] item: Life Orb","|cant|p1a: Venomoth|flinch","|","|-heal|p1a: Venomoth|27/239|[from] item: Black Sludge","|turn|11","|","|move|p2a: Shaymin-Sky|Hidden Power|p1a: Venomoth","|-supereffective|p1a: Venomoth","|-damage|p1a: Venomoth|0 fnt","|-damage|p2a: Shaymin-Sky|107/266|[from] item: Life Orb","|faint|p1a: Venomoth","|","|","|switch|p1a: Probopass|Probopass, L83, F|235/235","|-item|p1a: Probopass|Air Balloon","|turn|12","|","|move|p2a: Shaymin-Sky|Hidden Power|p1a: Probopass","|-crit|p1a: Probopass","|-damage|p1a: Probopass|188/235","|-enditem|p1a: Probopass|Air Balloon","|-damage|p2a: Shaymin-Sky|81/266|[from] item: Life Orb","|move|p1a: Probopass|Volt Switch|p2a: Shaymin-Sky","|-damage|p2a: Shaymin-Sky|24/266","|","|switch|p1a: Clefable|Clefable, L75, F|266/266","|","|turn|13","|","|move|p2a: Shaymin-Sky|Leech Seed|p1a: Clefable","|-start|p1a: Clefable|move: Leech Seed","|move|p1a: Clefable|Moonblast|p2a: Shaymin-Sky","|-damage|p2a: Shaymin-Sky|0 fnt","|faint|p2a: Shaymin-Sky","|","|","|switch|p2a: Metagross|Metagross, L75|244/244","|turn|14","|","|detailschange|p2a: Metagross|Metagross-Mega, L75","|-mega|p2a: Metagross|Metagross|Metagrossite","|move|p2a: Metagross|Agility|p2a: Metagross","|-boost|p2a: Metagross|spe|2","|move|p1a: Clefable|Fire Blast|p2a: Metagross","|-supereffective|p2a: Metagross","|-damage|p2a: Metagross|93/244","|","|turn|15","|","|move|p2a: Metagross|Meteor Mash|p1a: Clefable","|-supereffective|p1a: Clefable","|-damage|p1a: Clefable|0 fnt","|faint|p1a: Clefable","|","|","|switch|p1a: Probopass|Probopass, L83, F|188/235","|turn|16","|","|move|p2a: Metagross|Earthquake|p1a: Probopass","|-supereffective|p1a: Probopass","|-damage|p1a: Probopass|0 fnt","|faint|p1a: Probopass","|","|","|switch|p1a: Togekiss|Togekiss, L76, M|254/254","|turn|17","|","|move|p2a: Metagross|Meteor Mash|p1a: Togekiss","|-supereffective|p1a: Togekiss","|-damage|p1a: Togekiss|0 fnt","|faint|p1a: Togekiss","|","|win|Emg naru"],"p1rating":{"entryid":"6888133","serverid":"eos","formatid":"randombattle","userid":"gtxbookman","username":"Gtx Bookman","w":"10","l":25,"t":"0","gxe":33.5,"r":"1397.7397114476","rd":"64.019684448802","sigma":"0","rptime":"1439024400","rpr":1368.8232620269,"rprd":60.823126515927,"rpsigma":"0","acre":1000,"lacre":1000,"oldacre":"1000"},"p2rating":{"entryid":7490986,"formatid":"randombattle","userid":"emgnaru","username":"Emg naru","r":1500,"rd":130,"sigma":0,"rpr":1530.5091347543,"rprd":122.62735766473,"rpsigma":0,"rptime":1439024400,"w":1,"l":0,"t":0,"gxe":53.8,"acre":1040,"lacre":1040,"oldacre":1000},"endType":"normal"}