{"seed":[50456,33858,41462,48406],"turns":26,"p1":"kaleb6281","p2":"GTX♅bookman","p1team":[{"name":"Castform","moves":["weatherball","thunder","raindance","hurricane"],"ability":"Forecast","evs":{"hp":85,"atk":85,"def":85,"spa":85,"spd":85,"spe":85},"ivs":{"hp":31,"atk":31,"def":31,"spa":31,"spd":31,"spe":31},"item":"Damp Rock","level":83,"shiny":false},{"name":"Moltres","moves":["hiddenpowergrass","roost","toxic","hurricane"],"ability":"Pressure","evs":{"hp":81,"atk":85,"def":85,"spa":89,"spd":85,"spe":85},"ivs":{"hp":31,"atk":30,"def":31,"spa":30,"spd":31,"spe":31},"item":"Leftovers","level":78,"shiny":false},{"name":"Excadrill","moves":["earthquake","ironhead","rapidspin","rockslide"],"ability":"Mold Breaker","evs":{"hp":85,"atk":85,"def":85,"spa":85,"spd":85,"spe":85},"ivs":{"hp":31,"atk":31,"def":31,"spa":31,"spd":31,"spe":31},"item":"Assault Vest","level":75,"shiny":false},{"name":"Miltank","moves":["bodyslam","healbell","stealthrock","milkdrink"],"ability":"Sap Sipper","evs":{"hp":85,"atk":85,"def":85,"spa":85,"spd":85,"spe":85},"ivs":{"hp":31,"atk":31,"def":31,"spa":31,"spd":31,"spe":31},"item":"Leftovers","level":81,"shiny":false},{"name":"Eelektross","moves":["acidspray","thunderbolt","gigadrain","flamethrower"],"ability":"Levitate","evs":{"hp":85,"atk":85,"def":85,"spa":85,"spd":85,"spe":85},"ivs":{"hp":31,"atk":31,"def":31,"spa":31,"spd":31,"spe":31},"item":"Expert Belt","level":79,"shiny":false},{"name":"Rayquaza","moves":["vcreate","extremespeed","dragondance","dragonascent"],"ability":"Air Lock","evs":{"hp":85,"atk":85,"def":85,"spa":85,"spd":85,"spe":85},"ivs":{"hp":31,"atk":31,"def":31,"spa":31,"spd":31,"spe":31},"item":"Leftovers","level":71,"shiny":false}],"p2team":[{"name":"Blissey","moves":["wish","healbell","toxic","seismictoss"],"ability":"Natural Cure","evs":{"hp":85,"atk":85,"def":85,"spa":85,"spd":85,"spe":85},"ivs":{"hp":31,"atk":31,"def":31,"spa":31,"spd":31,"spe":31},"item":"Leftovers","level":77,"shiny":false},{"name":"Noivern","moves":["dracometeor","uturn","switcheroo","flamethrower"],"ability":"Infiltrator","evs":{"hp":85,"atk":85,"def":85,"spa":85,"spd":85,"spe":85},"ivs":{"hp":31,"atk":31,"def":31,"spa":31,"spd":31,"spe":31},"item":"Choice Scarf","level":78,"shiny":false},{"name":"Krookodile","moves":["stealthrock","knockoff","earthquake","superpower"],"ability":"Intimidate","evs":{"hp":85,"atk":85,"def":85,"spa":85,"spd":85,"spe":85},"ivs":{"hp":31,"atk":31,"def":31,"spa":31,"spd":31,"spe":31},"item":"Life Orb","level":77,"shiny":false},{"name":"Sceptile","moves":["earthquake","substitute","outrage","leafblade"],"ability":"Overgrow","evs":{"hp":85,"atk":85,"def":85,"spa":85,"spd":85,"spe":85},"ivs":{"hp":31,"atk":31,"def":31,"spa":31,"spd":31,"spe":31},"item":"Sceptilite","level":77,"shiny":false},{"name":"Amoonguss","moves":["hiddenpowerfire","sludgebomb","synthesis","gigadrain"],"ability":"Regenerator","evs":{"hp":85,"atk":85,"def":85,"spa":85,"spd":85,"spe":85},"ivs":{"hp":31,"atk":30,"def":31,"spa":30,"spd":31,"spe":30},"item":"Life Orb","level":79,"shiny":false},{"name":"Clefable","moves":["fireblast","calmmind","moonblast","stealthrock"],"ability":"Magic Guard","evs":{"hp":85,"atk":85,"def":85,"spa":85,"spd":85,"spe":85},"ivs":{"hp":31,"atk":31,"def":31,"spa":31,"spd":31,"spe":31},"item":"Life Orb","level":75,"shiny":false}],"log":["|player|p1|kaleb6281|68","|player|p2|GTX♅bookman|151","|gametype|singles","|gen|6","|tier|Random Battle","|rated","|rule|Sleep Clause Mod: Limit one foe put to sleep","|rule|HP Percentage Mod: HP is shown in percentages","|","|start","|switch|p1a: Castform|Castform, L83, F|252/252","|switch|p2a: Blissey|Blissey, L77, F|519/519","|turn|1","|","|move|p1a: Castform|Rain Dance|p1a: Castform","|-weather|RainDance","|-formechange|p1a: Castform|Castform-Rainy|[msg]","|move|p2a: Blissey|Seismic Toss|p1a: Castform","|-damage|p1a: Castform|175/252","|","|-weather|RainDance|[upkeep]","|turn|2","|","|move|p1a: Castform|Weather Ball|p2a: Blissey","|-damage|p2a: Blissey|414/519","|move|p2a: Blissey|Seismic Toss|p1a: Castform","|-damage|p1a: Castform|98/252","|","|-weather|RainDance|[upkeep]","|-heal|p2a: Blissey|446/519|[from] item: Leftovers","|turn|3","|","|move|p1a: Castform|Hurricane|p2a: Blissey","|-damage|p2a: Blissey|401/519","|move|p2a: Blissey|Seismic Toss|p1a: Castform","|-damage|p1a: Castform|21/252","|","|-weather|RainDance|[upkeep]","|-heal|p2a: Blissey|433/519|[from] item: Leftovers","|turn|4","|","|move|p1a: Castform|Rain Dance|p1a: Castform","|-fail|p1a: Castform","|move|p2a: Blissey|Seismic Toss|p1a: Castform","|-damage|p1a: Castform|0 fnt","|faint|p1a: Castform","|","|-weather|RainDance|[upkeep]","|-heal|p2a: Blissey|465/519|[from] item: Leftovers","|","|switch|p1a: Eelektross|Eelektross, L79, F|264/264","|turn|5","|","|move|p2a: Blissey|Seismic Toss|p1a: Eelektross","|-damage|p1a: Eelektross|187/264","|move|p1a: Eelektross|Acid Spray|p2a: Blissey","|-damage|p2a: Blissey|442/519","|-unboost|p2a: Blissey|spd|2","|","|-weather|RainDance|[upkeep]","|-heal|p2a: Blissey|474/519|[from] item: Leftovers","|turn|6","|","|move|p2a: Blissey|Seismic Toss|p1a: Eelektross","|-damage|p1a: Eelektross|110/264","|move|p1a: Eelektross|Flamethrower|p2a: Blissey","|-damage|p2a: Blissey|429/519","|","|-weather|RainDance|[upkeep]","|-heal|p2a: Blissey|461/519|[from] item: Leftovers","|turn|7","|","|move|p2a: Blissey|Seismic Toss|p1a: Eelektross","|-damage|p1a: Eelektross|33/264","|move|p1a: Eelektross|Thunderbolt|p2a: Blissey","|-damage|p2a: Blissey|331/519","|","|-weather|RainDance|[upkeep]","|-heal|p2a: Blissey|363/519|[from] item: Leftovers","|turn|8","|","|move|p2a: Blissey|Seismic Toss|p1a: Eelektross","|-damage|p1a: Eelektross|0 fnt","|faint|p1a: Eelektross","|","|-weather|none","|-heal|p2a: Blissey|395/519|[from] item: Leftovers","|","|switch|p1a: Excadrill|Excadrill, L75, F|289/289","|-ability|p1a: Excadrill|Mold Breaker","|turn|9","|","|switch|p1a: Rayquaza|Rayquaza, L71|267/267","|-ability|p1a: Rayquaza|Air Lock","|move|p2a: Blissey|Toxic|p1a: Rayquaza","|-status|p1a: Rayquaza|tox","|","|-heal|p2a: Blissey|427/519|[from] item: Leftovers","|-damage|p1a: Rayquaza|251/267 tox|[from] psn","|turn|10","|","|detailschange|p1a: Rayquaza|Rayquaza-Mega, L71","|-mega|p1a: Rayquaza|Rayquaza|","|-weather|DeltaStream","|move|p1a: Rayquaza|Dragon Ascent|p2a: Blissey","|-damage|p2a: Blissey|0 fnt","|-unboost|p1a: Rayquaza|def|1","|-unboost|p1a: Rayquaza|spd|1","|faint|p2a: Blissey","|","|-weather|DeltaStream|[upkeep]","|-heal|p1a: Rayquaza|267/267 tox|[from] item: Leftovers","|-damage|p1a: Rayquaza|235/267 tox|[from] psn","|","|switch|p2a: Clefable|Clefable, L75, F|266/266","|turn|11","|","|-weather|none","|switch|p1a: Excadrill|Excadrill, L75, F|289/289","|-ability|p1a: Excadrill|Mold Breaker","|move|p2a: Clefable|Moonblast|p1a: Excadrill","|-resisted|p1a: Excadrill","|-damage|p1a: Excadrill|244/289","|","|turn|12","|","|move|p1a: Excadrill|Iron Head|p2a: Clefable","|-supereffective|p2a: Clefable","|-damage|p2a: Clefable|50/266","|cant|p2a: Clefable|flinch","|","|turn|13","|","|move|p1a: Excadrill|Iron Head|p2a: Clefable","|-supereffective|p2a: Clefable","|-damage|p2a: Clefable|0 fnt","|faint|p2a: Clefable","|","|","|switch|p2a: Amoonguss|Amoonguss, L79, F|310/310","|turn|14","|","|move|p1a: Excadrill|Rock Slide|p2a: Amoonguss","|-damage|p2a: Amoonguss|242/310","|move|p2a: Amoonguss|Giga Drain|p1a: Excadrill","|-damage|p1a: Excadrill|170/289","|-heal|p2a: Amoonguss|279/310|[from] drain|[of] p1a: Excadrill","|-damage|p2a: Amoonguss|248/310|[from] item: Life Orb","|","|turn|15","|","|move|p1a: Excadrill|Earthquake|p2a: Amoonguss","|-damage|p2a: Amoonguss|113/310","|move|p2a: Amoonguss|Sludge Bomb|p1a: Excadrill","|-immune|p1a: Excadrill|[msg]","|","|turn|16","|","|move|p1a: Excadrill|Iron Head|p2a: Amoonguss","|-damage|p2a: Amoonguss|0 fnt","|faint|p2a: Amoonguss","|","|","|switch|p2a: Krookodile|Krookodile, L77, F|273/273","|-ability|p2a: Krookodile|Intimidate","|-unboost|p1a: Excadrill|atk|1","|turn|17","|","|move|p2a: Krookodile|Superpower|p1a: Excadrill","|-supereffective|p1a: Excadrill","|-damage|p1a: Excadrill|0 fnt","|-unboost|p2a: Krookodile|atk|1","|-unboost|p2a: Krookodile|def|1","|-damage|p2a: Krookodile|246/273|[from] item: Life Orb","|faint|p1a: Excadrill","|","|","|switch|p1a: Miltank|Miltank, L81, F|287/287","|turn|18","|","|move|p1a: Miltank|Body Slam|p2a: Krookodile","|-crit|p2a: Krookodile","|-damage|p2a: Krookodile|47/273","|move|p2a: Krookodile|Superpower|p1a: Miltank","|-supereffective|p1a: Miltank","|-damage|p1a: Miltank|167/287","|-unboost|p2a: Krookodile|atk|1","|-unboost|p2a: Krookodile|def|1","|-damage|p2a: Krookodile|20/273|[from] item: Life Orb","|","|-heal|p1a: Miltank|184/287|[from] item: Leftovers","|turn|19","|","|move|p1a: Miltank|Body Slam|p2a: Krookodile","|-damage|p2a: Krookodile|0 fnt","|faint|p2a: Krookodile","|","|-heal|p1a: Miltank|201/287|[from] item: Leftovers","|","|switch|p2a: Noivern|Noivern, L78, F|261/261","|turn|20","|","|switch|p1a: Moltres|Moltres, L78|268/268","|-ability|p1a: Moltres|Pressure","|move|p2a: Noivern|Draco Meteor|p1a: Moltres","|-damage|p1a: Moltres|130/268","|-unboost|p2a: Noivern|spa|2","|","|-heal|p1a: Moltres|146/268|[from] item: Leftovers","|turn|21","|","|move|p2a: Noivern|Draco Meteor|p1a: Moltres|[miss]","|-miss|p2a: Noivern|p1a: Moltres","|move|p1a: Moltres|Toxic|p2a: Noivern","|-status|p2a: Noivern|tox","|","|-heal|p1a: Moltres|162/268|[from] item: Leftovers","|-damage|p2a: Noivern|245/261 tox|[from] psn","|turn|22","|","|move|p2a: Noivern|Draco Meteor|p1a: Moltres","|-damage|p1a: Moltres|90/268","|-unboost|p2a: Noivern|spa|2","|move|p1a: Moltres|Hurricane|p2a: Noivern","|-damage|p2a: Noivern|109/261 tox","|","|-heal|p1a: Moltres|106/268|[from] item: Leftovers","|-damage|p2a: Noivern|77/261 tox|[from] psn","|turn|23","|","|move|p2a: Noivern|Draco Meteor|p1a: Moltres","|-damage|p1a: Moltres|58/268","|-unboost|p2a: Noivern|spa|2","|move|p1a: Moltres|Hurricane|p2a: Noivern","|-damage|p2a: Noivern|0 fnt","|faint|p2a: Noivern","|","|-heal|p1a: Moltres|74/268|[from] item: Leftovers","|","|switch|p2a: Sceptile|Sceptile, L77, M|234/234","|turn|24","|","|detailschange|p2a: Sceptile|Sceptile-Mega, L77, M","|-mega|p2a: Sceptile|Sceptile|Sceptilite","|move|p2a: Sceptile|Leaf Blade|p1a: Moltres","|-resisted|p1a: Moltres","|-damage|p1a: Moltres|51/268","|move|p1a: Moltres|Hurricane|p2a: Sceptile|[miss]","|-miss|p1a: Moltres|p2a: Sceptile","|","|-heal|p1a: Moltres|67/268|[from] item: Leftovers","|turn|25","|","|move|p2a: Sceptile|Outrage|p1a: Moltres","|-damage|p1a: Moltres|0 fnt","|faint|p1a: Moltres","|","|","|switch|p1a: Rayquaza|Rayquaza-Mega, L71|235/267 tox","|-weather|DeltaStream","|turn|26","|","|move|p2a: Sceptile|Outrage|p1a: Rayquaza|[from]lockedmove","|-supereffective|p1a: Rayquaza","|-damage|p1a: Rayquaza|1/267 tox","|-start|p2a: Sceptile|confusion|[fatigue]","|move|p1a: Rayquaza|Dragon Ascent|p2a: Sceptile","|-supereffective|p2a: Sceptile","|-damage|p2a: Sceptile|0 fnt","|-unboost|p1a: Rayquaza|def|1","|-unboost|p1a: Rayquaza|spd|1","|faint|p2a: Sceptile","|","|win|kaleb6281"],"p1rating":{"entryid":7490659,"formatid":"randombattle","userid":"kaleb6281","username":"kaleb6281","r":1500,"rd":130,"sigma":0,"rpr":1530.5091347543,"rprd":122.62735766473,"rpsigma":0,"rptime":1439024400,"w":1,"l":0,"t":0,"gxe":53.8,"acre":1040,"lacre":1040,"oldacre":1000},"p2rating":{"entryid":"6888133","serverid":"eos","formatid":"randombattle","userid":"gtxbookman","username":"Gtx Bookman","w":"10","l":24,"t":"0","gxe":34.3,"r":"1397.7397114476","rd":"64.019684448802","sigma":"0","rptime":"1439024400","rpr":1375.5112865617,"rprd":61.577204770004,"rpsigma":"0","acre":1000,"lacre":1000,"oldacre":"1000"},"endType":"normal"}