{"seed":[45672,35760,61294,24992],"turns":16,"p1":"GTX♅bookman","p2":"Odd Cytoplasm","p1team":[{"name":"Kyurem-Black","moves":["fusionbolt","outrage","roost","icebeam"],"ability":"Teravolt","evs":{"hp":85,"atk":85,"def":85,"spa":85,"spd":85,"spe":85},"ivs":{"hp":31,"atk":31,"def":31,"spa":31,"spd":31,"spe":31},"item":"Leftovers","level":75,"shiny":false},{"name":"Shaymin-Sky","moves":["leechseed","substitute","seedflare","hiddenpowerfire"],"ability":"Serene Grace","evs":{"hp":85,"atk":85,"def":85,"spa":85,"spd":85,"spe":85},"ivs":{"hp":31,"atk":30,"def":31,"spa":30,"spd":31,"spe":30},"item":"Leftovers","level":73,"shiny":false},{"name":"Deoxys-Attack","moves":["extremespeed","stealthrock","icebeam","psychoboost"],"ability":"Pressure","evs":{"hp":85,"atk":85,"def":85,"spa":85,"spd":85,"spe":85},"ivs":{"hp":31,"atk":31,"def":31,"spa":31,"spd":31,"spe":31},"item":"Life Orb","level":73,"shiny":false},{"name":"Zapdos","moves":["hiddenpowerice","thunderbolt","defog","toxic"],"ability":"Pressure","evs":{"hp":85,"atk":85,"def":85,"spa":85,"spd":85,"spe":85},"ivs":{"hp":31,"atk":30,"def":30,"spa":31,"spd":31,"spe":31},"item":"Leftovers","level":75,"shiny":false},{"name":"Weavile","moves":["pursuit","lowkick","iceshard","iciclecrash"],"ability":"Pressure","evs":{"hp":85,"atk":85,"def":85,"spa":85,"spd":85,"spe":85},"ivs":{"hp":31,"atk":31,"def":31,"spa":31,"spd":31,"spe":31},"item":"Choice Band","level":75,"shiny":false},{"name":"Wormadam-Trash","moves":["toxic","stealthrock","protect","gyroball"],"ability":"Overcoat","evs":{"hp":85,"atk":170,"def":85,"spa":85,"spd":85,"spe":0},"ivs":{"hp":31,"atk":31,"def":31,"spa":31,"spd":31,"spe":0},"item":"Leftovers","level":83,"shiny":false}],"p2team":[{"name":"Lugia","moves":["substitute","whirlwind","aeroblast","thunderwave"],"ability":"Multiscale","evs":{"hp":85,"atk":85,"def":85,"spa":85,"spd":85,"spe":85},"ivs":{"hp":31,"atk":31,"def":31,"spa":31,"spd":31,"spe":31},"item":"Leftovers","level":73,"shiny":false},{"name":"Cinccino","moves":["rockblast","wakeupslap","bulletseed","tailslap"],"ability":"Skill Link","evs":{"hp":85,"atk":85,"def":85,"spa":85,"spd":85,"spe":85},"ivs":{"hp":31,"atk":31,"def":31,"spa":31,"spd":31,"spe":31},"item":"Choice Band","level":79,"shiny":false},{"name":"Kingdra","moves":["raindance","dracometeor","ironhead","outrage"],"ability":"Swift Swim","evs":{"hp":85,"atk":85,"def":85,"spa":85,"spd":85,"spe":85},"ivs":{"hp":31,"atk":31,"def":31,"spa":31,"spd":31,"spe":31},"item":"Damp Rock","level":78,"shiny":false},{"name":"Plusle","moves":["encore","nastyplot","batonpass","thunderbolt"],"ability":"Lightning Rod","evs":{"hp":85,"atk":85,"def":85,"spa":85,"spd":85,"spe":85},"ivs":{"hp":31,"atk":31,"def":31,"spa":31,"spd":31,"spe":31},"item":"Air Balloon","level":83,"shiny":false},{"name":"Mewtwo","moves":["psystrike","shadowball","icebeam","aurasphere"],"ability":"Pressure","evs":{"hp":85,"atk":85,"def":85,"spa":85,"spd":85,"spe":85},"ivs":{"hp":31,"atk":31,"def":31,"spa":31,"spd":31,"spe":31},"item":"Mewtwonite Y","level":73,"shiny":false},{"name":"Venomoth","moves":["quiverdance","sleeppowder","bugbuzz","batonpass"],"ability":"Tinted Lens","evs":{"hp":81,"atk":85,"def":85,"spa":89,"spd":85,"spe":85},"ivs":{"hp":31,"atk":31,"def":31,"spa":31,"spd":31,"spe":31},"item":"Black Sludge","level":79,"shiny":false}],"log":["|player|p1|GTX♅bookman|151","|player|p2|Odd Cytoplasm|knightzygarde.png","|gametype|singles","|gen|6","|tier|Random Battle","|rated","|rule|Sleep Clause Mod: Limit one foe put to sleep","|rule|HP Percentage Mod: HP is shown in percentages","|","|start","|switch|p1a: Kyurem-Black|Kyurem-Black, L75|311/311","|switch|p2a: Lugia|Lugia, L73|275/275","|-ability|p1a: Kyurem-Black|Teravolt","|turn|1","|","|switch|p2a: Kingdra|Kingdra, L78, F|245/245","|move|p1a: Kyurem-Black|Fusion Bolt|p2a: Kingdra","|-damage|p2a: Kingdra|157/245","|","|turn|2","|","|move|p1a: Kyurem-Black|Fusion Bolt|p2a: Kingdra","|-damage|p2a: Kingdra|69/245","|move|p2a: Kingdra|Draco Meteor|p1a: Kyurem-Black","|-supereffective|p1a: Kyurem-Black","|-damage|p1a: Kyurem-Black|47/311","|-unboost|p2a: Kingdra|spa|2","|","|-heal|p1a: Kyurem-Black|66/311|[from] item: Leftovers","|turn|3","|","|move|p1a: Kyurem-Black|Outrage|p2a: Kingdra","|-supereffective|p2a: Kingdra","|-damage|p2a: Kingdra|0 fnt","|faint|p2a: Kingdra","|","|-heal|p1a: Kyurem-Black|85/311|[from] item: Leftovers","|","|switch|p2a: Venomoth|Venomoth, L79, F|239/239","|turn|4","|","|move|p2a: Venomoth|Bug Buzz|p1a: Kyurem-Black","|-damage|p1a: Kyurem-Black|0 fnt","|faint|p1a: Kyurem-Black","|","|","|switch|p1a: Wormadam-Trash|Wormadam-Trash, L83, F|235/235","|turn|5","|","|switch|p2a: Plusle|Plusle, L83, F|235/235","|-item|p2a: Plusle|Air Balloon","|move|p1a: Wormadam-Trash|Gyro Ball|p2a: Plusle","|-resisted|p2a: Plusle","|-damage|p2a: Plusle|174/235","|-enditem|p2a: Plusle|Air Balloon","|","|turn|6","|","|move|p2a: Plusle|Nasty Plot|p2a: Plusle","|-boost|p2a: Plusle|spa|2","|move|p1a: Wormadam-Trash|Toxic|p2a: Plusle","|-status|p2a: Plusle|tox","|","|-damage|p2a: Plusle|160/235 tox|[from] psn","|turn|7","|","|move|p2a: Plusle|Thunderbolt|p1a: Wormadam-Trash","|-damage|p1a: Wormadam-Trash|72/235","|move|p1a: Wormadam-Trash|Stealth Rock|p2a: Plusle","|-sidestart|p2: Odd Cytoplasm|move: Stealth Rock","|","|-heal|p1a: Wormadam-Trash|86/235|[from] item: Leftovers","|-damage|p2a: Plusle|132/235 tox|[from] psn","|turn|8","|","|move|p1a: Wormadam-Trash|Protect|p1a: Wormadam-Trash","|-singleturn|p1a: Wormadam-Trash|Protect","|move|p2a: Plusle|Thunderbolt|p1a: Wormadam-Trash","|-activate|p1a: Wormadam-Trash|Protect","|","|-heal|p1a: Wormadam-Trash|100/235|[from] item: Leftovers","|-damage|p2a: Plusle|90/235 tox|[from] psn","|turn|9","|","|move|p1a: Wormadam-Trash|Protect|p1a: Wormadam-Trash","|-singleturn|p1a: Wormadam-Trash|Protect","|move|p2a: Plusle|Thunderbolt|p1a: Wormadam-Trash","|-activate|p1a: Wormadam-Trash|Protect","|","|-heal|p1a: Wormadam-Trash|114/235|[from] item: Leftovers","|-damage|p2a: Plusle|34/235 tox|[from] psn","|turn|10","|","|move|p1a: Wormadam-Trash|Protect|p1a: Wormadam-Trash","|-fail|p1a: Wormadam-Trash","|move|p2a: Plusle|Thunderbolt|p1a: Wormadam-Trash","|-damage|p1a: Wormadam-Trash|0 fnt","|faint|p1a: Wormadam-Trash","|","|-damage|p2a: Plusle|0 fnt|[from] psn","|faint|p2a: Plusle","|","|switch|p1a: Weavile|Weavile, L75, F|229/229","|switch|p2a: Cinccino|Cinccino, L79, M|248/248","|-ability|p1a: Weavile|Pressure","|-damage|p2a: Cinccino|217/248|[from] Stealth Rock","|turn|11","|","|move|p1a: Weavile|Low Kick|p2a: Cinccino","|-supereffective|p2a: Cinccino","|-damage|p2a: Cinccino|157/248","|move|p2a: Cinccino|Tail Slap|p1a: Weavile","|-damage|p1a: Weavile|183/229","|-damage|p1a: Weavile|134/229","|-damage|p1a: Weavile|89/229","|-damage|p1a: Weavile|41/229","|-damage|p1a: Weavile|0 fnt","|-hitcount|p1a: Weavile|5","|faint|p1a: Weavile","|","|","|switch|p1a: Zapdos|Zapdos, L75|259/259","|-ability|p1a: Zapdos|Pressure","|turn|12","|","|move|p2a: Cinccino|Tail Slap|p1a: Zapdos","|-damage|p1a: Zapdos|220/259","|-damage|p1a: Zapdos|175/259","|-damage|p1a: Zapdos|138/259","|-damage|p1a: Zapdos|98/259","|-damage|p1a: Zapdos|61/259","|-hitcount|p1a: Zapdos|5","|move|p1a: Zapdos|Thunderbolt|p2a: Cinccino","|-damage|p2a: Cinccino|13/248","|","|-heal|p1a: Zapdos|77/259|[from] item: Leftovers","|turn|13","|","|move|p2a: Cinccino|Tail Slap|p1a: Zapdos|[miss]","|-miss|p2a: Cinccino|p1a: Zapdos","|move|p1a: Zapdos|Thunderbolt|p2a: Cinccino","|-damage|p2a: Cinccino|0 fnt","|faint|p2a: Cinccino","|","|-heal|p1a: Zapdos|93/259|[from] item: Leftovers","|","|switch|p2a: Mewtwo|Mewtwo, L73|275/275","|-damage|p2a: Mewtwo|241/275|[from] Stealth Rock","|-ability|p2a: Mewtwo|Pressure","|turn|14","|","|detailschange|p2a: Mewtwo|Mewtwo-Mega-Y, L73","|-mega|p2a: Mewtwo|Mewtwo|Mewtwonite Y","|move|p2a: Mewtwo|Ice Beam|p1a: Zapdos","|-supereffective|p1a: Zapdos","|-damage|p1a: Zapdos|0 fnt","|faint|p1a: Zapdos","|","|","|switch|p1a: Shaymin-Sky|Shaymin-Sky, L73|266/266","|turn|15","|","|move|p2a: Mewtwo|Ice Beam|p1a: Shaymin-Sky","|-supereffective|p1a: Shaymin-Sky","|-damage|p1a: Shaymin-Sky|0 fnt","|faint|p1a: Shaymin-Sky","|","|","|switch|p1a: Deoxys-Attack|Deoxys-Attack, L73|193/193","|-ability|p1a: Deoxys-Attack|Pressure","|turn|16","|","|move|p1a: Deoxys-Attack|Extreme Speed|p2a: Mewtwo","|-damage|p2a: Mewtwo|124/275","|-damage|p1a: Deoxys-Attack|174/193|[from] item: Life Orb","|move|p2a: Mewtwo|Shadow Ball|p1a: Deoxys-Attack","|-supereffective|p1a: Deoxys-Attack","|-damage|p1a: Deoxys-Attack|0 fnt","|faint|p1a: Deoxys-Attack","|","|win|Odd Cytoplasm"],"p1rating":{"entryid":"6888133","serverid":"eos","formatid":"randombattle","userid":"gtxbookman","username":"Gtx Bookman","w":"10","l":23,"t":"0","gxe":35.1,"r":"1397.7397114476","rd":"64.019684448802","sigma":"0","rptime":"1439024400","rpr":1382.5415759186,"rprd":62.360043857724,"rpsigma":"0","acre":1000,"lacre":1000,"oldacre":"1011.4556158967"},"p2rating":{"entryid":7490496,"formatid":"randombattle","userid":"oddcytoplasm","username":"Odd Cytoplasm","r":1500,"rd":130,"sigma":0,"rpr":1530.5091347543,"rprd":122.62735766473,"rpsigma":0,"rptime":1439024400,"w":1,"l":0,"t":0,"gxe":53.8,"acre":1041.3183987899,"lacre":1041.3183987899,"oldacre":1000},"endType":"normal"}