{"seed":[62089,8246,29206,23889],"turns":18,"p1":"AudreyMiddleton","p2":"izquierdo_garcia","p1team":[{"name":"Purugly","moves":["return","knockoff","suckerpunch","uturn"],"ability":"Thick Fat","evs":{"hp":85,"atk":85,"def":85,"spa":85,"spd":85,"spe":85},"ivs":{"hp":31,"atk":31,"def":31,"spa":31,"spd":31,"spe":31},"item":"Life Orb","level":83,"shiny":false},{"name":"Skarmory","moves":["bravebird","stealthrock","roost","defog"],"ability":"Sturdy","evs":{"hp":85,"atk":85,"def":85,"spa":85,"spd":85,"spe":85},"ivs":{"hp":31,"atk":31,"def":31,"spa":31,"spd":31,"spe":31},"item":"Leftovers","level":75,"shiny":false},{"name":"Hawlucha","moves":["acrobatics","substitute","thunderpunch","highjumpkick"],"ability":"Unburden","evs":{"hp":85,"atk":85,"def":85,"spa":85,"spd":85,"spe":85},"ivs":{"hp":31,"atk":31,"def":31,"spa":31,"spd":31,"spe":31},"item":"Flying Gem","level":76,"shiny":false},{"name":"Rotom","moves":["willowisp","voltswitch","thunderbolt","hiddenpowerice"],"ability":"Levitate","evs":{"hp":85,"atk":85,"def":85,"spa":85,"spd":85,"spe":85},"ivs":{"hp":31,"atk":30,"def":30,"spa":31,"spd":31,"spe":31},"item":"Life Orb","level":81,"shiny":false},{"name":"Golem","moves":["explosion","toxic","stealthrock","earthquake"],"ability":"Sturdy","evs":{"hp":85,"atk":85,"def":85,"spa":85,"spd":85,"spe":85},"ivs":{"hp":31,"atk":31,"def":31,"spa":31,"spd":31,"spe":31},"item":"Custap Berry","level":83,"shiny":false},{"name":"Machamp","moves":["stoneedge","substitute","icepunch","dynamicpunch"],"ability":"No Guard","evs":{"hp":85,"atk":85,"def":85,"spa":85,"spd":85,"spe":85},"ivs":{"hp":31,"atk":31,"def":31,"spa":31,"spd":31,"spe":31},"item":"Leftovers","level":77,"shiny":false}],"p2team":[{"name":"Espeon","moves":["substitute","dazzlinggleam","shadowball","psyshock"],"ability":"Magic Bounce","evs":{"hp":85,"atk":85,"def":85,"spa":85,"spd":85,"spe":85},"ivs":{"hp":31,"atk":31,"def":31,"spa":31,"spd":31,"spe":31},"item":"Leftovers","level":77,"shiny":false},{"name":"Krookodile","moves":["superpower","earthquake","stoneedge","knockoff"],"ability":"Intimidate","evs":{"hp":85,"atk":85,"def":85,"spa":85,"spd":85,"spe":85},"ivs":{"hp":31,"atk":31,"def":31,"spa":31,"spd":31,"spe":31},"item":"Choice Scarf","level":77,"shiny":false},{"name":"Accelgor","moves":["encore","gigadrain","yawn","bugbuzz"],"ability":"Hydration","evs":{"hp":81,"atk":85,"def":85,"spa":89,"spd":85,"spe":85},"ivs":{"hp":31,"atk":31,"def":31,"spa":31,"spd":31,"spe":31},"item":"Leftovers","level":79,"shiny":false},{"name":"Haxorus","moves":["outrage","earthquake","taunt","dragondance"],"ability":"Mold Breaker","evs":{"hp":85,"atk":85,"def":85,"spa":85,"spd":85,"spe":85},"ivs":{"hp":31,"atk":31,"def":31,"spa":31,"spd":31,"spe":31},"item":"Lum Berry","level":77,"shiny":false},{"name":"Pelipper","moves":["roost","uturn","toxic","hurricane"],"ability":"Rain Dish","evs":{"hp":85,"atk":85,"def":85,"spa":85,"spd":85,"spe":85},"ivs":{"hp":31,"atk":31,"def":31,"spa":31,"spd":31,"spe":31},"item":"Leftovers","level":83,"shiny":false},{"name":"Drapion","moves":["knockoff","swordsdance","taunt","poisonjab"],"ability":"Keen Eye","evs":{"hp":85,"atk":85,"def":85,"spa":85,"spd":85,"spe":85},"ivs":{"hp":31,"atk":31,"def":31,"spa":31,"spd":31,"spe":31},"item":"Black Sludge","level":79,"shiny":false}],"log":["|player|p1|AudreyMiddleton|158","|player|p2|izquierdo_garcia|169","|gametype|singles","|gen|6","|tier|Random Battle","|rated","|rule|Sleep Clause Mod: Limit one foe put to sleep","|rule|HP Percentage Mod: HP is shown in percentages","|","|start","|switch|p1a: Purugly|Purugly, L83, F|254/254","|switch|p2a: Espeon|Espeon, L77, F|227/227","|turn|1","|","|move|p1a: Purugly|Sucker Punch|p2a: Espeon","|-supereffective|p2a: Espeon","|-damage|p2a: Espeon|37/227","|-damage|p1a: Purugly|229/254|[from] item: Life Orb","|move|p2a: Espeon|Shadow Ball|p1a: Purugly","|-immune|p1a: Purugly|[msg]","|","|-heal|p2a: Espeon|51/227|[from] item: Leftovers","|turn|2","|","|move|p1a: Purugly|Knock Off|p2a: Espeon","|-supereffective|p2a: Espeon","|-damage|p2a: Espeon|0 fnt","|-enditem|p2a: Espeon|Leftovers|[from] move: Knock Off|[of] p1a: Purugly","|-damage|p1a: Purugly|204/254|[from] item: Life Orb","|faint|p2a: Espeon","|","|","|switch|p2a: Accelgor|Accelgor, L79, M|255/255","|turn|3","|","|move|p2a: Accelgor|Giga Drain|p1a: Purugly","|-damage|p1a: Purugly|136/254","|move|p1a: Purugly|Return|p2a: Accelgor","|-damage|p2a: Accelgor|35/255","|-damage|p1a: Purugly|111/254|[from] item: Life Orb","|","|-heal|p2a: Accelgor|50/255|[from] item: Leftovers","|turn|4","|","|move|p1a: Purugly|Sucker Punch|p2a: Accelgor","|-damage|p2a: Accelgor|0 fnt","|-damage|p1a: Purugly|86/254|[from] item: Life Orb","|faint|p2a: Accelgor","|","|","|switch|p2a: Krookodile|Krookodile, L77, F|273/273","|-ability|p2a: Krookodile|Intimidate","|-unboost|p1a: Purugly|atk|1","|turn|5","|","|move|p2a: Krookodile|Knock Off|p1a: Purugly","|-damage|p1a: Purugly|0 fnt","|-enditem|p1a: Purugly|Life Orb|[from] move: Knock Off|[of] p2a: Krookodile","|faint|p1a: Purugly","|","|","|switch|p1a: Machamp|Machamp, L77, F|265/265","|turn|6","|","|move|p2a: Krookodile|Knock Off|p1a: Machamp","|-resisted|p1a: Machamp","|-damage|p1a: Machamp|206/265","|-enditem|p1a: Machamp|Leftovers|[from] move: Knock Off|[of] p2a: Krookodile","|move|p1a: Machamp|Dynamic Punch|p2a: Krookodile","|-supereffective|p2a: Krookodile","|-damage|p2a: Krookodile|25/273","|-start|p2a: Krookodile|confusion","|","|turn|7","|","|-activate|p2a: Krookodile|confusion","|-damage|p2a: Krookodile|0 fnt|[from] confusion","|faint|p2a: Krookodile","|move|p1a: Machamp|Ice Punch|p2: Krookodile|[notarget]","|-notarget","|","|","|switch|p2a: Pelipper|Pelipper, L83, M|235/235","|turn|8","|","|move|p2a: Pelipper|Toxic|p1a: Machamp","|-status|p1a: Machamp|tox","|move|p1a: Machamp|Stone Edge|p2a: Pelipper","|-crit|p2a: Pelipper","|-supereffective|p2a: Pelipper","|-damage|p2a: Pelipper|37/235","|","|-heal|p2a: Pelipper|51/235|[from] item: Leftovers","|-damage|p1a: Machamp|190/265 tox|[from] psn","|turn|9","|","|move|p2a: Pelipper|Hurricane|p1a: Machamp","|-supereffective|p1a: Machamp","|-damage|p1a: Machamp|0 fnt","|faint|p1a: Machamp","|","|-heal|p2a: Pelipper|65/235|[from] item: Leftovers","|","|switch|p1a: Rotom|Rotom, L81|214/214","|turn|10","|","|move|p1a: Rotom|Thunderbolt|p2a: Pelipper","|-supereffective|p2a: Pelipper","|-damage|p2a: Pelipper|0 fnt","|-damage|p1a: Rotom|193/214|[from] item: Life Orb","|faint|p2a: Pelipper","|","|","|switch|p2a: Haxorus|Haxorus, L77, F|244/244","|-ability|p2a: Haxorus|Mold Breaker","|turn|11","|","|move|p1a: Rotom|Will-O-Wisp|p2a: Haxorus","|-status|p2a: Haxorus|brn","|-enditem|p2a: Haxorus|Lum Berry|[eat]","|-curestatus|p2a: Haxorus|brn","|move|p2a: Haxorus|Earthquake|p1a: Rotom","|-supereffective|p1a: Rotom","|-damage|p1a: Rotom|0 fnt","|faint|p1a: Rotom","|","|","|switch|p1a: Skarmory|Skarmory, L75, M|221/221","|turn|12","|","|move|p2a: Haxorus|Outrage|p1a: Skarmory","|-resisted|p1a: Skarmory","|-damage|p1a: Skarmory|163/221","|move|p1a: Skarmory|Stealth Rock|p2a: Haxorus","|-sidestart|p2: izquierdo_garcia|move: Stealth Rock","|","|-heal|p1a: Skarmory|176/221|[from] item: Leftovers","|turn|13","|","|move|p2a: Haxorus|Outrage|p1a: Skarmory|[from]lockedmove","|-resisted|p1a: Skarmory","|-damage|p1a: Skarmory|116/221","|-start|p2a: Haxorus|confusion|[fatigue]","|move|p1a: Skarmory|Brave Bird|p2a: Haxorus","|-damage|p2a: Haxorus|141/244","|-damage|p1a: Skarmory|82/221|[from] recoil|[of] p2a: Haxorus","|","|-heal|p1a: Skarmory|95/221|[from] item: Leftovers","|turn|14","|","|-activate|p2a: Haxorus|confusion","|-damage|p2a: Haxorus|103/244|[from] confusion","|move|p1a: Skarmory|Brave Bird|p2a: Haxorus","|-damage|p2a: Haxorus|13/244","|-damage|p1a: Skarmory|65/221|[from] recoil|[of] p2a: Haxorus","|","|-heal|p1a: Skarmory|78/221|[from] item: Leftovers","|turn|15","|","|-activate|p2a: Haxorus|confusion","|move|p2a: Haxorus|Earthquake|p1a: Skarmory","|-immune|p1a: Skarmory|[msg]","|move|p1a: Skarmory|Brave Bird|p2a: Haxorus","|-damage|p2a: Haxorus|0 fnt","|-damage|p1a: Skarmory|74/221|[from] recoil|[of] p2a: Haxorus","|faint|p2a: Haxorus","|","|-heal|p1a: Skarmory|87/221|[from] item: Leftovers","|","|switch|p2a: Drapion|Drapion, L79, F|240/240","|-damage|p2a: Drapion|210/240|[from] Stealth Rock","|turn|16","|","|move|p2a: Drapion|Knock Off|p1a: Skarmory","|-damage|p1a: Skarmory|20/221","|-enditem|p1a: Skarmory|Leftovers|[from] move: Knock Off|[of] p2a: Drapion","|move|p1a: Skarmory|Brave Bird|p2a: Drapion","|-damage|p2a: Drapion|135/240","|-damage|p1a: Skarmory|0 fnt|[from] recoil|[of] p2a: Drapion","|faint|p1a: Skarmory","|","|-heal|p2a: Drapion|150/240|[from] item: Black Sludge","|","|switch|p1a: Hawlucha|Hawlucha, L76, M|244/244","|turn|17","|","|move|p1a: Hawlucha|Acrobatics|p2a: Drapion","|-enditem|p1a: Hawlucha|Flying Gem|[from] gem|[move] Acrobatics","|-damage|p2a: Drapion|42/240","|move|p2a: Drapion|Poison Jab|p1a: Hawlucha","|-damage|p1a: Hawlucha|148/244","|","|-heal|p2a: Drapion|57/240|[from] item: Black Sludge","|turn|18","|","|move|p1a: Hawlucha|Acrobatics|p2a: Drapion","|-damage|p2a: Drapion|0 fnt","|faint|p2a: Drapion","|","|win|AudreyMiddleton"],"p1rating":{"entryid":416782,"formatid":"randombattle","userid":"audreymiddleton","username":"AudreyMiddleton","r":1500,"rd":130,"sigma":0,"rpr":1540.1606143388,"rprd":122.8583080769,"rpsigma":0,"rptime":1440406800,"w":1,"l":0,"t":0,"gxe":55,"acre":1040,"lacre":1040,"oldacre":1000},"p2rating":{"entryid":416783,"formatid":"randombattle","userid":"izquierdogarcia","username":"izquierdo_garcia","r":1500,"rd":130,"sigma":0,"rpr":1459.8393856612,"rprd":122.8583080769,"rpsigma":0,"rptime":1440406800,"w":0,"l":1,"t":0,"gxe":45,"acre":1000,"lacre":1000,"oldacre":1000},"endType":"normal"}