{"seed":[1976,977,27480,5480],"turns":22,"p1":"folafola98","p2":"Magical Gift Box","p1team":[{"name":"Granbull","moves":["healbell","thunderwave","earthquake","playrough"],"ability":"Intimidate","evs":{"hp":85,"atk":85,"def":85,"spa":85,"spd":85,"spe":85},"ivs":{"hp":31,"atk":31,"def":31,"spa":31,"spd":31,"spe":31},"item":"Focus Sash","level":81,"shiny":false},{"name":"Weezing","moves":["painsplit","toxicspikes","protect","sludgebomb"],"ability":"Levitate","evs":{"hp":85,"atk":85,"def":85,"spa":85,"spd":85,"spe":85},"ivs":{"hp":31,"atk":31,"def":31,"spa":31,"spd":31,"spe":31},"item":"Black Sludge","level":81,"shiny":false},{"name":"Simipour","moves":["icebeam","substitute","nastyplot","hydropump"],"ability":"Torrent","evs":{"hp":85,"atk":85,"def":85,"spa":85,"spd":85,"spe":85},"ivs":{"hp":31,"atk":31,"def":31,"spa":31,"spd":31,"spe":31},"item":"Leftovers","level":83,"shiny":false},{"name":"Aurorus","moves":["stealthrock","encore","earthpower","blizzard"],"ability":"Snow Warning","evs":{"hp":81,"atk":85,"def":85,"spa":89,"spd":85,"spe":85},"ivs":{"hp":31,"atk":31,"def":31,"spa":31,"spd":31,"spe":31},"item":"Leftovers","level":81,"shiny":false},{"name":"Porygon-Z","moves":["triattack","agility","thunderbolt","darkpulse"],"ability":"Download","evs":{"hp":85,"atk":85,"def":85,"spa":85,"spd":85,"spe":85},"ivs":{"hp":31,"atk":31,"def":31,"spa":31,"spd":31,"spe":31},"item":"Life Orb","level":77,"shiny":false},{"name":"Flygon","moves":["defog","outrage","uturn","firepunch"],"ability":"Levitate","evs":{"hp":85,"atk":85,"def":85,"spa":85,"spd":85,"spe":85},"ivs":{"hp":31,"atk":31,"def":31,"spa":31,"spd":31,"spe":31},"item":"Life Orb","level":79,"shiny":false}],"p2team":[{"name":"Basculin-Blue-Striped","moves":["aquajet","superpower","crunch","zenheadbutt"],"ability":"Adaptability","evs":{"hp":85,"atk":85,"def":85,"spa":85,"spd":85,"spe":85},"ivs":{"hp":31,"atk":31,"def":31,"spa":31,"spd":31,"spe":31},"item":"Choice Band","level":83,"shiny":false},{"name":"Excadrill","moves":["ironhead","swordsdance","earthquake","rockslide"],"ability":"Mold Breaker","evs":{"hp":85,"atk":85,"def":85,"spa":85,"spd":85,"spe":85},"ivs":{"hp":31,"atk":31,"def":31,"spa":31,"spd":31,"spe":31},"item":"Life Orb","level":75,"shiny":false},{"name":"Hypno","moves":["seismictoss","foulplay","psychic","toxic"],"ability":"Insomnia","evs":{"hp":85,"atk":85,"def":85,"spa":85,"spd":85,"spe":85},"ivs":{"hp":31,"atk":31,"def":31,"spa":31,"spd":31,"spe":31},"item":"Life Orb","level":83,"shiny":false},{"name":"Greninja","moves":["gunkshot","spikes","hydropump","taunt"],"ability":"Protean","evs":{"hp":85,"atk":85,"def":85,"spa":85,"spd":85,"spe":85},"ivs":{"hp":31,"atk":31,"def":31,"spa":31,"spd":31,"spe":31},"item":"Leftovers","level":74,"shiny":false},{"name":"Trevenant","moves":["phantomforce","rest","substitute","hornleech"],"ability":"Natural Cure","evs":{"hp":85,"atk":85,"def":85,"spa":85,"spd":85,"spe":85},"ivs":{"hp":31,"atk":31,"def":31,"spa":31,"spd":31,"spe":31},"item":"Leftovers","level":79,"shiny":false},{"name":"Snorlax","moves":["return","curse","firepunch","whirlwind"],"ability":"Thick Fat","evs":{"hp":85,"atk":85,"def":85,"spa":85,"spd":85,"spe":85},"ivs":{"hp":31,"atk":31,"def":31,"spa":31,"spd":31,"spe":31},"item":"Leftovers","level":77,"shiny":false}],"log":["|player|p1|folafola98|129","|player|p2|Magical Gift Box|285","|gametype|singles","|gen|6","|tier|Random Battle","|rated","|rule|Sleep Clause Mod: Limit one foe put to sleep","|rule|HP Percentage Mod: HP is shown in percentages","|","|start","|switch|p1a: Granbull|Granbull, L81, M|278/278","|switch|p2a: Basculin-Blue-Stripe|Basculin-Blue-Striped, L83, F|252/252","|-ability|p1a: Granbull|Intimidate","|-unboost|p2a: Basculin-Blue-Stripe|atk|1","|turn|1","|","|switch|p2a: Snorlax|Snorlax, L77, F|373/373","|move|p1a: Granbull|Play Rough|p2a: Snorlax","|-damage|p2a: Snorlax|228/373","|","|-heal|p2a: Snorlax|251/373|[from] item: Leftovers","|turn|2","|","|move|p1a: Granbull|Thunder Wave|p2a: Snorlax","|-status|p2a: Snorlax|par","|move|p2a: Snorlax|Return|p1a: Granbull","|-damage|p1a: Granbull|170/278","|","|-heal|p2a: Snorlax|274/373 par|[from] item: Leftovers","|turn|3","|","|move|p1a: Granbull|Earthquake|p2a: Snorlax","|-damage|p2a: Snorlax|166/373 par","|move|p2a: Snorlax|Curse|p2a: Snorlax","|-unboost|p2a: Snorlax|spe|1","|-boost|p2a: Snorlax|atk|1","|-boost|p2a: Snorlax|def|1","|","|-heal|p2a: Snorlax|189/373 par|[from] item: Leftovers","|turn|4","|","|move|p1a: Granbull|Earthquake|p2a: Snorlax","|-damage|p2a: Snorlax|116/373 par","|move|p2a: Snorlax|Return|p1a: Granbull","|-damage|p1a: Granbull|0 fnt","|faint|p1a: Granbull","|","|-heal|p2a: Snorlax|139/373 par|[from] item: Leftovers","|","|switch|p1a: Flygon|Flygon, L79, M|256/256","|turn|5","|","|move|p1a: Flygon|Outrage|p2a: Snorlax","|-crit|p2a: Snorlax","|-damage|p2a: Snorlax|0 fnt","|-damage|p1a: Flygon|231/256|[from] item: Life Orb","|faint|p2a: Snorlax","|","|","|switch|p2a: Excadrill|Excadrill, L75, F|289/289","|-ability|p2a: Excadrill|Mold Breaker","|turn|6","|","|move|p1a: Flygon|Outrage|p2a: Excadrill|[from]lockedmove","|-resisted|p2a: Excadrill","|-damage|p2a: Excadrill|188/289","|-damage|p1a: Flygon|206/256|[from] item: Life Orb","|move|p2a: Excadrill|Earthquake|p1a: Flygon","|-damage|p1a: Flygon|27/256","|-damage|p2a: Excadrill|160/289|[from] item: Life Orb","|","|turn|7","|","|move|p1a: Flygon|Outrage|p2a: Excadrill|[from]lockedmove","|-resisted|p2a: Excadrill","|-damage|p2a: Excadrill|48/289","|-damage|p1a: Flygon|2/256|[from] item: Life Orb","|-start|p1a: Flygon|confusion|[fatigue]","|move|p2a: Excadrill|Earthquake|p1a: Flygon","|-damage|p1a: Flygon|0 fnt","|-damage|p2a: Excadrill|20/289|[from] item: Life Orb","|faint|p1a: Flygon","|","|","|switch|p1a: Weezing|Weezing, L81, F|238/238","|turn|8","|","|move|p2a: Excadrill|Earthquake|p1a: Weezing","|-supereffective|p1a: Weezing","|-damage|p1a: Weezing|9/238","|-damage|p2a: Excadrill|0 fnt|[from] item: Life Orb","|faint|p2a: Excadrill","|move|p1a: Weezing|Sludge Bomb|p2: Excadrill|[notarget]","|-notarget","|","|-heal|p1a: Weezing|23/238|[from] item: Black Sludge","|","|switch|p2a: Hypno|Hypno, L83, M|277/277","|turn|9","|","|move|p1a: Weezing|Protect|p1a: Weezing","|-singleturn|p1a: Weezing|Protect","|move|p2a: Hypno|Psychic|p1a: Weezing","|-activate|p1a: Weezing|Protect","|","|-heal|p1a: Weezing|37/238|[from] item: Black Sludge","|turn|10","|","|move|p2a: Hypno|Seismic Toss|p1a: Weezing","|-damage|p1a: Weezing|0 fnt","|-damage|p2a: Hypno|250/277|[from] item: Life Orb","|faint|p1a: Weezing","|","|","|switch|p1a: Porygon-Z|Porygon-Z, L77|257/257","|-boost|p1a: Porygon-Z|atk|1|[from] ability: Download","|turn|11","|","|move|p1a: Porygon-Z|Tri Attack|p2a: Hypno","|-crit|p2a: Hypno","|-damage|p2a: Hypno|104/277","|-damage|p1a: Porygon-Z|232/257|[from] item: Life Orb","|move|p2a: Hypno|Psychic|p1a: Porygon-Z","|-crit|p1a: Porygon-Z","|-damage|p1a: Porygon-Z|60/257","|-damage|p2a: Hypno|77/277|[from] item: Life Orb","|","|turn|12","|","|switch|p2a: Trevenant|Trevenant, L79, F|264/264","|move|p1a: Porygon-Z|Tri Attack|p2a: Trevenant","|-immune|p2a: Trevenant|[msg]","|","|turn|13","|","|move|p1a: Porygon-Z|Dark Pulse|p2a: Trevenant","|-supereffective|p2a: Trevenant","|-damage|p2a: Trevenant|74/264","|-damage|p1a: Porygon-Z|35/257|[from] item: Life Orb","|cant|p2a: Trevenant|flinch","|","|-heal|p2a: Trevenant|90/264|[from] item: Leftovers","|turn|14","|","|move|p1a: Porygon-Z|Dark Pulse|p2a: Trevenant","|-supereffective|p2a: Trevenant","|-damage|p2a: Trevenant|0 fnt","|-damage|p1a: Porygon-Z|10/257|[from] item: Life Orb","|faint|p2a: Trevenant","|","|","|switch|p2a: Basculin-Blue-Stripe|Basculin-Blue-Striped, L83, F|252/252","|turn|15","|","|move|p2a: Basculin-Blue-Stripe|Aqua Jet|p1a: Porygon-Z","|-damage|p1a: Porygon-Z|0 fnt","|faint|p1a: Porygon-Z","|","|","|switch|p1a: Simipour|Simipour, L83, M|260/260","|turn|16","|","|switch|p2a: Hypno|Hypno, L83, M|77/277","|move|p1a: Simipour|Hydro Pump|p2a: Hypno|[miss]","|-miss|p1a: Simipour|p2a: Hypno","|","|turn|17","|","|move|p1a: Simipour|Ice Beam|p2a: Hypno","|-damage|p2a: Hypno|24/277","|move|p2a: Hypno|Toxic|p1a: Simipour","|-status|p1a: Simipour|tox","|","|-damage|p1a: Simipour|244/260 tox|[from] psn","|turn|18","|","|switch|p2a: Basculin-Blue-Stripe|Basculin-Blue-Striped, L83, F|252/252","|move|p1a: Simipour|Ice Beam|p2a: Basculin-Blue-Stripe","|-resisted|p2a: Basculin-Blue-Stripe","|-damage|p2a: Basculin-Blue-Stripe|208/252","|","|-heal|p1a: Simipour|260/260 tox|[from] item: Leftovers","|-damage|p1a: Simipour|228/260 tox|[from] psn","|turn|19","|","|move|p1a: Simipour|Hydro Pump|p2a: Basculin-Blue-Stripe","|-resisted|p2a: Basculin-Blue-Stripe","|-damage|p2a: Basculin-Blue-Stripe|127/252","|move|p2a: Basculin-Blue-Stripe|Crunch|p1a: Simipour","|-damage|p1a: Simipour|130/260 tox","|","|-heal|p1a: Simipour|146/260 tox|[from] item: Leftovers","|-damage|p1a: Simipour|98/260 tox|[from] psn","|turn|20","|","|move|p1a: Simipour|Hydro Pump|p2a: Basculin-Blue-Stripe|[miss]","|-miss|p1a: Simipour|p2a: Basculin-Blue-Stripe","|move|p2a: Basculin-Blue-Stripe|Crunch|p1a: Simipour","|-damage|p1a: Simipour|0 fnt","|faint|p1a: Simipour","|","|","|switch|p1a: Aurorus|Aurorus, L81, F|331/331","|-weather|Hail","|turn|21","|","|switch|p2a: Hypno|Hypno, L83, M|24/277","|move|p1a: Aurorus|Blizzard|p2a: Hypno","|-damage|p2a: Hypno|0 fnt","|faint|p2a: Hypno","|","|-weather|Hail|[upkeep]","|","|switch|p2a: Basculin-Blue-Stripe|Basculin-Blue-Striped, L83, F|127/252","|turn|22","|","|move|p2a: Basculin-Blue-Stripe|Superpower|p1a: Aurorus","|-supereffective|p1a: Aurorus","|-damage|p1a: Aurorus|0 fnt","|-unboost|p2a: Basculin-Blue-Stripe|atk|1","|-unboost|p2a: Basculin-Blue-Stripe|def|1","|faint|p1a: Aurorus","|","|win|Magical Gift Box"],"p1rating":{"entryid":"405852","serverid":"eos","formatid":"randombattle","userid":"folafola98","username":"folafola98","w":"0","l":2,"t":"0","gxe":41.4,"r":"1500","rd":"130","sigma":"0","rptime":"1440406800","rpr":1431.0979294534,"rprd":116.75444686792,"rpsigma":"0","acre":1000,"lacre":1000,"oldacre":"1000"},"p2rating":{"entryid":406603,"formatid":"randombattle","userid":"magicalgiftbox","username":"Magical Gift Box","r":1500,"rd":130,"sigma":0,"rpr":1540.1606143388,"rprd":122.8583080769,"rpsigma":0,"rptime":1440406800,"w":1,"l":0,"t":0,"gxe":55,"acre":1040,"lacre":1040,"oldacre":1000},"endType":"normal"}