{"seed":[48310,10200,13686,1746],"turns":13,"p1":"folafola9","p2":"Rain ☆Panda","p1team":[{"name":"Wigglytuff","moves":["wish","fireblast","protect","dazzlinggleam"],"ability":"Competitive","evs":{"hp":85,"atk":85,"def":85,"spa":85,"spd":85,"spe":85},"ivs":{"hp":31,"atk":31,"def":31,"spa":31,"spd":31,"spe":31},"item":"Leftovers","level":83,"shiny":false},{"name":"Garbodor","moves":["toxicspikes","rockblast","gunkshot","painsplit"],"ability":"Aftermath","evs":{"hp":85,"atk":85,"def":85,"spa":85,"spd":85,"spe":85},"ivs":{"hp":31,"atk":31,"def":31,"spa":31,"spd":31,"spe":31},"item":"Black Sludge","level":81,"shiny":false},{"name":"Scolipede","moves":["rockslide","poisonjab","substitute","earthquake"],"ability":"Speed Boost","evs":{"hp":81,"atk":89,"def":85,"spa":85,"spd":85,"spe":85},"ivs":{"hp":31,"atk":31,"def":31,"spa":31,"spd":31,"spe":31},"item":"Black Sludge","level":76,"shiny":false},{"name":"Leafeon","moves":["swordsdance","synthesis","batonpass","leafblade"],"ability":"Chlorophyll","evs":{"hp":85,"atk":85,"def":85,"spa":85,"spd":85,"spe":85},"ivs":{"hp":31,"atk":31,"def":31,"spa":31,"spd":31,"spe":31},"item":"Leftovers","level":83,"shiny":false},{"name":"Deoxys-Defense","moves":["recover","taunt","toxic","spikes"],"ability":"Pressure","evs":{"hp":85,"atk":85,"def":85,"spa":85,"spd":85,"spe":85},"ivs":{"hp":31,"atk":31,"def":31,"spa":31,"spd":31,"spe":31},"item":"Leftovers","level":73,"shiny":false},{"name":"Donphan","moves":["stealthrock","iceshard","knockoff","earthquake"],"ability":"Sturdy","evs":{"hp":85,"atk":85,"def":85,"spa":85,"spd":85,"spe":85},"ivs":{"hp":31,"atk":31,"def":31,"spa":31,"spd":31,"spe":31},"item":"Leftovers","level":77,"shiny":false}],"p2team":[{"name":"Bisharp","moves":["knockoff","ironhead","substitute","brickbreak"],"ability":"Defiant","evs":{"hp":85,"atk":85,"def":85,"spa":85,"spd":85,"spe":85},"ivs":{"hp":31,"atk":31,"def":31,"spa":31,"spd":31,"spe":31},"item":"Leftovers","level":75,"shiny":false},{"name":"Beautifly","moves":["gigadrain","bugbuzz","quiverdance","aircutter"],"ability":"Swarm","evs":{"hp":85,"atk":85,"def":85,"spa":85,"spd":85,"spe":85},"ivs":{"hp":31,"atk":31,"def":31,"spa":31,"spd":31,"spe":31},"item":"Life Orb","level":83,"shiny":false},{"name":"Mawile","moves":["focuspunch","substitute","swordsdance","playrough"],"ability":"Intimidate","evs":{"hp":85,"atk":85,"def":85,"spa":85,"spd":85,"spe":85},"ivs":{"hp":31,"atk":31,"def":31,"spa":31,"spd":31,"spe":31},"item":"Mawilite","level":74,"shiny":false},{"name":"Meloetta","moves":["relicsong","knockoff","closecombat","return"],"ability":"Serene Grace","evs":{"hp":85,"atk":85,"def":85,"spa":85,"spd":85,"spe":85},"ivs":{"hp":31,"atk":31,"def":31,"spa":31,"spd":31,"spe":31},"item":"Life Orb","level":79,"shiny":false},{"name":"Togekiss","moves":["roost","airslash","batonpass","nastyplot"],"ability":"Serene Grace","evs":{"hp":85,"atk":85,"def":85,"spa":85,"spd":85,"spe":85},"ivs":{"hp":31,"atk":31,"def":31,"spa":31,"spd":31,"spe":31},"item":"Leftovers","level":76,"shiny":false},{"name":"Rotom-Wash","moves":["hiddenpowerice","willowisp","painsplit","voltswitch"],"ability":"Levitate","evs":{"hp":85,"atk":85,"def":85,"spa":85,"spd":85,"spe":85},"ivs":{"hp":31,"atk":30,"def":30,"spa":31,"spd":31,"spe":31},"item":"Leftovers","level":75,"shiny":false}],"log":["|player|p1|folafola9|102","|player|p2|Rain ☆Panda|70","|gametype|singles","|gen|6","|tier|Random Battle","|rated","|rule|Sleep Clause Mod: Limit one foe put to sleep","|rule|HP Percentage Mod: HP is shown in percentages","|","|start","|switch|p1a: Wigglytuff|Wigglytuff, L83, F|368/368","|switch|p2a: Bisharp|Bisharp, L75, M|221/221","|turn|1","|","|move|p2a: Bisharp|Substitute|p2a: Bisharp","|-start|p2a: Bisharp|Substitute","|-damage|p2a: Bisharp|166/221","|move|p1a: Wigglytuff|Fire Blast|p2a: Bisharp","|-supereffective|p2a: Bisharp","|-end|p2a: Bisharp|Substitute","|","|-heal|p2a: Bisharp|179/221|[from] item: Leftovers","|turn|2","|","|move|p2a: Bisharp|Iron Head|p1a: Wigglytuff","|-supereffective|p1a: Wigglytuff","|-damage|p1a: Wigglytuff|90/368","|move|p1a: Wigglytuff|Fire Blast|p2a: Bisharp","|-supereffective|p2a: Bisharp","|-damage|p2a: Bisharp|0 fnt","|faint|p2a: Bisharp","|","|-heal|p1a: Wigglytuff|113/368|[from] item: Leftovers","|","|switch|p2a: Togekiss|Togekiss, L76, F|254/254","|turn|3","|","|move|p2a: Togekiss|Nasty Plot|p2a: Togekiss","|-boost|p2a: Togekiss|spa|2","|move|p1a: Wigglytuff|Fire Blast|p2a: Togekiss","|-damage|p2a: Togekiss|195/254","|","|-heal|p2a: Togekiss|210/254|[from] item: Leftovers","|-heal|p1a: Wigglytuff|136/368|[from] item: Leftovers","|turn|4","|","|move|p2a: Togekiss|Air Slash|p1a: Wigglytuff","|-damage|p1a: Wigglytuff|0 fnt","|faint|p1a: Wigglytuff","|","|-heal|p2a: Togekiss|225/254|[from] item: Leftovers","|","|switch|p1a: Donphan|Donphan, L77, F|265/265","|turn|5","|","|move|p2a: Togekiss|Air Slash|p1a: Donphan","|-damage|p1a: Donphan|28/265","|move|p1a: Donphan|Stealth Rock|p2a: Togekiss","|-sidestart|p2: Rain ☆Panda|move: Stealth Rock","|","|-heal|p2a: Togekiss|240/254|[from] item: Leftovers","|-heal|p1a: Donphan|44/265|[from] item: Leftovers","|turn|6","|","|move|p1a: Donphan|Ice Shard|p2a: Togekiss","|-supereffective|p2a: Togekiss","|-damage|p2a: Togekiss|178/254","|move|p2a: Togekiss|Air Slash|p1a: Donphan","|-damage|p1a: Donphan|0 fnt","|faint|p1a: Donphan","|","|-heal|p2a: Togekiss|193/254|[from] item: Leftovers","|","|switch|p1a: Scolipede|Scolipede, L76, F|215/215","|turn|7","|","|switch|p1a: Leafeon|Leafeon, L83, M|244/244","|move|p2a: Togekiss|Air Slash|p1a: Leafeon","|-supereffective|p1a: Leafeon","|-damage|p1a: Leafeon|0 fnt","|faint|p1a: Leafeon","|","|-heal|p2a: Togekiss|208/254|[from] item: Leftovers","|","|switch|p1a: Deoxys-Defense|Deoxys-Defense, L73|193/193","|-ability|p1a: Deoxys-Defense|Pressure","|turn|8","|","|move|p1a: Deoxys-Defense|Toxic|p2a: Togekiss","|-status|p2a: Togekiss|tox","|move|p2a: Togekiss|Air Slash|p1a: Deoxys-Defense","|-damage|p1a: Deoxys-Defense|84/193","|","|-heal|p1a: Deoxys-Defense|96/193|[from] item: Leftovers","|-heal|p2a: Togekiss|223/254 tox|[from] item: Leftovers","|-damage|p2a: Togekiss|208/254 tox|[from] psn","|turn|9","|","|switch|p1a: Scolipede|Scolipede, L76, F|215/215","|move|p2a: Togekiss|Air Slash|p1a: Scolipede","|-supereffective|p1a: Scolipede","|-damage|p1a: Scolipede|0 fnt","|faint|p1a: Scolipede","|","|-heal|p2a: Togekiss|223/254 tox|[from] item: Leftovers","|-damage|p2a: Togekiss|193/254 tox|[from] psn","|","|switch|p1a: Garbodor|Garbodor, L81, F|262/262","|turn|10","|","|move|p1a: Garbodor|Rock Blast|p2a: Togekiss|[miss]","|-miss|p1a: Garbodor|p2a: Togekiss","|move|p2a: Togekiss|Air Slash|p1a: Garbodor","|-crit|p1a: Garbodor","|-damage|p1a: Garbodor|21/262","|","|-heal|p1a: Garbodor|37/262|[from] item: Black Sludge","|-heal|p2a: Togekiss|208/254 tox|[from] item: Leftovers","|-damage|p2a: Togekiss|163/254 tox|[from] psn","|turn|11","|","|move|p1a: Garbodor|Rock Blast|p2a: Togekiss","|-supereffective|p2a: Togekiss","|-damage|p2a: Togekiss|127/254 tox","|-supereffective|p2a: Togekiss","|-damage|p2a: Togekiss|91/254 tox","|-supereffective|p2a: Togekiss","|-damage|p2a: Togekiss|53/254 tox","|-supereffective|p2a: Togekiss","|-damage|p2a: Togekiss|19/254 tox","|-supereffective|p2a: Togekiss","|-damage|p2a: Togekiss|0 fnt","|-hitcount|p2a: Togekiss|5","|faint|p2a: Togekiss","|","|-heal|p1a: Garbodor|53/262|[from] item: Black Sludge","|","|switch|p2a: Meloetta|Meloetta, L79|288/288","|-damage|p2a: Meloetta|252/288|[from] Stealth Rock","|turn|12","|","|move|p2a: Meloetta|Relic Song|p1a: Garbodor","|-damage|p1a: Garbodor|0 fnt","|-damage|p2a: Meloetta|224/288|[from] item: Life Orb","|-formechange|p2a: Meloetta|Meloetta-Pirouette|[msg]","|faint|p1a: Garbodor","|","|","|switch|p1a: Deoxys-Defense|Deoxys-Defense, L73|96/193","|-ability|p1a: Deoxys-Defense|Pressure","|turn|13","|","|move|p2a: Meloetta|Knock Off|p1a: Deoxys-Defense","|-supereffective|p1a: Deoxys-Defense","|-damage|p1a: Deoxys-Defense|0 fnt","|-enditem|p1a: Deoxys-Defense|Leftovers|[from] move: Knock Off|[of] p2a: Meloetta","|-damage|p2a: Meloetta|196/288|[from] item: Life Orb","|faint|p1a: Deoxys-Defense","|","|win|Rain ☆Panda"],"p1rating":{"entryid":404354,"formatid":"randombattle","userid":"folafola9","username":"folafola9","r":1500,"rd":130,"sigma":0,"rpr":1463.8817120122,"rprd":122.83141802352,"rpsigma":0,"rptime":1440406800,"w":0,"l":1,"t":0,"gxe":45.5,"acre":1000,"lacre":1000,"oldacre":1000},"p2rating":{"entryid":"283737","serverid":"eos","formatid":"randombattle","userid":"rainpanda","username":"Rain ☆Panda","w":2,"l":"0","t":"0","gxe":59,"r":"1540.1606143388","rd":123.03963956634,"sigma":"0","rptime":1440406800,"rpr":1572.7040131339,"rprd":116.99740510583,"rpsigma":"0","acre":1070.1028089042,"lacre":1070.1028089042,"oldacre":"1040"},"endType":"normal"}